1799 2900
478 193 632 228 LIBER
658 194 846 239 xxxur,
873 195 904 229 8.
925 195 957 229 9.
986 194 1185 239 [110191]
1458 186 1511 228 89

155 307 364 341 armatura
397 298 440 338 in
469 298 633 339 hostem
667 299 800 348 vadit,
839 299 961 339 simul
995 299 1222 339 admonens
1255 313 1347 339 cum
1377 299 1511 340 isdem
1536 314 1554 342 4

155 361 459 402 Macedonibus
485 368 757 415 pugnaturos,
786 375 888 413 quos
911 362 963 401 ad
977 361 1095 415 Epiri
1121 361 1276 410 fauces,
1303 360 1511 401 montibus

155 423 476 475 fluminibusque
503 430 689 477 saeptos,
724 423 834 463 vieta
858 423 1035 464 naturali
1061 423 1304 464 difficultate
1329 424 1513 465 locorum

157 485 415 540 expulissent
441 484 609 537 acieque
637 493 968 539 expugnassent,
995 499 1089 525 cum
1114 485 1182 534 iis,
1211 500 1313 538 quos
1339 486 1390 526 P.
1418 484 1514 526 Sul-

155 546 251 602 picii
282 546 397 601 prius
431 546 557 586 ductu
589 546 829 587 obsidentes
862 547 902 587 in
934 547 1171 588 Eordaeam
1203 547 1359 588 aditum
1391 547 1514 587 vicis-

158 618 268 650 sent:
318 609 431 649 fama
468 608 653 658 stetisse,
698 624 781 649 non
818 609 973 649 viribus
1011 609 1288 650 Macedoniae
1324 624 1513 664 regnum.

158 686 249 712 eam
279 685 442 724 quoque
474 670 628 711 famam
661 671 828 711 tandem
862 671 1095 712 evanuisse.
1157 671 1239 712 iam
1269 678 1514 726 perventum

157 734 210 774 ad
236 748 333 774 suos
358 733 400 772 in
425 733 507 773 ima
532 733 639 773 valle
666 741 822 773 stantes
850 742 956 783 erat,
996 734 1065 786 qui
1096 733 1279 774 adventu
1309 732 1514 773 exercitus

158 795 499 850 imperatorisque
531 811 717 850 pugnam
748 804 950 836 renovant
980 796 1206 851 inpetuque
1237 796 1347 836 facto
1372 811 1515 836 rursus

159 865 349 898 avertunt
374 857 549 898 hostem.
588 858 809 913 Philippus
831 873 922 898 cum
947 858 1138 899 caetratis
1161 867 1201 899 et
1223 872 1350 899 cornu
1371 858 1516 899 dextro

158 920 362 974 peditum,
394 920 541 960 robore
567 919 830 960 Macedonici
857 920 1083 969 exereitus,
1116 935 1240 972 quam
1265 920 1517 975 phalangem

160 981 376 1030 vocabant,
402 996 530 1035 prope
552 995 674 1021 cursu
700 982 753 1021 ad
778 982 941 1022 hostem
960 982 1086 1030 vadit,
1112 982 1321 1030 Nicanori,
1349 996 1400 1022 ex
1420 997 1517 1036 pur-

158 1043 316 1098 puratis
342 1043 424 1091 uni,
451 1051 497 1083 ut
521 1057 614 1083 cum
638 1043 806 1096 reliquis
828 1043 957 1097 copiis
979 1043 1199 1083 confestim
1226 1052 1422 1095 sequatur
1441 1044 1518 1083 im-

158 1113 288 1159 perat.
336 1104 482 1159 primo,
508 1112 553 1144 ut
577 1105 620 1144 in
644 1104 786 1159 iugum
812 1105 943 1145 evasit
968 1113 1009 1145 et
1034 1105 1264 1145 iacentibus
1291 1105 1347 1145 ibi
1373 1106 1515 1159 paucis

160 1166 283 1206 armis
311 1166 633 1220 corporibusque
659 1166 840 1207 hostium
861 1166 1065 1220 proelium
1087 1181 1135 1207 eo
1154 1166 1247 1207 loco
1272 1166 1401 1206 fuisse
1426 1167 1518 1221 pul-

159 1242 310 1280 sosque
346 1227 442 1267 inde
472 1228 686 1268 Romanos
723 1236 764 1268 et
793 1228 971 1282 pugnari
1007 1243 1137 1283 prope
1170 1235 1306 1268 castra
1336 1227 1518 1268 hostium

159 1289 278 1338 vidit,
313 1289 473 1343 ingenti
498 1290 651 1343 gaudio
678 1296 742 1330 est
767 1290 898 1330 elatus
909 1306 918 1339 3
969 1305 1066 1331 mox
1096 1290 1398 1344 refugientibus
1432 1290 1517 1330 suis

160 1358 200 1392 et
225 1360 377 1392 terrore
403 1366 523 1392 verso
548 1351 760 1406 paulisper
783 1352 984 1401 incertus,
1011 1367 1064 1392 an
1089 1352 1131 1392 in
1157 1360 1294 1392 castra
1317 1352 1519 1406 reciperet

161 1412 320 1467 copias,
359 1413 596 1467 trepidavit3
647 1414 795 1455 deinde
833 1422 877 1455 ut
913 1414 1274 1469 adpropinquabat
1310 1414 1441 1455 hostis
1479 1423 1519 1455 et

160 1482 449 1529 praeterquam
481 1475 592 1527 quod
623 1476 902 1516 caedebantur
934 1476 1070 1517 aversi
1103 1491 1179 1517 nec
1209 1476 1289 1517 nisi
1322 1477 1519 1517 defende-

160 1544 301 1576 rentur
332 1537 487 1577 servari
516 1545 726 1591 poterant,
763 1554 815 1578 ne
846 1538 926 1593 ipsi
958 1539 1124 1591 quidem
1155 1539 1197 1579 in
1229 1546 1317 1579 tuto
1342 1539 1424 1579 iam
1456 1554 1519 1579 re-

162 1607 305 1652 ceptus
332 1605 430 1647 erat,
459 1608 625 1639 coactus
646 1600 830 1640 nondum
851 1601 1049 1641 adsecuta
1072 1608 1190 1655 parte
1218 1616 1386 1641 suorum
1411 1600 1519 1655 peri·
1568 1620 1574 1627 ·

163 1659 299 1700 culum
320 1675 505 1701 summae
526 1676 663 1701 rerum
684 1663 833 1711 faeere,
849 1663 1006 1715 equites
1022 1663 1239 1715 levemque
1254 1675 1518 1710 armaturam,

163 1721 233 1774 qui
254 1721 295 1760 in
315 1722 469 1775 proelio
491 1722 666 1771 fuerant,
694 1723 839 1764 dextro
860 1724 902 1764 in
923 1739 1051 1764 cornu
1071 1725 1178 1765 locat
1199 1738 1291 1764 cum
1312 1723 1517 1764 caetratis.

163 1783 444 1824 *Macedonum
469 1784 721 1839 phalangem
747 1785 876 1825 hastis
903 1786 1069 1840 positis,
1103 1801 1277 1839 quarum
1302 1786 1517 1839 longitudo

163 1845 443 1900 inpedimento
481 1855 586 1895 erat,
623 1847 772 1901 gladiis
810 1862 897 1888 rem
934 1863 1077 1901 gerere
1114 1848 1240 1888 iubet.
1313 1847 1435 1887 simul
1466 1862 1517 1888 ne

163 1907 284 1947 facile
310 1916 644 1962 perrumperetur
670 1909 799 1958 acies,
828 1909 1043 1949 dimidium
1069 1910 1119 1950 de
1146 1909 1280 1950 fronte
1307 1909 1520 1963 demptum

163 1969 365 2010 introrsus
403 1970 601 2024 porrectis
640 1971 853 2012 ordinibus
892 1972 1092 2026 duplicat,
1138 1978 1183 2011 ut
1218 1971 1344 2025 longa
1380 1971 1517 2025 potius

165 2025 288 2083 quam
312 2031 396 2072 lata
422 2032 529 2073 acies
557 2040 686 2081 esset,
714 2033 836 2073 simul
862 2041 902 2074 et
928 2034 1092 2075 densari
1119 2033 1283 2075 ordines
1308 2032 1448 2082 iussit,
1475 2040 1519 2073 ut

165 2093 226 2133 vir
251 2093 351 2142 viro,
379 2109 492 2134 arma
518 2095 642 2135 armis
669 2095 952 2150 iungerentur.

248 2156 396 2197 VHH.
424 2156 643 2208 Quinctius
665 2158 728 2206 iis,
751 2158 820 2211 qui
840 2158 881 2198 in
902 2158 1058 2213 proelio
1078 2158 1254 2206 fucrant,
1273 2157 1380 2198 inter
1399 2157 1520 2211 signa

166 2227 206 2258 et
237 2218 399 2258 ordines
432 2220 612 2273 acceptis
645 2220 743 2260 tuba
774 2221 843 2260 dat
875 2221 1053 2275 signum.
1113 2235 1206 2260 raro
1244 2219 1345 2260 alias
1381 2227 1519 2260 tantus

167 2280 320 2320 clamor
352 2280 500 2325 dicitur
528 2282 570 2321 in
606 2282 806 2337 principio
844 2298 1008 2337 pugnae
1046 2290 1233 2330 exortus3
1282 2296 1378 2321 narn
1414 2281 1520 2322 sorte

167 2349 339 2394 utraque
365 2342 473 2382 acies
501 2343 622 2383 simul
647 2344 976 2392 conclamavere,
1002 2358 1078 2384 nec
1105 2343 1241 2384 solum
1266 2343 1335 2396 qui
1359 2358 1520 2397 pugna-

168 2404 279 2451 bant,
306 2403 380 2443 sed
406 2404 591 2445 subsidia
616 2405 739 2445 etiam
759 2406 908 2458 quique
935 2418 1023 2446 tum
1047 2406 1227 2446 maxime
1252 2405 1293 2445 in
1318 2405 1519 2459 proelium

168 2466 400 2506 veniebant.
461 2466 605 2507 dextro
643 2481 769 2507 cornu
804 2482 875 2507 rex
913 2467 993 2508 loci
1028 2467 1249 2522 plurimum
1286 2467 1436 2508 auxilio
1468 2482 1520 2508 ex

167 2527 274 2581 iugis
324 2527 536 2568 altioribus
584 2543 776 2583 pugnans
822 2529 1031 2578 vincebat3
1087 2529 1252 2570 sinistro
1295 2538 1383 2569 tum
1425 2543 1519 2569 eum

167 2589 346 2629 maxime
372 2589 727 2644 adpropinquante
754 2590 972 2645 phalangis
998 2598 1134 2645 parte,
1173 2605 1277 2643 quae
1302 2590 1518 2632 novissimi

169 2650 345 2706 agminis
382 2651 535 2701 fuerat,
585 2651 673 2693 sine
711 2652 793 2693 ullo
831 2652 972 2694 ordine
1016 2653 1310 2708 trepidabatur.
1381 2652 1519 2693 media

1539 499 1558 528 5

1548 1304 1587 1333 10

1549 1430 1582 1458 11

1548 1799 1585 1828 13

1548 1860 1586 1888 14
