1799 2900
177 253 194 283 9

155 499 194 529 10

154 685 188 714 11

174 1179 191 1207 [ὑ

173 2117 187 2144 *1

172 2486 189 2515 9

221 126 304 168 230
507 134 659 169 LIBER„
685 135 869 178 XXXVI,
898 135 1023 170 11.1‘2.
1054 136 1293 180 [a.u.e.563]

223 254 382 280 summa
408 245 594 292 potestas
621 245 726 286 erat,
753 238 794 278 in
821 254 937 279 suam
965 239 1210 280 sententiam
1238 241 1478 283 adduxerat.
1538 241 1573 283 is

221 316 314 341 cum
341 299 597 349 Leucadios,
635 300 746 353 quod
771 300 1035 341 Acarnaniae
1062 311 1184 356 caput
1216 312 1298 351 cst,
1337 319 1420 343 non
1454 304 1573 346 facilc

221 364 272 404 ad
299 362 573 402 defectionem
599 377 723 416 posse
749 371 935 403 cerneret
961 363 1101 417 inpelli
1126 374 1294 419 propter
1319 374 1473 406 metum
1490 367 1573 407 Ro-

220 439 366 465 manae
399 425 564 472 elassis,
597 439 702 477 quae
734 439 827 464 cum
852 425 983 465 Atilio
1014 440 1173 478 quaeve
1210 427 1317 468 circa
1351 428 1574 483 Cephalle—

221 487 329 527 niam
356 494 463 535 erat,
489 494 576 527 arte
603 501 673 527 eos
700 494 763 527 est
789 487 1027 541 adgressus.
1088 503 1183 528 nam
1209 504 1300 529 eum
1333 490 1374 530 in
1401 491 1574 531 concilio

220 549 411 596 dixisset,
447 549 599 589 tuenda
631 549 932 590 mediterranea
959 551 1220 592 Acarnaniae
1253 566 1345 592 csse
1372 561 1411 593 et
1443 553 1575 593 omni-

219 612 295 651 bus
322 611 391 663 qui
411 626 527 651 arma
547 612 702 651 ferrent
722 612 955 651 excundum
977 612 1028 652 ad
1042 612 1283 653 Bledioncm
1304 621 1343 654 et
1358 614 1573 668 Thyrium,

219 688 269 714 ne
297 674 348 713 ab
375 672 585 714 Antiocho
612 681 680 713 aut
702 673 865 713 Aetolis
892 682 1202 728 occuparentur,
1230 675 1344 715 fuere
1371 675 1440 728 qui
1466 676 1575 717 dice-

218 743 321 784 rent,
350 735 452 775 nihil
479 735 663 776 adtinere
684 735 818 775 omnis
846 735 1098 775 tumultuose
1119 735 1327 783 concitari,
1356 737 1454 777 satis
1482 752 1574 778 esse

219 797 539 852 quingentorum
582 796 794 838 hominum
838 797 1104 852 praesidium.
1182 813 1273 838 eam
1318 797 1575 840 iuventutem

218 868 383 908 nactus,
416 860 610 900 trecentis
643 859 863 908 Medione,
897 859 1085 900 ducentis
1119 860 1265 913 Thyrii
1295 859 1337 900 in
1368 861 1574 914 praesidio

217 922 376 976 positis,
403 922 445 961 id
471 921 633 976 agebat,
661 929 706 962 ut
730 936 804 977 pro
830 921 1046 963 obsidibus
1072 921 1199 962 futuri
1225 922 1412 963 venirent
1436 923 1478 963 in
1502 938 1576 978 po-

219 992 411 1024 testatem
436 984 561 1038 regis.

303 1046 410 1086 XH.
459 1046 542 1086 Per
568 1046 738 1087 eosdem
764 1046 851 1086 dies
882 1045 1009 1100 legati
1039 1045 1150 1100 regis
1175 1045 1419 1087 Medionem
1450 1061 1575 1088 vene-

218 1117 325 1148 runt.
387 1106 535 1161 quibus
568 1108 719 1148 auditis
753 1123 846 1148 cum
876 1108 918 1148 in
951 1108 1142 1149 contione
1174 1108 1371 1161 quidnam
1402 1123 1574 1163 respon-

219 1169 401 1209 dendum
437 1171 527 1224 regi
564 1179 676 1211 esset
719 1171 1021 1211 consultaretur
1058 1177 1098 1210 et
1141 1170 1208 1210 alii
1244 1171 1496 1211 manendum
1532 1171 1573 1210 in

219 1232 410 1273 Romana
436 1233 652 1281 societate,
679 1233 749 1273 alii
774 1248 857 1274 non
884 1233 1187 1287 aspernandam
1214 1232 1436 1273 amicitiam
1461 1233 1571 1287 regis

219 1305 453 1343 censerent,
492 1295 630 1335 media
661 1295 751 1335 visa
782 1303 847 1335 est
873 1294 984 1348 Clyti
1013 1295 1216 1335 sententia
1242 1309 1372 1347 eoque
1404 1303 1574 1349 accepta

218 1364 300 1404 est,
338 1365 381 1396 nt
421 1357 472 1396 ad
509 1371 651 1410 regem
688 1357 897 1397 mitterent
927 1356 1086 1410 legatos
1123 1364 1393 1411 peterentque
1426 1357 1477 1397 ab
1510 1371 1571 1405 co,

218 1426 263 1458 ut
288 1418 525 1459 Medionios
554 1432 678 1473 super
703 1427 817 1458 tanta
842 1433 885 1458 rc
912 1418 1146 1458 consultare
1171 1419 1214 1458 in
1241 1418 1413 1459 concilio
1439 1419 1573 1459 Acar—

218 1495 372 1521 nanum
398 1488 619 1534 pateretur.
663 1480 705 1520 in
731 1495 821 1520 eam
847 1480 1098 1534 legationem
1123 1480 1411 1520 Mnasilochus
1438 1488 1479 1521 et
1504 1481 1573 1534 qui

217 1542 304 1582 eius
332 1542 522 1582 factionis
550 1550 666 1582 erant,
693 1541 743 1582 de
768 1541 971 1581 industria,
992 1541 1178 1589 coniecti,
1206 1542 1311 1581 clam
1337 1542 1476 1583 missis
1503 1543 1573 1595 qui

216 1619 358 1657 regem
391 1605 612 1644 admovere
643 1604 784 1658 copias
815 1604 1022 1648 iuberent,
1062 1602 1141 1657 ipsi
1172 1604 1361 1643 terebant
1393 1612 1570 1657 tempus.

216 1664 353 1718 itaque
392 1665 561 1705 vixdum
598 1665 648 1706 iis
680 1663 860 1719 egressis
893 1664 1042 1719 legatis
1075 1664 1311 1705 Antiochus
1342 1664 1385 1704 in
1421 1665 1571 1706 finibus

217 1736 255 1768 et
282 1743 377 1768 mox
403 1728 455 1768 ad
480 1737 620 1782 portas
643 1736 747 1775 erat;
775 1734 813 1768 et
840 1727 1141 1782 trepidantibus
1168 1727 1238 1779 qui
1264 1735 1454 1781 expertes
1479 1743 1574 1783 pro-

217 1790 382 1830 ditionis
416 1791 577 1830 fuerant
619 1790 953 1843 tumultuoseque
985 1789 1242 1830 iuventutem
1273 1790 1325 1829 ad
1357 1805 1471 1830 arma
1502 1805 1574 1831 vo-

216 1853 419 1901 cantibus,
447 1854 498 1893 ab
526 1852 651 1907 Clyto
677 1862 718 1893 ct
742 1852 1007 1893 BInasilocho
1033 1852 1076 1892 in
1100 1853 1245 1893 urbem
1271 1860 1333 1893 est
1358 1853 1571 1903 inductus3

217 1923 253 1955 et
282 1915 371 1955 aliis
404 1931 479 1956 sua
504 1916 716 1956 voluntate
749 1915 1025 1956 adfluentibus
1058 1922 1170 1955 metu
1196 1916 1328 1955 coacti
1354 1915 1478 1955 etiam
1503 1915 1572 1968 qui

216 1977 517 2018 dissentiebant
547 1978 599 2018 ad
629 1993 771 2032 regem
803 1986 1096 2018 convenerunt.
1158 1992 1260 2030 quos
1292 1977 1456 2031 placida
1481 1993 1571 2018 ora-

215 2041 326 2081 tione
359 2041 521 2081 territos
554 2055 646 2081 cum
679 2040 986 2095 permulsisset,
1025 2040 1077 2080 ad
1109 2055 1225 2094 spem
1263 2040 1457 2094 vulgatae
1489 2040 1571 2081 cle-

216 2103 393 2143 mentiae
419 2103 575 2156 aliquot
599 2103 742 2157 populi
768 2102 1030 2142 Acarnaniae
1057 2102 1311 2142 defecerunt.
1367 2102 1570 2156 Thyrium

218 2180 239 2204 a
254 2165 451 2206 Medione
472 2165 682 2219 profectus
698 2164 1041 2205 estMnasilocho
1065 2164 1211 2204 eodem
1225 2172 1265 2204 et
1285 2163 1432 2218 legatis
1453 2180 1572 2219 prae-

215 2227 366 2267 missis.
428 2236 610 2267 ceterum
647 2227 810 2267 detecta
838 2226 1039 2266 Medione
1076 2226 1188 2266 fraus
1228 2226 1451 2275 cautiores,
1488 2242 1571 2268 non

217 2288 442 2329 timidiores
470 2289 725 2343 Tliyrienses
753 2288 868 2336 fecit3
902 2288 997 2329 dato
1025 2288 1132 2328 enim
1161 2288 1259 2328 haut
1284 2289 1481 2342 perplexo
1506 2303 1570 2329 re-

217 2365 388 2404 sponso,
422 2351 580 2391 nullam
612 2365 655 2391 sc
687 2366 839 2390 novam
872 2349 1113 2391 societatem
1144 2350 1224 2390 nisi
1250 2365 1301 2390 ex
1327 2350 1569 2391 auctoritate

215 2411 507 2465 imperatorum
539 2413 824 2453 Romanorum
857 2420 1119 2467 accepturos,
1157 2412 1369 2467 portisque
1403 2412 1567 2461 clausis,

216 2483 395 2513 armatos
428 2474 469 2514 in
500 2474 627 2514 muris
655 2474 962 2528 disposuerunt.
1025 2482 1065 2514 et
1090 2481 1368 2529 peroportune
1395 2475 1447 2515 ad
1473 2489 1569 2515 con-

215 2534 438 2575 firmandos
454 2536 723 2576 Acarnanum
736 2536 897 2576 animos
915 2536 993 2576 Cn.
1011 2536 1214 2577 Octavius
1230 2536 1383 2577 missus
1399 2552 1422 2576 a
1437 2535 1568 2587 Quin-

216 2595 315 2644 ctio,
355 2611 444 2636 cum
478 2598 731 2651 praesidium
764 2605 802 2638 ct
834 2612 987 2652 paucas
1022 2613 1148 2638 naves
1177 2599 1227 2639 ab
1256 2599 1307 2638 A.
1335 2597 1565 2645 Postumio,
