1799 2900
461 118 615 153 LlssER
640 118 848 161 XXXIIH,
875 118 1018 151 11---13.
1048 120 1095 162 [a.
1112 117 1149 152 C.
1166 117 1246 161 195]
1456 107 1537 149 135

181 223 420 265 voluissent.
484 221 608 262 nullis
634 221 777 270 minis,
803 221 928 262 nullis
960 221 1163 262 terriculis
1191 236 1234 262 se
1259 228 1413 269 motos,
1441 235 1536 274 spe-

180 286 307 327 rantis
346 285 446 326 satis
478 284 568 339 opis
601 293 641 324 et
678 284 819 324 auxilii
856 284 936 324 sibi
966 284 1007 324 in
1032 284 1233 325 Romanis
1260 298 1366 324 esse.
1426 282 1470 322 id
1501 282 1535 322 si

180 347 337 387 nullum
364 346 430 395 sit,
457 345 491 386 si
517 345 596 386 sibi
621 361 645 386 a
666 346 834 387 consule
854 353 1041 400 negetur,
1069 347 1168 387 deos
1194 345 1464 397 hominesque
1490 358 1534 384 se

181 408 297 449 testis
324 408 472 456 facere,
499 407 650 448 invitos
673 414 713 448 et
737 415 901 448 coactos
930 423 986 455 sc,
1013 423 1064 448 ne
1084 408 1229 448 eadem
1250 422 1354 460 quae
1371 406 1536 461 Sagun-

180 470 254 511 tini
278 470 392 525 passi
418 470 500 510 sint
524 471 751 524 patiantur,
779 470 1012 510 defecturos
1040 478 1079 510 et
1105 484 1199 510 cum
1224 469 1370 510 ceteris
1396 468 1534 523 potius

180 532 383 586 Hispanis
410 547 534 585 quam
560 532 671 572 solos
697 532 902 586 perituros
929 547 1035 572 esse.

264 594 372 635 XII,
419 595 477 634 Et
508 594 577 634 illo
610 593 778 646 quidem
809 594 875 634 die
913 593 972 634 sie
1004 594 1091 634 sine
1122 607 1323 648 responso
1361 591 1534 632 dimissi.

181 658 393 698 consulem
418 664 558 705 nocte,
592 671 698 709 quae
723 656 911 697 insecuta
942 665 1023 706 est,
1055 671 1208 710 anceps
1235 670 1333 696 cura
1358 656 1535 709 agitare:

181 719 289 760 nolle
316 720 506 759 deserere
534 719 682 767 socios,
708 719 817 759 nolle
843 719 1028 759 minuere
1055 718 1298 766 exercitum,
1332 717 1443 770 quod
1468 724 1537 757 aut

180 796 339 821 moram
373 781 451 821 sibi
484 781 536 821 ad
569 781 850 820 dimicandum
881 789 952 821 aut
981 780 1023 821 in
1049 780 1283 820 dimicando
1308 779 1537 834 periculum

184 843 345 883 adferre
376 853 532 896 posset.
605 850 685 882 stat
719 842 924 882 sententia
953 857 1036 883 non
1067 842 1252 882 minuere
1285 841 1446 895 copias,
1483 855 1535 881 ne

183 905 282 957 quid
306 904 469 945 interim
495 904 635 944 hostes
662 904 842 944 inferant
867 904 1138 958 ignominiam
1173 903 1294 944 sociis
1322 918 1439 956 spem
1464 918 1538 957 pro

181 981 224 1006 re
251 966 541 1006 ostentandam
567 974 726 1006 censet:
754 980 879 1019 saepe
905 980 1012 1005 vana
1037 980 1110 1018 pro
1137 964 1265 1013 veris,
1291 965 1472 1004 maxime
1498 965 1538 1004 in

181 1027 309 1075 bello,
348 1027 549 1075 valuisse,
589 1033 629 1066 et.
665 1027 905 1066 credentem
937 1040 980 1065 se
1013 1025 1168 1078 aliquid
1200 1025 1341 1065 auxilii
1372 1026 1537 1072 habere,

180 1088 351 1142 perinde
387 1096 510 1141 atque
548 1088 739 1136 haberet,
782 1088 874 1140 ipsa
908 1086 1060 1126 fiducia
1096 1094 1137 1126 et
1174 1087 1380 1140 sperando
1418 1094 1539 1139 atque

182 1150 372 1189 audendo
400 1158 622 1189 servatum.
682 1155 849 1203 postero
877 1148 942 1188 die
967 1147 1116 1202 legatis
1142 1148 1369 1202 respondit,
1397 1163 1539 1200 quam—

182 1225 306 1264 quam
319 1218 521 1258 vereatur,
538 1225 588 1250 ne
605 1225 700 1250 suas
717 1211 825 1250 vires
847 1209 936 1250 aliis
958 1224 1028 1250 eas
1051 1209 1353 1250 commodando
1368 1209 1538 1257 minuat,

183 1283 318 1312 tamen
352 1288 396 1313 se
432 1273 596 1312 illorum
634 1271 830 1326 temporis
863 1286 911 1312 ae
940 1271 1112 1326 periculi
1144 1271 1277 1326 inagis
1315 1286 1439 1323 quam
1477 1272 1540 1311 sui

181 1335 383 1374 rationem
425 1334 591 1374 habere.
665 1333 897 1374 denuntiari
939 1333 1116 1373 militum
1158 1333 1266 1387 parti
1308 1334 1450 1374 tertiae
1489 1349 1540 1374 ex

182 1395 372 1436 omnibus
400 1396 637 1436 cohortibus
663 1396 795 1444 iubet,
832 1403 878 1435 ut
903 1395 1060 1444 eibum,
1096 1410 1219 1448 quem
1252 1395 1294 1435 in
1324 1411 1451 1436 naves
1478 1395 1540 1435 in-

181 1466 351 1512 ponant,
378 1467 538 1498 mature
564 1465 756 1510 coquant,
783 1472 995 1510 navesque
1020 1459 1063 1497 in
1090 1458 1199 1498 diem
1225 1457 1391 1497 tertium
1416 1472 1541 1512 expe-

184 1519 261 1559 diri
296 1519 430 1560 iussit.
492 1520 594 1559 duos
633 1534 684 1559 ex
719 1519 868 1572 legatis
901 1519 1097 1573 Bilistagi
1134 1529 1257 1571 atque
1288 1519 1538 1573 Ilergetibus

184 1581 372 1621 nuntiare
398 1596 447 1620 ea
470 1580 595 1628 iubet,
622 1580 751 1620 filium
769 1581 902 1635 reguli
923 1581 1094 1621 comiter
1119 1580 1311 1621 habendo
1332 1589 1372 1620 et
1397 1595 1541 1620 mune-

184 1642 298 1683 ribus
336 1642 446 1695 apud
482 1657 525 1682 se
562 1642 722 1682 retinet.
788 1642 916 1696 legati
952 1657 1035 1683 non
1073 1650 1166 1682 ante
1203 1642 1379 1696 profecti
1416 1657 1540 1694 quam

184 1703 385 1758 inpositos
422 1703 466 1743 in
497 1718 626 1743 naves
659 1703 809 1743 milites
844 1704 1053 1743 viderunt:
1091 1703 1134 1742 id
1165 1718 1240 1757 pro
1271 1703 1383 1742 haud
1415 1704 1541 1743 dubio

184 1766 266 1805 iam
292 1765 548 1813 nuntiantes,
586 1781 669 1805 non
706 1780 803 1806 suos
836 1765 978 1813 modo,
1019 1765 1092 1805 sed
1118 1765 1242 1805 etiam
1272 1764 1403 1805 hostis
1430 1765 1542 1805 fama

185 1827 363 1868 Romani
389 1827 529 1867 auxilii
556 1827 816 1867 adventantis
842 1826 1131 1881 impleverunt.

269 1889 400 1929 XIII.
452 1888 630 1937 Consul,
664 1889 734 1929 ubi
762 1889 860 1929 satis
889 1889 1000 1941 quod
1025 1889 1067 1928 in
1094 1888 1275 1942 speciem
1300 1888 1378 1928 fuit
1402 1895 1541 1928 osten-

185 1958 315 1991 tatum
340 1959 420 1999 est,
458 1951 644 1991 revocari
669 1966 719 1991 ex
745 1951 920 1992 navibus
947 1951 1096 1991 milites
1129 1950 1260 1998 iubet3
1300 1950 1408 2004 ipse,
1447 1964 1539 1990 eum

185 2013 266 2052 iam
290 2013 332 2052 id
358 2020 520 2066 tempus
552 2013 648 2053 anni
673 2013 905 2067 adpeteret,
939 2027 1020 2065 quo
1045 2012 1133 2065 geri
1158 2027 1223 2052 res
1249 2020 1440 2066 possent,
1473 2025 1540 2051 ea-

185 2082 269 2115 stra
293 2074 468 2115 hiberna
492 2074 569 2115 tria
593 2075 706 2115 milia
731 2089 931 2128 passuum
957 2075 1008 2115 ab
1034 2074 1229 2127 Emporis
1255 2074 1406 2127 posuit.
1444 2074 1540 2113 inde

185 2151 258 2190 per
288 2136 527 2177 occasiones
561 2151 670 2177 nunc
703 2137 780 2177 hac
816 2144 951 2190 parte,
988 2150 1098 2176 nunc
1130 2136 1200 2175 illa
1230 2135 1392 2175 modico
1422 2150 1541 2190 prae-

186 2197 290 2238 sidio
323 2198 467 2238 castris
499 2199 642 2239 relicto
674 2199 920 2252 praedatum
951 2198 1101 2237 milites
1134 2196 1176 2236 in
1208 2196 1390 2237 hostium
1416 2212 1538 2250 agros

186 2259 374 2300 ducebat.
434 2267 554 2300 noete
581 2261 710 2301 ferme
742 2260 1127 2314 proficiscebantur,
1159 2267 1204 2299 ut
1230 2266 1271 2299 et
1295 2274 1419 2311 quam
1450 2259 1539 2299 1011-

185 2321 356 2376 gissime
383 2338 406 2362 a
431 2322 575 2362 castris
601 2323 872 2376 procederent
898 2330 936 2363 et
968 2321 1220 2376 inopinantis
1247 2321 1538 2375 obprimerent.

186 2393 226 2423 et
251 2383 469 2423 exercebat
495 2398 543 2424 ea
567 2399 633 2424 res
660 2399 791 2424 novos
818 2384 988 2432 milites,
1022 2391 1061 2423 et
1093 2383 1274 2423 hostium
1300 2398 1452 2437 magna
1477 2383 1538 2423 vis

186 2445 486 2499 excipiebatur3
524 2461 601 2486 nee
631 2446 713 2486 iam
746 2446 889 2500 egredi
922 2456 1038 2486 extra
1068 2444 1325 2485 munimenta
1349 2445 1540 2485 castello-

1563 728 1581 757 10

1568 1530 1583 1557 λΙ

1566 1964 1584 1991 [ὗ

184 2522 277 2547 rum
303 2508 522 2549 audebant.
571 2508 641 2549 ubi
671 2509 893 2549 admodum
921 2516 961 2548 et
987 2522 1155 2548 suorum
1181 2515 1221 2548 et
1245 2507 1426 2547 hostium
1452 2507 1540 2547 ani-
1563 2518 1583 2547 4

186 2585 276 2612 mos
313 2579 375 2611 est
414 2579 628 2624 expertus,
668 2570 888 2611 convocari
924 2570 1110 2611 tribunos
1147 2570 1463 2624 praefectosque
1500 2579 1540 2609 et
