1799 2900
458 126 611 161 LIBER
635 127 802 171 xxxv,
827 127 878 161 31.
901 126 955 161 32.
984 128 1032 169 [a.
1048 125 1182 168 O.192]
1419 114 1498 155 201

149 234 398 288 Magnetum
428 230 703 283 factionisque
729 230 817 270 eius
844 229 1012 283 quidam
1040 228 1178 270 omnia
1202 227 1346 269 novari
1372 228 1504 268 Aeto-

148 296 282 337 lorum
307 293 589 346 Antiochique
621 293 801 333 adventu
832 293 1054 332 malebant.
1116 291 1316 332 adversus
1342 305 1413 331 eos
1445 289 1503 330 ita

150 358 437 399 disserendum
468 364 574 404 erat,
611 370 663 395 ne
695 355 884 396 timorem
916 370 1069 395 vanum
1098 354 1148 394 iis
1176 353 1380 394 demendo
1406 368 1502 407 spes

148 418 280 460 incisa
303 419 547 473 Philippum
574 417 844 465 abalienaret,
876 417 919 456 in
944 431 1024 469 quo
1049 417 1142 471 plus
1176 416 1229 456 ad
1254 414 1392 456 onmia
1416 430 1504 455 mo-

149 481 278 522 menti
303 495 427 533 quam
451 481 494 520 in
506 479 777 533 Elagnetibus
806 487 929 519 esset.
972 479 1042 518 illa
1067 486 1228 518 tantum
1253 491 1504 518 commemo-

149 552 258 592 rata,
297 557 391 582 cum
417 550 546 583 totam
573 541 795 582 Graeciam
820 540 1021 581 beneficio
1046 540 1248 580 libertatis
1281 539 1504 579 obnoxiam

149 604 351 646 Romanis
367 618 473 653 esse,
500 611 588 644 tum
609 618 700 643 eam
721 603 928 643 civitatem
950 603 1190 656 praecipue:
1216 601 1273 641 ibi
1293 600 1402 641 enim
1420 616 1504 641 non

150 667 403 723 praesidium
427 667 551 707 modo
573 666 854 706 RIacedonum
880 665 1030 714 fuisse,
1058 665 1132 705 sed
1155 664 1314 718 regiam
1341 663 1507 704 exaedi-

150 730 328 778 ficatam,
354 736 399 768 ut
423 743 620 783 praesens
648 743 811 782 semper
836 727 877 767 in
902 727 1030 767 oculis
1058 726 1272 766 habendus
1300 732 1411 766 essct
1436 725 1508 765 do-

151 792 301 831 minus.
340 798 523 831 ceterum
548 789 799 842 nequiquam
825 804 873 829 ea
898 789 1020 837 facta,
1049 788 1083 828 si
1096 787 1237 827 Aetoli
1250 786 1507 827 Antiochum

151 853 194 893 in
212 852 397 907 Philippi
421 852 580 906 regiam
607 852 860 892 adducerent
885 859 926 890 et
950 865 1082 890 novus
1109 858 1149 889 et
1173 848 1409 903 incognitus
1431 863 1506 902 pro

153 923 292 955 vetere
330 924 370 955 et
410 923 579 968 experto
617 913 832 953 habendus
870 927 943 952 rex
980 919 1104 951 esset.
1175 910 1508 964 Magnetarchen

155 991 363 1017 summum
389 975 680 1030 magistratum
712 982 874 1014 vocant.
934 973 969 1013 is
997 982 1082 1012 tum
1108 972 1372 1026 Eurylochus
1406 979 1506 1012 erat.

154 1053 202 1078 ac
227 1046 432 1093 potestate
458 1052 506 1077 ea
530 1037 660 1076 fretus
687 1036 857 1089 negavit
883 1034 1228 1075 dissimulandum
1255 1034 1332 1073 sibi
1359 1042 1396 1074 ct
1411 1034 1509 1072 Ma-

154 1101 347 1155 gnetibus
369 1114 474 1147 csse,
501 1113 606 1151 quae
627 1098 738 1137 fama
754 1097 921 1150 vulgata
943 1097 992 1136 de
1012 1096 1223 1136 reddenda
1238 1095 1508 1135 Demetriade

153 1162 349 1216 Philippo
376 1162 501 1202 foret:
527 1161 569 1199 id
595 1174 645 1199 ne
664 1160 793 1207 fieret,
820 1159 957 1198 omnia
979 1166 1019 1198 et
1044 1158 1232 1198 conanda
1252 1166 1292 1197 et
1318 1157 1508 1197 audenda

152 1223 426 1278 lllagnctibus
442 1237 548 1262 esse.
564 1230 602 1261 ct
617 1222 723 1261 inter
738 1220 900 1260 dicendi
916 1219 1220 1260 contentionem
1236 1218 1509 1259 inconsultius

154 1293 322 1326 evectus
348 1284 532 1339 proiecit,
561 1292 647 1323 tum
667 1297 830 1336 quoque
852 1282 988 1336 specie
1009 1281 1182 1322 liberam
1196 1280 1510 1321 Demetriadem

155 1362 261 1395 esse,
287 1361 331 1386 re
358 1361 455 1386 vera
480 1345 617 1386 onmia
644 1345 696 1385 ad
720 1352 866 1384 nutum
880 1344 1166 1384 Romanorum
1191 1343 1292 1383 fieri.
1332 1343 1407 1382 sub
1434 1342 1511 1382 hac

154 1422 256 1449 voce
282 1408 470 1448 fremitus
492 1407 689 1448 variantis
710 1406 985 1446 multitudinis
1012 1405 1089 1445 fuit
1113 1405 1264 1459 partim
1285 1405 1511 1444 adsensum

155 1471 305 1525 partim
335 1471 683 1525 indignationem,
722 1470 858 1510 dicere
891 1469 933 1508 id
958 1483 1107 1508 ausum
1138 1483 1250 1516 cum3
1289 1467 1510 1519 Quinctius

157 1533 323 1584 quidem
355 1532 456 1573 adeo
488 1532 643 1572 exarsit
673 1532 750 1580 ira,
788 1540 832 1571 ut
868 1545 1016 1570 manus
1049 1530 1102 1569 ad
1139 1530 1298 1570 caelum
1335 1529 1510 1569 tendens

158 1594 257 1634 deos
284 1602 411 1634 testes
437 1593 589 1647 ingrati
615 1608 662 1634 ac
687 1593 835 1648 perfidi
860 1592 986 1632 animi
1011 1592 1261 1645 BIagnetum
1287 1590 1510 1630 invocaret.

158 1656 236 1696 hac
261 1670 361 1696 voce
392 1655 619 1710 perterritis
647 1655 857 1702 omnibus,
892 1655 1006 1693 Zeno
1033 1668 1084 1693 ex
1109 1653 1365 1707 principibus
1391 1666 1511 1700 unus,

159 1732 335 1772 magnae
362 1731 455 1757 cum
481 1718 533 1757 ob
561 1717 772 1771 eleganter
798 1724 932 1756 actam
965 1715 1092 1754 vitam
1119 1714 1393 1762 auctoritatis,
1426 1721 1514 1753 tum

159 1780 270 1833 quod
301 1794 464 1833 semper
494 1779 779 1819 Romanorum
811 1778 923 1817 haud
954 1777 1077 1816 dubie
1108 1777 1237 1830 partis
1269 1776 1422 1824 fuerat,
1461 1774 1513 1815 ab

159 1841 356 1893 Quinctio
371 1841 602 1895 legatisque
618 1840 707 1880 aliis
726 1840 829 1880 flens
844 1839 959 1893 petit,
975 1854 1026 1879 ne
1040 1838 1162 1878 unius
1179 1837 1400 1878 amentiam
1415 1836 1514 1876 civi-

160 1904 234 1944 tati
258 1903 545 1958 adsignarent:
573 1918 648 1943 suo
669 1917 873 1955 quemque
899 1901 1081 1956 periculo
1107 1901 1256 1940 furere.
1288 1899 1514 1954 Magnetas

159 1981 243 2006 non
267 1965 499 2005 libertatem
524 1965 666 2013 modo,
695 1965 768 2004 sed
794 1964 949 2012 omnia,
978 1978 1083 2016 quae
1109 1962 1344 2003 hominibus
1372 1968 1516 2002 sancta

161 2042 336 2080 caraque
358 2028 452 2077 sint,
473 2027 523 2068 Τ.
540 2027 736 2079 Quinctio
757 2034 797 2067 et
822 2026 975 2081 populo
989 2026 1179 2066 Romano
1206 2025 1369 2065 debere.
1412 2024 1513 2064 nihi]

161 2104 410 2143 quemquam
437 2090 488 2130 ab
517 2089 593 2130 diis
620 2089 908 2130 inmortalibus
935 2088 1095 2143 precari
1120 2102 1264 2142 posse,
1297 2087 1407 2140 quod
1432 2102 1515 2127 non

160 2152 385 2206 B‘Iagnetes
419 2153 470 2192 ab
501 2151 581 2191 illis
608 2151 828 2197 haberent,
868 2159 907 2191 et
932 2151 973 2190 in
1000 2165 1173 2203 corpora
1198 2164 1272 2189 sua
1298 2148 1416 2189 citius
1442 2163 1516 2203 per

161 2214 342 2253 furorem
364 2214 592 2253 saevituros
610 2227 733 2265 quam
754 2221 797 2252 ut
811 2213 1045 2253 Romanam
1061 2211 1283 2251 amicitiam
1302 2210 1515 2251 violarent.

246 2274 452 2315 XXXII.
479 2275 618 2315 Huius
634 2275 859 2315 orationem
877 2275 1123 2314 subsecutae
1138 2272 1409 2312 multitudinis
1424 2287 1517 2326 pre-

163 2351 231 2377 ces
253 2344 360 2377 sunt.
398 2336 661 2390 Eurylochus
677 2352 728 2376 ex
743 2336 914 2377 concilio
936 2336 1149 2375 itineribus
1166 2335 1337 2375 occultis
1352 2335 1405 2374 ad
1424 2350 1520 2389 por-

164 2406 247 2439 tam
273 2406 394 2451 atque
420 2398 515 2438 inde
540 2398 727 2452 protinus
753 2398 795 2437 in
819 2398 1030 2438 Aetoliam
1055 2397 1258 2451 profugit3
1284 2397 1367 2436 iam
1393 2396 1515 2444 enim,

163 2468 204 2501 et
228 2460 270 2500 id
295 2460 427 2514 magis
454 2460 496 2499 in
523 2460 624 2507 dies,
651 2460 791 2500 Aetoli
819 2460 1095 2500 defectionem
1120 2459 1346 2500 nudabant.
1386 2473 1517 2511 eoque

163 2523 254 2577 ipso
270 2532 452 2577 tempore
466 2523 571 2563 forte
587 2522 728 2563 Thoas
743 2522 934 2576 princeps
950 2522 1099 2575 gentis,
1116 2535 1238 2574 quem
1252 2520 1451 2561 miserant
1465 2520 1518 2560 ad

167 2584 432 2634 Antiochum,
458 2584 632 2634 redibat,
653 2584 831 2637 indeque
849 2584 1098 2639 Menippum
1126 2597 1266 2624 secum
1289 2583 1516 2623 adduxerat

1531 305 1546 333 7

1540 1354 1578 1382 13

1540 1664 1581 1694 14

1541 1848 1580 1879 15

1542 2037 1581 2067 16

1545 2287 1560 2316 1

1543 2409 1562 2429 ί)

1544 2429 1561 2438 u
