1799 2900
200 413 211 441 1
218 412 238 440 ι’)

220 1406 238 1433 ΚΟ

222 2210 238 2239 6

225 2335 240 2363 7

223 2582 243 2613 8

262 160 346 201 242
546 166 699 200 LIBER
723 166 907 208 XXXVI,
933 167 986 200 24.
1006 166 1060 201 25.
1088 169 1136 210 [a.
1151 178 1184 201 u.
1201 178 1230 201 e.
1255 166 1337 211 563]

262 280 379 328 parte
400 271 575 311 militum
598 269 741 310 consul
763 270 814 310 ab
835 270 936 310 urbe
956 284 1201 311 escensurus
1222 271 1261 310 in
1283 285 1432 320 arcem,
1455 270 1619 325 signum

263 335 314 375 ab
340 334 408 381 iis,
435 332 505 385 qui
531 332 582 372 ab
609 338 725 385 tergo
751 331 792 371 in
817 346 963 386 rupem
987 332 1150 373 evasuri
1176 340 1311 381 erant,
1339 333 1619 388 exspectabat.

263 413 345 438 non
376 396 505 437 tulere
538 394 607 448 qui
640 395 681 434 in
713 408 806 434 aree
838 402 954 434 erant
985 395 1125 435 Aetoli
1156 396 1334 449 primum
1373 411 1514 436 eorum
1551 396 1620 448 qui

262 473 409 513 rupem
435 464 632 512 ceperant
660 457 901 505 clamorem,
934 456 1082 497 deinde
1114 457 1299 511 inpetum
1331 459 1381 498 ab
1408 458 1509 498 urbe
1536 458 1621 498 Ro-

262 535 496 568 manorum,
535 527 575 560 et
606 518 747 559 fractis
780 519 861 558 iam
894 518 1041 559 animis
1075 526 1115 559 et
1145 519 1257 559 nulla
1288 519 1343 559 ibi
1375 527 1622 574 praeparata

197 597 210 626 1
261 598 304 623 re
331 583 384 623 ad
409 582 670 624 obsidionem
695 582 848 622 diutius
875 582 1148 631 tolerandam,
1188 590 1329 636 utpote
1357 584 1619 638 congregatis

262 645 426 685 feminis
453 644 676 700 puerisque
702 652 742 684 et
767 643 907 684 inbelli
934 644 1013 684 alia
1038 645 1157 685 turba
1182 645 1222 684 in
1244 660 1393 693 arcem,
1421 660 1526 698 quae
1553 646 1621 686 vix

262 722 428 762 capere,
460 707 614 747 nedum
640 706 744 747 tueri
769 706 1076 747 multitudinem
1102 714 1259 747 tantam
1284 716 1445 762 posset3
1484 709 1622 762 itaque

263 770 316 810 ad
340 769 517 824 primum
543 770 729 824 inpetum
755 768 926 809 abiectis
959 769 1082 809 armis
1115 769 1360 809 dediderunt
1387 785 1492 811 sese.
1542 779 1623 812 tra-

262 831 371 872 ditus
410 831 515 872 inter
552 838 710 871 eeteros
749 830 941 885 princeps
972 831 1219 871 Aetolorum
1246 831 1513 872 Damocritus
1547 839 1623 881 est,

263 893 331 946 qui
356 893 559 948 principio
585 893 682 934 belli
703 893 914 933 decretum
929 893 1196 942 Aetolorum,
1225 908 1304 946 quo
1327 895 1623 935 accersendum

262 955 520 996 Antiochum
546 962 811 1004 censuerant,
838 955 888 996 T.
905 955 1102 1007 Quinctio
1121 955 1308 1010 poscenti
1334 956 1622 1011 responderat:

263 1017 304 1057 in
329 1018 452 1058 Italia
478 1018 690 1067 daturum,
730 1032 822 1057 eum
849 1025 985 1058 eastra
1010 1017 1065 1057 ibi
1091 1017 1234 1057 Aetoli
1258 1018 1510 1071 posuissent.
1570 1019 1623 1059 ob

265 1093 355 1119 eam
382 1079 579 1119 ferociam
605 1079 738 1119 maius
766 1078 990 1120 victoribus
1016 1080 1214 1134 gaudium
1241 1080 1415 1121 traditus
1442 1079 1532 1121 fuit.

348 1141 500 1183 XXV.
536 1142 699 1182 Eodem
719 1149 917 1196 tempore,
940 1157 1020 1195 quo
1040 1142 1218 1183 Romani
1241 1143 1504 1192 Heracleam,
1523 1142 1624 1183 Phi-

263 1203 400 1258 lippus
427 1203 620 1242 Lamiam
647 1218 698 1243 ex
724 1203 953 1257 composito
979 1204 1266 1258 obpugnabat,
1294 1205 1402 1245 eirea
1421 1204 1623 1245 Thermo-

263 1265 383 1319 pylas
411 1279 504 1305 cum
530 1265 698 1305 consule
723 1265 922 1305 redeunte
949 1280 999 1305 ex
1013 1266 1208 1315 Boeotia,
1235 1274 1279 1306 ut
1306 1266 1519 1306 victoriam
1545 1266 1624 1320 ipsi

264 1327 499 1381 populoque
513 1326 704 1367 Romano
725 1327 1000 1380 gratularetur
1022 1337 1333 1381 excusaretque,
1350 1328 1459 1381 quod
1479 1329 1623 1368 morbo

264 1389 471 1443 inpeditus
498 1388 606 1429 bello
633 1404 715 1428 non
735 1389 1009 1437 interfuisset,
1037 1403 1299 1444 congressus.
1348 1390 1444 1430 inde
1471 1390 1622 1430 diversi

266 1451 318 1491 ad
344 1451 447 1491 duas
475 1451 597 1490 simul
623 1451 925 1505 obpugnandas
952 1452 1075 1491 urbes
1101 1452 1288 1505 profecti.
1328 1452 1531 1492 intersunt
1559 1468 1623 1493 se-

265 1520 378 1568 ptem
414 1513 528 1553 milia
564 1513 693 1553 ferme
725 1528 945 1567 passuum3
984 1520 1024 1553 et
1056 1513 1151 1565 quia
1182 1514 1333 1554 Lamia
1364 1528 1456 1553 cum
1487 1514 1624 1568 posita

265 1583 328 1615 est
352 1575 395 1615 in
420 1575 597 1623 tumulo,
624 1584 711 1615 tum
735 1575 949 1629 regionem
975 1575 1153 1616 maxime
1181 1575 1316 1616 Oetae
1345 1570 1523 1629 spectat,
1550 1590 1624 1629 op-

264 1637 362 1692 pido
400 1652 523 1690 quam
560 1637 685 1678 breve
722 1637 985 1678 intervallum
1022 1637 1184 1677 videtur
1215 1646 1255 1678 et
1285 1638 1423 1678 omnia
1454 1637 1495 1677 in
1528 1651 1625 1677 eon-

266 1708 411 1754 spectu
438 1706 546 1739 sunt.
608 1713 701 1739 cum
727 1699 866 1748 enixe,
900 1699 1013 1739 velut
1037 1699 1249 1754 proposito
1275 1699 1511 1748 certamine,
1538 1699 1624 1740 Ro-

265 1761 377 1802 mani
402 1761 743 1815 Macedonesque
770 1761 879 1801 diem
906 1775 953 1802 ac
977 1770 1142 1802 noctem
1169 1769 1238 1802 aut
1263 1760 1305 1801 in
1331 1761 1525 1816 operibus
1551 1769 1625 1801 aut

264 1824 307 1863 in
331 1823 497 1878 proeliis
526 1832 679 1873 essent,
706 1823 785 1864 hoc
810 1823 940 1864 maior
961 1823 1182 1864 difficultas
1197 1823 1501 1864 Macedonibus
1523 1830 1623 1872 erat,

265 1885 377 1939 quod
402 1885 582 1926 Romani
614 1901 767 1940 aggere
794 1894 835 1927 et
866 1886 997 1926 vineis
1031 1893 1071 1926 et
1096 1886 1286 1927 omnibus
1325 1901 1449 1940 supra
1475 1894 1625 1926 terram

266 1948 480 2002 operibus,
519 1948 664 1989 subtus
694 1949 953 1989 Elaeedones
991 1948 1190 1988 cuniculis
1228 1948 1547 2002 obpugnabant3
1585 1955 1625 1988 et

265 2010 307 2049 in
333 2010 490 2064 asperis
524 2010 625 2051 locis
659 2010 763 2051 silex
795 2025 919 2064 saepe
951 2009 1262 2064 inpenetrabilis
1296 2010 1404 2050 ferro
1431 2009 1625 2049 obcurre-

265 2073 347 2113 bat.
411 2082 451 2113 et
477 2087 570 2113 cum
595 2088 742 2128 parum
774 2073 1017 2126 procederet
1047 2072 1275 2127 inceptum,
1308 2087 1381 2126 per
1407 2071 1626 2124 conloquia

265 2134 495 2189 principum
523 2135 752 2190 oppidanos
786 2135 1015 2189 temptabat
1039 2150 1132 2183 rex,
1165 2141 1208 2174 ut
1239 2134 1385 2174 urbem
1412 2133 1624 2182 dederent,

266 2197 376 2237 haud
397 2198 560 2247 dubius,
587 2198 698 2251 quin,
726 2197 761 2238 si
784 2197 898 2252 prius
914 2197 1121 2237 Heraclea
1142 2204 1263 2251 capta
1288 2197 1406 2243 foret,
1422 2195 1624 2236 Romanis

267 2275 310 2300 se
336 2260 474 2314 potius
496 2275 620 2313 quam
641 2260 720 2301 sibi
742 2259 919 2300 dedituri
944 2266 1082 2299 essent
1105 2273 1304 2311 suamque
1331 2258 1508 2312 gratiam
1528 2272 1626 2298 eon-

268 2323 331 2362 sul
357 2322 398 2362 in
419 2323 635 2364 obsidione
660 2323 874 2363 liberanda
899 2323 1084 2362 facturus
1107 2329 1230 2362 esset.
1268 2335 1344 2361 nec
1371 2336 1465 2361 eum
1486 2320 1624 2375 opinio

267 2392 331 2424 est
355 2385 571 2434 frustrata3
605 2385 825 2426 confestim
852 2385 961 2425 enim
987 2386 1039 2424 ab
1065 2384 1274 2424 Heraclea
1306 2390 1427 2437 capta
1457 2382 1623 2423 nuntius

268 2447 391 2495 venit,
418 2456 463 2488 ut
489 2448 800 2503 obpugnatione
827 2447 1065 2488 absisteret:
1094 2446 1264 2499 aequius
1292 2460 1384 2486 esse
1410 2445 1624 2486 Romanos

268 2508 430 2557 milites,
458 2511 527 2562 qui
554 2511 639 2551 acie
667 2511 948 2559 dimicassent,
976 2510 1119 2562 (quam
1141 2508 1336 2561 Aetolos)
1363 2506 1547 2562 praemia
1565 2505 1626 2546 vi-

269 2570 419 2610 ctoriae
447 2571 610 2613 habere.
643 2573 700 2613 ita
724 2587 935 2613 recessum
962 2572 1013 2612 ab
1039 2570 1190 2611 Lamia
1215 2579 1277 2611 est
1304 2577 1342 2610 et
1368 2569 1624 2623 propinquae

273 2632 388 2673 clade
415 2634 527 2674 urbis
554 2634 646 2688 ipsi,
675 2650 726 2675 ne
753 2634 852 2687 quid
879 2634 1011 2675 simile
1037 2640 1288 2687 paterentur,
1316 2631 1562 2684 effugerunt.
