1799 2900
228 124 311 165 316
514 132 663 166 LIBER
689 131 914 176 XXXVIII,
944 133 970 165 1.
992 132 1023 167 9.
1052 135 1097 175 [a.
1115 145 1149 167 u.
1166 133 1290 178 65135]

229 236 349 275 simul
381 235 481 275 loeis
513 234 721 289 praesidia
750 234 1031 276 Macedonum
1063 237 1237 291 expulsa
1268 237 1509 291 litteraeque
1540 238 1581 278 111

227 298 327 338 1111113
354 298 476 337 urbes
502 296 659 350 passim
686 296 894 346 dimissae,
921 305 966 337 ut
992 297 1247 339 vindicarent
1273 314 1365 340 sese
1391 300 1444 340 ab
1464 299 1581 354 inpo-

227 359 326 399 tenti
358 358 636 399 dominatione
667 358 851 413 Philippi
883 367 922 399 et
953 360 1216 401 restituerent
1247 361 1288 401 111
1325 362 1503 415 patrium
1535 375 1581 402 ac

163 435 200 464 10
226 420 456 474 legitimum
503 435 692 474 regnum.
770 420 952 474 undique
999 421 1255 463 Macedones
1306 424 1579 478 expelluntur.

226 481 404 521 Theium
442 482 641 536 oppidum
676 481 822 522 litteris
861 498 884 523 a
920 482 1102 524 Xenone
1138 486 1348 539 praesecto
1386 485 1581 540 praesidii

226 543 462 598 interceptis
496 551 536 584 et
567 558 660 584 arce
692 544 744 583 ab
775 543 899 597 regiis
933 553 1132 599 occupata
1162 561 1317 600 paucos
1350 547 1437 587 dies
1470 548 1581 588 obsi-

161 621 195 649 11
226 605 418 646 dentibus
444 605 611 654 restitit3
645 605 793 646 deinde
823 605 866 645 id
891 620 1053 659 quoque
1087 608 1281 648 traditum
1306 609 1580 662 Amynandro

225 674 305 717 est,
333 676 373 708 61
398 668 531 709 61111113
558 668 814 709 Athamania
838 669 880 709 in
905 677 1111 723 potestate
1143 679 1229 711 erat
1261 681 1423 725 praeter
1447 673 1581 714 Athe-

226 746 376 771 naeum
401 731 630 780 castellum,
657 731 808 772 finibus
834 731 1110 773 Macedoniae
1138 733 1382 775 subiectum.

184 807 195 834 1
308 794 366 833 H.
414 793 633 848 Philippus
660 794 800 834 audita
826 793 1057 835 defectione
1082 794 1362 837 Athamaniae
1388 810 1482 836 611111
1508 811 1580 837 sex

224 854 389 895 milibus
416 862 669 896 armatorum
700 855 910 909 profectus
942 855 1101 910 ingenti
1127 857 1335 898 celeritate
1363 856 1580 912 Gomphos

180 931 197 958 2
222 917 421 971 pervenit.
459 917 515 958 ibi
539 918 683 958 relicta
707 917 862 958 maiore
887 927 1003 972 parte
1030 919 1234 959 exereitus
1249 934 1451 973 —neque
1472 921 1581 961 enim

223 978 277 1018 ad
301 985 415 1020 tanta
440 979 586 1020 itinera
612 980 861 1020 subficerent
878 1004 935 1009 —-
953 994 1047 1020 611111
1073 980 1234 1021 duobus
1260 981 1426 1023 milibus
1446 982 1581 1023 Athe-

223 1056 385 1090 naeum,
412 1041 523 1094 quod
548 1056 676 1081 unum
702 1057 725 1082 a
750 1042 957 1096 praesidio
985 1057 1059 1083 suo
1084 1050 1289 1083 retentum
1315 1043 1461 1093 fuerat,
1488 1060 1581 1099 per-

179 1116 197 1145 3
224 1103 348 1143 venit.
392 1104 487 1144 inde
512 1104 710 1158 proximis
733 1104 942 1158 temptatis
966 1119 1059 1145 611111
1079 1105 1199 1146 facile
1220 1106 1580 1148 animadvertisset

224 1172 361 1206 cetera
392 1165 558 1206 hostilia
589 1181 701 1215 esse,
730 1166 948 1220 Gomphos
981 1182 1198 1221 regressus
1225 1169 1416 1209 omnibus
1450 1170 1578 1223 copiis

179 1240 197 1267 4
225 1226 346 1267 simul
370 1226 412 1267 in
432 1227 730 1268 Athamaniam
751 1228 868 1269 redit.
906 1228 1133 1269 Xenonem
1153 1230 1248 1270 inde
1269 1245 1362 1270 cum
1381 1231 1491 1271 mille
1506 1247 1579 1285 pe-

224 1288 376 1329 ditibus
408 1289 685 1343 praemissum
715 1290 942 1344 Ethopiam
974 1305 1175 1345 occupare
1208 1292 1339 1341 iubet,
1377 1302 1578 1350 oportune

178 1364 197 1392 5
224 1349 453 1403 Argitheae
489 1350 778 1401 inminente1n;
815 1366 938 1405 quem
970 1353 1040 1392 ubi
1079 1353 1208 1393 teneri
1242 1355 1293 1394 ab
1325 1354 1409 1395 suis
1441 1355 1576 1396 Iocum

224 1412 342 1461 vidit,
369 1412 449 1467 ipsi
474 1413 582 1454 circa
608 1414 808 1468 templum
832 1414 945 1455 Iovis
972 1415 1125 1456 Acraei
1150 1416 1289 1470 posuit
1314 1425 1460 1458 castra.
1521 1417 1577 1458 ibi

221 1488 351 1514 111111111
376 1475 484 1515 diem
510 1475 633 1516 foeda
659 1483 905 1530 tempestate
930 1484 1128 1526 retentus,
1155 1486 1321 1532 postero
1342 1479 1406 1519 die
1428 1479 1577 1520 ducere

178 1548 195 1577 6
222 1536 274 1576 ad
310 1536 560 1591 Argitheam
601 1538 789 1578 intendit.
862 1538 1054 1579 euntibus
1099 1540 1306 1594 extemplo
1350 1541 1577 1596 adparuere

226 1597 483 1639 Athamanes
509 1599 551 1639 in
576 1600 756 1640 tumulos
788 1599 1026 1641 inminentis
1061 1601 1151 1642 viae
1177 1602 1468 1644 discurrentes.
1523 1605 1577 1644 ad

221 1674 396 1712 quorum
443 1668 713 1716 conspectum
760 1662 981 1703 constitere
1030 1663 1163 1717 prima
1212 1664 1358 1719 signa,
1407 1673 1575 1719 totoque

179 1735 193 1762 7
222 1721 386 1775 agmine
411 1737 541 1777 pavor
567 1730 607 1763 et
632 1723 850 1778 trepidatio
877 1732 982 1773 erat3
1015 1733 1056 1765 et
1078 1740 1154 1779 pro
1186 1741 1229 1767 se
1256 1727 1430 1780 quisque
1460 1728 1578 1780 quid-

219 1799 316 1825 nam
340 1785 525 1826 futurum
545 1793 657 1827 esset
678 1786 873 1841 cogitare,
901 1788 936 1827 si
960 1787 1003 1828 in
1024 1788 1152 1829 valles
1174 1789 1381 1831 subiectas
1403 1791 1576 1845 rupibus

175 1855 194 1885 S
220 1862 371 1900 agmen
396 1847 504 1888 foret
529 1848 769 1889 demissum.
827 1848 930 1890 haec
956 1850 1217 1891 tumultuatio
1242 1866 1385 1906 regem
1410 1852 1577 1907 cupien-

219 1920 315 1957 tem,
343 1910 378 1949 si
397 1924 441 1950 se
462 1918 745 1963 sequerentur,
765 1910 915 1966 raptim
931 1912 1106 1953 evadere
1127 1913 1354 1967 angustias,
1380 1928 1575 1955 revocare

218 1972 372 2026 primos
405 1980 446 2013 et
481 1974 627 2014 eadem
658 1989 739 2027 qua
775 1982 944 2015 venerat
980 1975 1046 2016 via
1081 1976 1235 2016 referre
1268 1977 1404 2031 coegit
1441 1977 1574 2031 signa.

174 2044 191 2072 9
217 2034 478 2075 Athamanes
505 2035 638 2089 primo
665 2051 716 2076 ex
740 2036 957 2078 intervallo
983 2037 1111 2089 quieti
1136 2039 1433 2091 sequebantur3
1459 2047 1574 2093 post-

218 2110 342 2148 quam
366 2097 509 2138 Aetoli
546 2113 589 2138 se
621 2099 941 2147 coniunxerunt,
979 2098 1075 2148 hos,
1112 2107 1156 2140 ut
1187 2100 1238 2140 ab
1271 2108 1387 2155 tergo
1420 2101 1574 2155 agmini

218 2159 431 2208 instarent,
456 2159 723 2212 reliquerunt,
750 2161 829 2215 ipsi
850 2161 901 2201 ab
926 2160 1123 2201 lateribus
1145 2176 1188 2202 se
1210 2162 1573 2212 circumfuderunt,

154 2230 192 2259 10
218 2221 384 2273 quidam
408 2237 482 2276 per
506 2230 626 2263 notas
655 2223 779 2264 calles
806 2223 994 2264 breviore
1021 2223 1089 2264 via
1113 2224 1350 2279 praegressi
1375 2225 1573 2266 transitus

217 2281 425 2332 insedere,
452 2292 694 2338 tantumque
719 2286 919 2326 tumultus
944 2286 1250 2327 Macedonibus
1277 2294 1338 2327 est
1364 2286 1571 2336 iniectum,

217 2352 261 2384 ut
286 2344 410 2400 fugae
430 2346 563 2401 magis
586 2348 744 2388 effusae
767 2362 891 2400 quam
915 2347 1073 2388 itineris
1094 2348 1271 2389 ordinati
1290 2349 1413 2390 nlodo
1431 2349 1571 2390 multis

155 2416 189 2444 11
218 2406 341 2446 armis
373 2407 553 2460 virisque
583 2409 737 2449 relictis
768 2409 922 2449 fiumen
951 2407 1041 2464 [...]
1075 2410 1320 2451 traiecerint.
1381 2410 1448 2451 hic
1478 2410 1570 2451 finis

218 2470 417 2519 sequendi
443 2470 530 2511 fnit.
578 2471 674 2512 inde
700 2478 786 2512 tuto
806 2472 1063 2512 Macedones
1087 2471 1304 2526 Gomphos
1331 2479 1371 2512 et
1395 2488 1419 2513 a
1441 2471 1570 2513 Gom-

156 2539 192 2568 12
218 2528 310 2581 phis
347 2530 388 2569 in
423 2531 717 2573 Macedoniam
754 2533 977 2574 redierunt.
1048 2534 1308 2574 Athamanes
1346 2534 1569 2586 Aetolique

221 2589 439 2643 Ethopiam
468 2593 519 2632 ad
539 2593 763 2635 Xenonem
789 2610 837 2635 ae
864 2595 973 2635 mille
992 2595 1249 2636 BIacedonas
1276 2595 1566 2649 obprimendos
