1799 2900
458 209 610 244 LIBER
633 209 784 253 XXXI,
812 210 865 244 32.
885 210 940 245 33.
969 212 1018 254 [a.
1035 209 1072 245 C.
1087 210 1169 253 ⁶200]
1441 199 1495 241 29

140 315 241 363 eius,
263 313 378 354 cuius
398 313 488 368 ipse
508 312 788 354 maturitatem
808 314 1108 369 expectandam
1128 319 1304 368 putaret,
1330 320 1494 367 tempus

138 377 196 418 ita
220 377 303 417 iam
327 389 437 416 nunc
463 375 588 416 statui
613 390 757 430 posse:
795 390 890 416 eum
914 377 1076 431 legibus
1103 383 1269 416 cautum
1294 382 1416 422 esset,
1443 388 1495 414 ne

140 439 190 479 de
220 452 323 493 pace
354 437 546 490 belloque
576 437 654 477 nisi
687 438 729 477 in
752 438 1021 479 Panaetolico
1054 445 1094 479 et
1117 437 1290 491 Pylaico
1323 435 1496 477 concilio

141 508 351 555 ageretur,
389 500 658 540 decernerent
684 499 911 554 extemplo,
950 508 993 540 ut
1019 508 1185 554 praetor
1217 499 1305 539 sine
1336 497 1495 547 fraude,
1523 527 1527 531 -

141 576 235 602 cum
265 562 315 602 de
347 561 456 602 bello
489 568 529 602 et
558 576 660 615 pace
693 577 817 615 agere
849 562 967 611 velit,
1007 562 1179 602 advocet
1215 560 1434 602 concilium
1460 568 1499 601 et

142 623 253 677 quod
277 631 364 663 tum
388 623 591 663 referatur
617 623 942 676 decernaturque
973 631 1018 663 ut
1048 623 1218 678 perinde
1249 623 1312 662 ius
1345 630 1500 662 ratum-

140 700 220 739 que
254 684 345 740 [sit]
375 699 422 725 ac
449 685 483 725 si
508 685 549 725 in
573 685 842 726 Panaetolico
868 692 937 725 aut
967 685 1138 738 Pylaico
1165 684 1337 725 concilio
1363 691 1500 724 actum

142 756 265 788 esset.
318 746 499 787 dimissis
525 746 582 787 ita
609 762 813 801 suspensa
838 762 880 786 rc
906 746 1053 800 legatis
1075 745 1240 800 egregie
1267 745 1500 786 consultum
1527 757 1539 782 ;·

142 809 256 864 genti
283 809 436 849 aiebat:
462 824 560 849 nam
584 808 714 849 utrius
741 809 869 862 partis
895 808 1039 849 melior
1064 809 1229 848 fortuna
1254 807 1350 847 belli
1376 814 1499 855 esset,

144 871 197 911 ad
221 871 308 911 eius
335 871 576 911 societatem
600 870 880 911 inclinaturos.
937 870 1038 911 haec
1064 870 1106 909 in
1131 868 1303 910 concilio
1328 868 1502 909 Aetolo-

142 948 234 973 rum
261 939 364 973 acta.

228 994 458 1034 XXXIII.
506 993 726 1048 Philippus
764 993 925 1047 inpigre
963 1000 1071 1034 terra
1107 992 1292 1046 marique
1327 992 1499 1047 parabat

146 1056 312 1097 bellum.
361 1055 520 1096 navalis
547 1056 687 1110 copias
707 1054 1022 1095 Demetriadem
1048 1054 1090 1093 in
1116 1054 1379 1094 Thessaliam
1405 1068 1503 1094 con-

146 1118 346 1159 trahebat.
406 1117 597 1157 Attalum
621 1117 938 1168 Romanamque
964 1116 1141 1155 classem
1167 1115 1368 1169 principio
1393 1117 1501 1156 veris
1529 1129 1545 1153 ι

108 1191 114 1196 ·
145 1180 197 1220 ab
233 1179 401 1233 Aegina
435 1187 550 1218 ratus
587 1186 791 1226 moturos,
829 1178 1005 1218 navibus
1043 1177 1370 1229 maritumaeque
1407 1191 1502 1216 orae

145 1241 343 1296 praefecit
362 1240 644 1288 Heraclidem,
672 1254 794 1292 quem
821 1246 861 1279 et
887 1247 980 1279 ante
1006 1238 1281 1293 praefecerat3
1307 1238 1396 1292 ipse
1423 1246 1504 1278 ter-
1530 1253 1535 1258 ·

144 1303 286 1343 restris
314 1302 454 1357 copias
480 1302 759 1356 comparabat,
785 1316 939 1355 magna
964 1316 1008 1341 se
1034 1301 1115 1341 duo
1137 1300 1287 1340 auxilia
1301 1299 1503 1340 Romanis

146 1364 377 1406 detraxisse
404 1364 590 1413 credens,
617 1378 668 1404 ex
692 1378 775 1403 una
799 1371 915 1418 parte
940 1362 1130 1411 Aetolos,
1164 1377 1216 1403 ex
1242 1362 1370 1403 altera
1393 1362 1505 1402 Dar-

148 1427 297 1475 danos,
324 1426 513 1466 faucibus
540 1425 592 1466 ad
615 1425 890 1480 Pelagoniam
916 1440 939 1465 a
963 1424 1047 1465 filio
1072 1425 1230 1465 Perseo
1255 1423 1503 1464 interclusis.

148 1489 199 1529 ab
218 1488 388 1529 consule
413 1503 497 1528 non
521 1488 757 1542 parabatur,
786 1487 859 1528 sed
884 1487 1106 1541 gerebatur
1131 1486 1213 1526 iam
1232 1486 1400 1526 bellum.
1432 1500 1506 1539 per

147 1550 487 1591 Dassaretiorum
511 1550 614 1590 fines
642 1549 869 1590 exercitum
895 1549 1090 1597 ducebat,
1117 1548 1371 1588 frumentum
1396 1547 1506 1600 quod

149 1626 201 1652 ex
237 1611 420 1652 hibernis
458 1612 663 1652 extulerat
700 1611 909 1666 integrum
945 1610 1121 1659 vehens,
1160 1610 1271 1663 quod
1306 1610 1349 1649 in
1383 1624 1506 1649 usum

149 1674 268 1714 militi
294 1674 393 1714 satis
420 1681 532 1714 esset
555 1674 852 1728 praebentibus
880 1673 1004 1728 agris.
1049 1673 1202 1727 oppida
1226 1672 1387 1724 vicique
1413 1686 1506 1726 par-
1536 1683 1546 1696 =·

150 1736 224 1776 tim
254 1735 484 1784 voluntate,
520 1735 670 1790 partim
706 1746 818 1775 metu
856 1749 899 1775 se
937 1734 1174 1782 tradebant3
1225 1733 1431 1786 quaedam
1467 1732 1507 1772 vi

150 1804 407 1853 expugnata,
447 1797 651 1850 quaedam
677 1797 841 1837 deserta
872 1796 913 1836 in
938 1796 1091 1836 montis
1116 1794 1371 1849 propinquos
1396 1793 1508 1834 refu-

150 1860 359 1915 gientibus
403 1859 589 1900 barbaris
634 1858 963 1899 inveniebantur.
1025 1857 1077 1897 ad
1118 1857 1314 1910 Lyncum
1356 1855 1508 1896 stativa

150 1921 289 1976 posuit
330 1935 460 1976 prope
502 1921 656 1961 flumen
691 1921 854 1960 Bevuin
864 1936 873 1968 3
922 1920 1018 1960 inde
1060 1919 1357 1959 frumentatum
1400 1917 1509 1957 circa

151 1983 299 2025 horrea
335 1982 675 2023 Dassaretiorum
718 1982 921 2022 mittebat.
980 1980 1201 2035 Philippus
1246 1985 1510 2020 consternata

152 2045 319 2098 quidem
345 2044 483 2085 omnia
509 2044 618 2085 circa
643 2058 923 2098 pavoremque
950 2043 1162 2097 ingentem
1182 2041 1396 2081 hominum
1423 2054 1510 2081 cer-

152 2107 294 2155 nebat,
333 2107 407 2147 sed
430 2121 576 2161 parum
602 2121 775 2161 gnarus,
814 2120 938 2160 quam
962 2112 1123 2160 partem
1147 2104 1321 2159 petisset
1351 2102 1508 2151 consul,

154 2168 261 2209 alam
286 2168 471 2221 equitum
495 2168 548 2208 ad
573 2168 885 2223 explorandum,
914 2182 1094 2220 quonam
1119 2166 1250 2206 hostis
1276 2165 1352 2205 iter
1377 2164 1510 2204 inten-

154 2230 324 2278 dissent,
352 2230 476 2270 misit.
536 2229 647 2270 idem
672 2245 784 2270 error
810 2229 921 2284 apud
946 2228 1158 2269 consulein
1185 2234 1290 2268 erat:
1327 2225 1508 2266 movisse

155 2306 206 2332 ex
231 2291 413 2332 hibernis
438 2306 581 2346 regem
608 2292 782 2341 sciebat,
809 2307 934 2345 quam
958 2291 1170 2345 regionem
1195 2290 1368 2344 petisset
1393 2289 1511 2343 igno-

154 2368 264 2393 rans.
324 2353 359 2393 is
386 2367 549 2406 quoque
580 2354 837 2407 speculatum
867 2353 1037 2393 miserat
1068 2352 1240 2404 equites.
1301 2351 1378 2390 hae
1405 2351 1510 2390 duae
1549 2362 1554 2370 ’

156 2414 245 2454 alae
271 2428 323 2454 ex
349 2414 531 2463 diverso,
572 2428 665 2454 cum
696 2414 766 2454 diu
796 2414 962 2455 incertis
995 2414 1209 2454 itineribus
1235 2420 1412 2467 vagatae
1436 2426 1511 2466 per

158 2475 424 2516 Dassaretios
463 2484 620 2525 essent,
659 2476 826 2516 tandem
862 2476 904 2515 in
941 2491 1068 2515 unum
1105 2475 1182 2515 iter
1213 2480 1508 2515 convenerunt.

157 2544 324 2578 neutros
351 2537 514 2586 fefellit,
541 2544 586 2577 ut
610 2538 797 2578 fremitus
823 2538 966 2592 procul
989 2537 1204 2578 hominum
1230 2550 1510 2589 equorumque

158 2599 375 2640 exauditus
396 2607 472 2641 cst.
508 2600 647 2653 itaque
667 2600 780 2654 prius
802 2614 925 2653 quam
950 2600 991 2639 in
1017 2606 1285 2654 conspectum
1309 2597 1509 2645 venirent,

160 2676 286 2716 equos
308 2677 502 2715 armaque
521 2663 801 2718 expedierant..
828 2677 904 2703 nec
918 2677 1045 2711 mora,
1066 2662 1135 2702 ubi
1154 2661 1332 2716 primum
1347 2661 1509 2701 hostem
