1799 2900
194 1376 212 1404 Ν)

236 132 316 172 178
553 135 706 170 LIBER
732 136 897 181 xxxv,
923 136 955 170 4.
975 133 1005 170 5.
1037 140 1133 181 [m.
1150 148 1179 172 c.
1193 136 1276 181 561]

234 242 376 283 consul
403 255 502 295 agro
528 238 710 279 hostium
738 239 930 288 excessit,
959 250 997 280 et
1024 240 1075 280 ad
1101 240 1310 281 Mutinam
1337 240 1502 295 agmine
1529 240 1589 280 in-

235 314 372 351 cauto,
399 312 442 342 ut
468 303 574 341 inter
604 310 795 355 pacatos,
829 302 1018 342 ducebat.
1079 303 1159 343 Boi
1185 310 1230 342 ut
1255 318 1472 357 egressum
1504 303 1589 343 suis

233 366 383 406 tinibus
417 365 580 404 hostem
613 377 801 412 sensere,
840 364 1120 416 sequebantur
1147 365 1282 405 silenti
1309 365 1493 419 agmine,
1530 364 1591 404 10-

234 444 326 467 cum
358 426 518 466 insidiis
546 435 806 479 quaerentes
869 434 988 467 nocte
1014 427 1313 482 praetergressi
1345 441 1481 468 castra
1506 428 1591 468 Ro-

234 505 356 529 mana
382 489 545 535 saltum,
573 503 654 541 qua
674 489 973 529 transeundum
996 498 1081 530 erat
1096 490 1311 539 Romanis,
1337 490 1590 530 insederunt.

235 553 276 592 id
302 566 395 591 eum
421 566 567 606 parum
593 551 752 591 occulte
778 551 988 601 fecissent,
1017 552 1179 601 consul,
1219 552 1287 605 qui
1313 553 1441 592 multa
1473 561 1592 591 nocte

235 614 379 655 solitus
402 621 488 654 erat
508 628 676 654 movere
696 622 844 663 castra,
871 629 922 654 ne
943 630 1024 655 nox
1047 622 1245 655 terrorem
1264 615 1305 655 in
1327 615 1592 655 tumultuario

235 677 391 732 proelio
419 683 610 731 augeret,
643 676 779 716 lucem
805 677 1041 731 expectavit
1066 684 1124 725 et,
1159 692 1253 717 eum
1276 678 1366 718 luce
1393 687 1590 725 moveret,

238 749 377 780 tamen
403 747 579 779 turmam
601 739 785 792 equitum
807 739 1067 793 exploratum
1092 739 1216 779 misit.
1248 746 1470 793 postquam
1489 740 1595 780 rela-

236 811 323 843 tum
343 810 419 850 est,
447 809 625 854 quantae
647 801 789 856 copiae
810 810 850 842 et
870 802 910 841 in
931 816 1012 854 quo
1026 801 1117 842 loeo
1139 810 1291 850 essent,
1319 801 1443 842 totius
1465 801 1595 855 agmi-

236 864 298 904 nis
326 864 508 905 sarcinas
534 863 577 903 in
603 864 784 904 medium
811 864 913 905 coici
938 863 1059 904 iussit
1085 872 1123 904 et
1150 863 1311 904 triarios
1339 863 1492 903 vallum
1519 863 1596 903 cir-

237 926 458 975 cumicere,
498 933 635 967 cetero
667 927 850 967 exercitu
881 926 1083 967 instructo
1115 926 1168 966 ad
1205 926 1368 966 hostem
1406 925 1594 966 accessit.

238 989 346 1028 idem
373 997 413 1029 et
435 988 546 1029 Galli
571 989 771 1038 fecerunt,
798 996 1021 1044 postquam
1047 995 1211 1043 apertas
1239 1003 1331 1029 esse
1357 988 1530 1028 insidias
1557 996 1595 1028 et

236 1061 347 1092 recto
374 1066 422 1091 ac
448 1051 556 1092 iusto
582 1051 759 1106 proelio,
791 1052 862 1092 ubi
889 1067 987 1092 vera
1012 1052 1194 1092 vinceret
1220 1052 1370 1100 virtus,
1399 1051 1597 1091 dimican-

238 1114 335 1154 dum
364 1114 566 1154 viderunt.

323 1177 377 1218 V.
439 1177 557 1216 Hora
600 1176 783 1216 secunda
828 1176 957 1216 ferme
997 1190 1244 1217 concursum
1281 1183 1356 1216 est.
1430 1174 1597 1215 sinistra

239 1238 445 1278 sociorum
483 1238 548 1278 ala
580 1246 619 1279 et
652 1238 951 1279 extraordinari
983 1238 1117 1292 prima
1146 1238 1187 1277 in
1220 1238 1306 1278 acie
1331 1237 1595 1292 pugnabant:

239 1307 457 1355 praeerant
495 1300 576 1341 duo
621 1300 860 1340 consulares
903 1300 1048 1353 legati,
1086 1299 1148 1339 M.
1185 1299 1413 1339 BIarcellus
1453 1308 1491 1338 et
1529 1297 1595 1338 Ti.

242 1361 534 1416 Sempronius,
561 1361 709 1416 prioris
737 1362 834 1402 anni
859 1362 1016 1402 consul.
1078 1376 1210 1401 novus
1238 1361 1383 1402 consul
1410 1373 1517 1400 nunc
1544 1359 1596 1400 ad

238 1425 372 1479 prima
404 1424 522 1478 signa
550 1432 655 1472 erat,
692 1438 803 1464 nunc
835 1424 1021 1479 legiones
1049 1424 1286 1465 continebat
1318 1424 1360 1463 in
1387 1423 1596 1469 subsidiis,

239 1502 290 1527 nc
317 1487 552 1527 certaminis
586 1487 722 1527 studio
754 1486 867 1541 prius
899 1494 1188 1541 procurrerent
1219 1500 1343 1538 quam
1370 1485 1512 1525 datum
1544 1485 1597 1525 si-

240 1563 369 1602 gnum
395 1557 518 1589 esset.
568 1548 728 1601 equites
755 1563 897 1588 earum
924 1556 1039 1588 extra
1066 1548 1197 1588 aciem
1222 1548 1264 1588 in
1290 1548 1426 1587 locum
1452 1554 1597 1602 paten-

240 1620 322 1650 tem
354 1610 407 1662 (ξ.
435 1619 475 1650 et
519 1611 568 1652 P.
595 1611 806 1651 Minucios
840 1612 1027 1651 tribunos
1059 1610 1236 1650 militum
1268 1609 1444 1650 educere
1476 1609 1595 1650 iussit

239 1673 362 1721 unde,
391 1687 484 1712 cum
512 1673 679 1727 signum
705 1673 908 1722 dedisset,
942 1673 1128 1728 inpetum
1156 1688 1206 1713 ex
1232 1679 1375 1726 aperto
1402 1671 1597 1711 facerent.

243 1734 344 1774 haec
378 1735 518 1789 agenti
550 1735 718 1775 nuntius
751 1735 864 1775 venit
895 1750 919 1775 a
943 1734 1009 1775 Ti.
1038 1733 1286 1789 Sempronio
1313 1734 1484 1788 Longo,
1517 1747 1599 1774 11011

242 1797 444 1837 sustinere
483 1797 833 1838 extraordinarios
876 1797 1061 1852 inpetum
1102 1796 1338 1837 Gallorum:
1378 1804 1417 1836 et
1454 1809 1599 1835 caesos

197 1875 210 1904 ,ῖ
242 1859 469 1919 permultos
503 1874 615 1908 esse,
655 1867 695 1900 et
728 1859 797 1912 qui
829 1859 1038 1914 supersim
1069 1859 1219 1914 partim
1251 1858 1412 1906 labore,
1450 1857 1600 1911 partim

240 1929 353 1962 metu
386 1921 597 1962 remisisse
637 1922 826 1963 ardorem
858 1937 1038 1977 pugnae.
1099 1921 1307 1976 legionem
1345 1920 1517 1960 alteram
1549 1934 1600 1959 ex

242 1984 422 2030 duabus,
462 1984 496 2025 si
526 1985 755 2034 videretur,
789 1985 1067 2033 submitteret,
1099 1984 1341 2038 priusquam
1372 1981 1601 2036 ignominia

242 2047 510 2101 acciperetur.
572 2047 756 2087 secunda
791 2046 920 2087 missa
957 2052 1020 2086 est
1056 2045 1186 2100 legio,
1224 2053 1264 2085 et
1301 2043 1600 2084 extraordinari

241 2109 409 2163 recepti.
454 2117 541 2149 tum
566 2109 848 2164 redintegrata
873 2117 934 2149 est
961 2123 1102 2163 pugna
1127 2121 1221 2148 eum
1247 2114 1287 2148 et
1312 2121 1455 2147 recens
1481 2105 1600 2146 miles

243 2179 283 2211 et
308 2172 502 2224 frequens
535 2172 748 2213 ordinibus
779 2171 888 2226 legio
922 2170 1206 2212 successisset.
1267 2177 1307 2210 et
1340 2169 1506 2209 sinistra
1538 2168 1603 2208 ala

243 2248 295 2274 ex
325 2234 482 2288 proelio
514 2235 719 2275 subducta
745 2242 825 2283 est,
859 2234 1005 2274 dextra
1034 2234 1077 2273 in
1102 2233 1279 2288 primam
1305 2232 1436 2272 aciem
1463 2231 1600 2271 subiit.

245 2296 305 2336 sol
330 2297 488 2351 ingenti
509 2298 655 2338 ardore
682 2297 863 2338 torrebat
889 2296 1056 2336 minime
1078 2295 1277 2351 patientia
1303 2302 1442 2335 aestus
1459 2292 1604 2334 Gallo-

243 2372 334 2397 rum
360 2373 551 2413 corpora3
586 2359 726 2400 densis
760 2366 899 2399 tamen
931 2358 1144 2400 ordinibus
1178 2371 1287 2397 nune
1320 2356 1387 2396 alii
1418 2355 1459 2395 in
1486 2355 1601 2403 alios,

244 2435 352 2460 nune
377 2420 419 2460 in
445 2430 561 2462 scuta
586 2422 873 2462 incumbentes
905 2421 1167 2462 sustinebant
1199 2419 1364 2474 inpetus
1390 2418 1602 2458 Romano-

201 2496 220 2523 ὅ
245 2496 349 2521 rum.
399 2484 509 2535 quod
534 2484 602 2524 ubi
630 2484 921 2525 animadvertit
947 2483 1104 2532 consul,
1132 2482 1184 2523 ad
1209 2480 1511 2536 perturbandos
1539 2493 1603 2519 or-

246 2542 362 2582 dines
390 2558 531 2585 eorum
558 2545 607 2587 C.
637 2546 808 2586 Livium
835 2544 1132 2594 Salinatorem,
1166 2544 1235 2597 qui
1265 2549 1453 2597 praeerat
1480 2541 1601 2582 alaris

245 2604 471 2656 equitibus,
511 2621 630 2659 quani
660 2607 1008 2649 concitatissimos
1035 2622 1164 2660 equos
1189 2605 1397 2645 inmittere
1423 2603 1535 2643 iubet
1561 2609 1601 2642 et
