1799 2900
449 177 604 212 LIBER
627 177 813 221 xxxin,
840 178 893 211 28.
915 177 969 210 29.
998 176 1098 220 [ae
1117 175 1199 218 196]
1419 163 1496 204 107

145 284 290 325 tiorem
314 282 437 323 exilio
462 281 600 321 locum
624 288 758 328 ratus,
791 279 996 320 concessit
1006 295 1015 328 3
1066 279 1116 319 de
1141 278 1362 319 Pisistrato
1389 276 1499 316 aliis·
1528 290 1566 320 15

144 361 222 399 que
259 343 524 398 quaestiones
562 342 777 383 tormentis
815 341 980 382 habitae
1018 348 1059 382 et
1096 347 1307 395 sumptum
1344 337 1500 393 suppli-

144 408 252 447 cium
277 413 352 446 est.

227 467 474 510 XXVIIII.
512 466 718 506 Effer-avit
745 480 794 505 ea
819 465 967 505 caedes
988 464 1213 505 Thebanos
1233 464 1499 515 Boeotosque
1530 478 1540 506 1

143 530 276 571 omnis
304 529 356 570 ad
381 528 636 569 exsecrabile
662 527 803 567 odium
828 527 1131 574 Romanorum,
1165 525 1391 573 credentis,
1417 539 1500 564 non

145 592 233 633 sine
264 591 436 632 consilio
468 589 727 644 imperatoris
759 589 939 630 Romani
971 589 1235 643 Zeuxippum
1271 587 1502 642 principem

144 654 278 709 gentis
305 654 347 694 id
372 653 532 693 facinus
560 652 783 693 conscisse.
845 651 897 691 ad
922 651 1207 691 rebellandum
1232 664 1366 702 neque
1392 648 1500 689 vires

146 731 279 769 neque
306 716 455 756 ducem
486 715 708 755 habebant.
769 713 1004 767 proximum
1036 713 1145 753 bello
1177 712 1287 764 quod
1318 717 1422 758 erat,
1460 710 1503 749 in
1529 725 1546 754 2

144 777 405 818 latrocinium
424 777 547 825 versi,
570 776 671 816 alios
692 776 731 815 in
753 775 941 830 hospitis,
964 776 1065 815 alios
1087 790 1217 828 vagos
1238 789 1311 828 per
1331 773 1503 813 hiberna

146 840 295 880 milites
327 840 379 880 ad
410 839 546 879 varios
574 838 843 879 commeantis
870 853 970 877 usus
998 837 1273 891 excipiebant.
1334 836 1502 888 quidam
1529 848 1546 876 3

145 902 187 941 in
210 902 312 956 ipsis
338 902 554 941 itineribus
583 901 635 940 ad
660 908 779 940 notas
801 900 980 940 latebras
1002 900 1053 939 ab
1074 899 1378 945 insidiantibus,
1405 913 1500 952 pars

144 963 185 1003 in
212 964 375 1003 deserta
400 978 473 1017 per
493 963 680 1002 fraudem
703 961 939 1001 deversoria
960 960 1124 1000 deducti
1144 960 1501 1014 obprimebantur3

144 1034 354 1079 postremo
374 1040 457 1065 non
478 1032 638 1063 tantum
659 1024 709 1063 ab
730 1023 836 1070 odio,
864 1023 937 1063 sed
964 1022 1087 1062 etiam
1109 1021 1303 1061 aviditate
1323 1021 1502 1074 praedae
1529 1034 1548 1062 4

145 1102 194 1127 ea
219 1086 403 1126 facinora
427 1086 600 1133 fiebant,
639 1085 735 1137 quia
765 1083 1005 1137 negotiandi
1037 1084 1167 1123 ferme
1199 1097 1325 1122 causa
1356 1097 1503 1136 argen-

145 1155 231 1188 tum
256 1149 297 1187 in
324 1148 438 1188 zonis
465 1147 667 1187 habentes
693 1147 735 1185 in
762 1145 1060 1186 commeatibus
1082 1152 1210 1184 erant.
1250 1158 1344 1183 cum
1369 1145 1502 1198 primo
1528 1159 1546 1186 5

144 1210 282 1263 pauci,
310 1209 458 1249 deinde
484 1208 525 1248 in
552 1208 638 1248 dics
665 1208 804 1262 plures
831 1206 1183 1254 desiderarentur,
1216 1206 1383 1245 infamis
1410 1220 1502 1245 esse

142 1270 320 1311 Boeotia
351 1270 484 1310 onmis
518 1269 654 1324 coepit
679 1276 718 1309 et
746 1268 929 1308 timidius
956 1283 1081 1321 quam
1107 1268 1148 1307 in
1175 1267 1335 1308 hostico
1361 1266 1503 1321 egredi

145 1332 289 1373 castris
315 1332 448 1372 miles.
509 1338 596 1371 tum
622 1330 843 1382 Quinctius
875 1330 1036 1384 legatos
1064 1331 1116 1369 ad
1143 1329 1425 1382 quaerendum
1452 1329 1502 1369 (le
1530 1345 1546 1373 6

143 1393 367 1434 latrociniis
393 1408 468 1448 per
493 1393 680 1433 civitates
707 1393 843 1432 mittit.
893 1393 1093 1446 plurimae
1120 1392 1268 1432 caedes
1296 1391 1405 1431 circa
1421 1389 1505 1431 Co-

142 1456 308 1510 paidem
333 1455 528 1510 paludem
553 1455 765 1495 inventae:
808 1454 866 1495 ibi
892 1470 943 1494 cx
969 1454 1067 1494 limo
1094 1462 1210 1494 eruta
1236 1462 1504 1506 extractaque

144 1533 196 1558 ex
222 1526 369 1572 stagno
396 1517 600 1557 cadavera
632 1518 743 1557 saxis
776 1524 846 1556 aut
871 1516 1101 1570 amphoris,
1137 1524 1179 1556 ut
1212 1516 1395 1570 pondere
1422 1523 1504 1554 tra-

145 1579 341 1619 herentur
364 1579 407 1618 in
431 1578 701 1632 profundum,
740 1579 914 1618 adnexa.
974 1578 1106 1618 multa
1136 1578 1321 1618 facinora
1346 1577 1504 1617 Acrae-

144 1640 266 1695 phiae
293 1648 331 1680 et
359 1639 575 1680 Coroneae
602 1640 712 1680 facta
737 1640 1066 1680 inveniebantur.
1122 1639 1344 1690 Quinctius
1370 1638 1503 1692 primo
1532 1655 1547 1682 7

144 1702 291 1744 noxi0s
319 1702 423 1742 tradi
451 1702 529 1741 sibi
561 1702 681 1742 iussit
708 1710 747 1741 et
771 1717 847 1755 pro
873 1701 1110 1755 quingentis
1138 1701 1337 1740 militibus
1363 1724 1420 1729 ——
1445 1707 1505 1739 tot

146 1764 256 1805 enim
281 1763 517 1817 interempti
544 1772 659 1803 crant
683 1787 739 1790 ——
764 1762 991 1816 quingenta
1016 1763 1171 1802 talenta
1195 1762 1379 1801 Boeotos
1407 1774 1504 1800 con-

145 1826 266 1866 ferre.
306 1840 480 1878 quorum
500 1840 593 1865 cum
616 1825 732 1864 fieret
753 1834 956 1872 neutrum,
979 1823 1114 1864 verbis
1136 1831 1295 1863 tantum
1316 1822 1503 1862 civitates
1530 1834 1549 1863 S

147 1894 394 1928 excusarent
436 1887 537 1927 nihil
580 1887 746 1941 publico
790 1886 962 1927 consilio
1007 1886 1164 1925 factum
1208 1899 1320 1932 esse,
1364 1885 1503 1924 missis

144 1950 336 1990 Athenas
375 1957 415 1990 et
450 1949 492 1988 in
523 1949 731 1988 Achaiam
767 1948 936 2002 legatis,
975 1948 1045 2000 qui
1082 1954 1332 1987 testarentur
1370 1946 1504 1986 socios

145 2012 253 2052 iusto
278 2011 428 2066 pioque
454 2025 497 2051 se
517 2011 626 2051 bello
646 2018 960 2064 persecuturum
978 2010 1176 2057 Boeotos,
1204 2015 1243 2048 et
1270 2022 1363 2048 cum
1388 2015 1503 2062 parte
1532 2019 1548 2047 9

147 2073 358 2128 copiarum
388 2074 473 2127 Ap.
508 2072 684 2113 Claudio
716 2071 998 2126 Acraephiam
1030 2071 1088 2110 ire
1119 2070 1252 2117 iusso,
1289 2069 1378 2124 ipse
1411 2083 1504 2108 eum

145 2144 262 2190 parte
289 2134 525 2176 Coroneam
551 2134 805 2175 circumsidit
830 2133 1003 2174 vastatis
1030 2133 1143 2187 prius
1170 2131 1300 2185 agris,
1339 2146 1420 2184 qua
1451 2131 1504 2170 ab

147 2198 296 2237 Elatea
340 2198 420 2237 duo
465 2197 629 2237 diversa
671 2196 839 2250 agmina
880 2196 976 2235 iere.
1049 2195 1126 2234 hac
1164 2192 1343 2247 perculsi
1387 2193 1502 2233 clade
1532 2205 1571 2234 10

147 2258 309 2305 Boeoti,
337 2272 430 2298 cum
451 2258 589 2298 onmia
614 2265 768 2297 terrore
795 2271 842 2296 ac
867 2257 967 2310 fuga
988 2256 1193 2309 completa
1213 2261 1365 2302 essent,
1392 2254 1506 2308 lega-

148 2328 212 2360 tos
232 2319 412 2359 mittunt.
451 2320 521 2372 qui
546 2334 640 2359 cum
665 2319 707 2358 in
733 2326 868 2358 castra
892 2334 976 2359 non
997 2317 1322 2364 admitterentur,
1343 2315 1505 2355 Achaei

147 2382 512 2434 Atheniensesque
540 2387 881 2435 supervenerunt.
940 2380 1033 2434 plus
1060 2379 1315 2419 auctoritatis
1341 2377 1504 2418 Achaei
1535 2392 1569 2420 11

148 2443 378 2483 habuerunt
428 2443 716 2497 deprecantes,
766 2441 879 2494 quia,
929 2441 970 2480 ni
1018 2441 1311 2495 impetrassent
1358 2453 1504 2493 pacem

149 2505 336 2553 Boeotis,
370 2505 525 2545 bellum
551 2504 673 2544 simul
698 2518 842 2557 gerere
869 2503 1149 2543 decreverant.
1210 2517 1283 2556 per
1307 2501 1502 2541 Achaeos
1533 2513 1570 2543 12

149 2575 189 2608 et
212 2566 384 2607 Boeotis
412 2567 530 2621 copia
561 2566 741 2606 adeundi
773 2565 1104 2618 adloquendique
1129 2565 1367 2605 Romanum
1393 2563 1504 2603 facta

149 2636 229 2678 est,
267 2628 474 2681 iussisque
511 2628 673 2669 tradere
704 2626 850 2668 noxios
883 2634 923 2667 ct
953 2627 1106 2667 multae
1137 2626 1303 2667 nominc
1335 2625 1503 2680 triginta
