1799 2900
249 176 303 218 80
523 180 678 215 LIBER
702 178 871 222 XXXII,
896 178 1052 212 36—38.
1083 181 1131 222 [a.
1147 190 1180 212 u.
1197 178 1324 222 (1557]

249 285 468 338 Quinctius
496 298 590 323 011111
616 282 821 322 sociorum
846 281 995 335 legatis
1020 281 1360 334 Amynandrum,
1398 280 1603 320 Athama-

249 362 348 387 num
373 360 526 398 regcm,
552 352 596 384 ut
624 342 806 396 speciem
830 342 1027 396 legationi
1052 343 1252 390 adiceret,
1280 353 1320 383 et
1346 342 1399 393 Q.
1424 341 1603 382 Fabium

249 432 304 436 —
328 407 468 447 uxoris
496 404 665 456 Quincti
693 403 844 444 sororis
870 404 977 444 filius
1004 412 1091 444 erat
1115 428 1170 431 —
1196 415 1235 444 et
1262 402 1315 454 Q.
1341 403 1538 444 Fulvium
1563 411 1603 443 et

251 472 332 524 Ap.
361 469 585 509 Claudium
610 466 734 507 misit.

209 547 220 573 1
334 529 581 571 XXXVII.
630 530 692 570 Ut
721 536 891 568 ventum
921 527 1100 568 Romam
1132 534 1215 574 est,
1252 526 1365 580 prius
1398 526 1603 567 sociorum

249 593 377 646 legati
402 606 525 644 quam
555 590 665 644 regis
701 589 829 630 auditi
855 597 963 628 sunt.
1025 598 1161 629 cetera
1186 603 1328 628 corum
1353 589 1483 629 oratio
1509 602 1605 628 con-

205 668 223 697 2
250 655 359 694 vitiis
391 654 501 707 regis
529 659 775 705 consumpta
800 659 862 691 est
872 667 882 699 3
920 658 1136 690 moverunt
1164 664 1256 689 cum
1281 650 1459 689 maxime
1487 664 1606 689 sena-

250 723 337 756 tum
362 714 684 755 demonstrando
710 713 835 752 maris
855 719 1137 763 terrarumque
1157 711 1337 764 regionis
1359 712 1445 751 eius
1467 710 1605 758 situm,

207 791 225 819 3
250 785 295 817 111.
315 777 505 817 omnibus
527 776 759 829 adpareret,
783 774 817 814 si
831 773 1145 814 Demetriadem
1166 772 1209 811 111
1223 772 1455 821 Thessalia,
1479 772 1607 812 Chal-

251 839 385 879 cidem
408 839 451 877 in
476 839 666 885 Euboea,
696 835 943 876 Corinthum
969 836 1012 874 in
1037 834 1200 874 Achaia
1224 848 1298 874 rex
1323 841 1500 882 teneret,
1524 848 1608 874 non

206 915 225 943 4
251 915 373 955 posse
404 900 578 939 liberam
610 898 829 939 Graeciam
862 912 974 945 esse,
1013 905 1053 937 et
1084 896 1222 950 ipsum
1252 895 1495 949 Philippum
1525 909 1609 934 non

252 961 588 1002 contumeliosius
622 974 747 1013 quam
781 959 918 999 verius
952 958 1173 1012 compedes
1206 972 1275 997 eas
1304 956 1505 997 Graeciae
1537 955 1609 996 ad—

208 1039 226 1068 5
251 1024 418 1078 pellare.
468 1022 595 1077 legati
620 1022 768 1062 deinde
794 1021 904 1074 regis
931 1019 1157 1060 intromissi
1167 1036 1177 1068 3
1205 1019 1352 1072 quibus
1378 1019 1609 1072 longiorem

252 1085 410 1125 exorsis
431 1084 658 1125 orationem
678 1083 815 1123 brevis
835 1081 1118 1136 interrogatio,
1140 1081 1457 1121 cessurusneiis
1478 1079 1608 1120 tribus

252 1147 422 1186 urbibus
449 1155 578 1193 esset,
614 1159 845 1185 sermonem
870 1144 1032 1192 incidit,
1067 1158 1159 1183 cum
1186 1142 1370 1183 mandati
1396 1141 1473 1182 sibi
1500 1141 1550 1181 de
1573 1143 1609 1181 is

254 1207 496 1248 nominatim
532 1215 733 1261 negarent
770 1207 1004 1258 quicquam.
1076 1205 1134 1245 sic
1170 1205 1325 1244 infecta
1361 1218 1463 1258 pace
1506 1202 1610 1256 regii

256 1270 416 1309 dimissi
425 1285 435 1317 3
462 1269 658 1319 Quinctio
679 1268 852 1307 liberum
874 1267 1088 1307 arbitrium
1108 1267 1221 1320 pacis
1249 1280 1296 1306 ac
1321 1266 1419 1305 belli
1437 1264 1610 1319 permis-

212 1346 230 1375 6
258 1346 362 1371 sum.
423 1344 503 1383 (1110
534 1338 577 1370 111
617 1329 716 1370 511115
749 1329 937 1382 adparuit
970 1344 1051 1367 non
1083 1328 1247 1368 taedere
1279 1327 1376 1367 belli
1407 1334 1609 1373 senatum,

257 1402 297 1432 et
332 1393 421 1446 ipse
460 1391 653 1431 victoriae
685 1405 809 1443 quam
844 1390 958 1444 pacis
992 1389 1149 1429 avidior
1181 1403 1315 1441 neque
1349 1387 1611 1440 conloquium

257 1463 403 1508 postea
421 1453 616 1507 Philippo
637 1453 748 1492 dedit
774 1466 907 1504 ncque
932 1452 1183 1505 legationem
1210 1451 1331 1490 aliam
1357 1465 1480 1503 quam
1505 1463 1610 1502 quae

259 1515 369 1555 omni
397 1514 572 1555 Graecia
599 1513 743 1553 decedi
768 1513 976 1553 nuntiaret
1002 1512 1277 1552 admissurum
1302 1512 1418 1551 dixit.

216 1592 231 1620 1
343 1575 613 1617 XXXVHI.
650 1575 870 1628 Philippus
893 1588 984 1613 cum
1011 1573 1098 1613 acie
1125 1573 1430 1613 decernendum
1454 1571 1613 1612 videret

258 1645 299 1678 et
322 1638 504 1689 undique
531 1637 582 1676 ad
609 1651 652 1676 se
679 1635 982 1676 contrahendas
1009 1636 1132 1682 vires,
1158 1634 1339 1674 maxime
1361 1634 1410 1674 de
1425 1633 1613 1673 Achaiae

215 1713 233 1742 ‘2
259 1700 443 1747 urbibus,
469 1699 650 1752 regionis
678 1698 730 1738 ab
752 1712 795 1737 se
817 1697 1019 1745 diversae,
1047 1704 1085 1736 et
1106 1697 1240 1750 magis
1259 1702 1399 1735 tamen
1419 1695 1469 1735 dc
1482 1695 1612 1749 Argis

259 1775 382 1813 quam
408 1761 457 1800 de
485 1759 686 1801 Corintho
713 1759 932 1808 sollicitus,
973 1759 1173 1813 optimum
1205 1766 1319 1798 ratus
1344 1758 1497 1799 Nabidi
1521 1772 1613 1798 eam

259 1821 688 1862 Lacedaemoniorum
733 1829 907 1874 tyranno
951 1821 1062 1861 volut
1104 1820 1359 1860 fiduciariam
1402 1819 1520 1868 dare,
1569 1828 1613 1858 ut

259 1885 405 1924 victori
441 1883 519 1923 sibi
554 1883 808 1931 restitueret,
846 1883 881 1923 si
913 1882 1011 1934 quid
1048 1881 1213 1922 adversi
1250 1881 1486 1929 accidisset,
1522 1880 1613 1934 ipse

261 1945 444 1993 haberet,
469 1944 659 1992 Philocli,
687 1944 757 1996 qui
778 1943 978 1984 Corintho
995 1943 1432 1997 Argisque-praeerat,
1459 1941 1612 1989 scribit,

217 2021 234 2049 3
260 2014 305 2047 111.
340 2014 562 2060 tyrannum
598 2006 687 2059 ipse
726 2004 976 2045 conveniret.
1046 2004 1276 2052 Philocles,
1325 2010 1614 2057 praeterquam

261 2069 372 2121 quod
395 2069 479 2108 iam
498 2067 689 2107 veniebat
711 2080 804 2106 eum
823 2080 1006 2114 munere,
1033 2065 1170 2111 adicit,
1197 2065 1248 2105 ad
1272 2065 1424 2118 pignus
1452 2065 1613 2104 futurae

260 2130 349 2184 regi
370 2145 463 2169 cum
483 2138 658 2183 tyranno
679 2127 895 2176 amicitiae,
921 2127 1026 2167 filias
1050 2142 1145 2166 suas
1166 2142 1308 2180 regem
1326 2126 1499 2166 Nabidis
1519 2125 1613 2166 filiis

217 2207 236 2234 4
262 2191 522 2232 matrimonio
560 2191 809 2243 coniungere
852 2188 970 2229 velle.
1043 2197 1241 2242 tyrannus
1278 2188 1411 2242 primo
1446 2202 1612 2242 negare,

262 2253 380 2293 aliter
398 2253 543 2292 111110111
569 2267 659 2292 011111
686 2266 730 2291 50
755 2257 1033 2304 accepturum,
1060 2250 1137 2289 nisi
1158 2249 1412 2303 Argivorum
1431 2249 1615 2303 ipsorum

220 2327 238 2356 5
265 2315 428 2355 decreto
465 2313 690 2354 accersitus
730 2313 783 2352 ad
818 2312 1017 2352 auxilium
1049 2312 1162 2351 urbis
1197 2319 1328 2359 esset,
1367 2311 1533 2359 deinde,
1570 2319 1615 2350 ut

264 2375 469 2427 frequenti
495 2374 684 2415 contione
710 2389 793 2414 11011
819 2381 1062 2428 1151101·1111105
1088 2373 1224 2421 modo,
1258 2373 1332 2412 sed
1357 2372 1613 2413 abominatos

264 2436 387 2476 etiam
423 2451 574 2476 110111011
610 2435 776 2489 tyranni
812 2434 986 2481 audivit,
1026 2449 1193 2474 causam
1231 2448 1274 2474 se
1309 2433 1511 2488 spoliandi
1543 2447 1613 2473 eos

265 2509 431 2536 nactum
463 2506 597 2546 ratus,
636 2497 796 2537 tradere
821 2496 892 2536 ubi
923 2497 1045 2536 vellet
1072 2497 1215 2536 urbem
1240 2495 1456 2535 Philoclen
1480 2493 1612 2534 iussit.

223 2569 241 2598 G
266 2564 385 2596 nocte
421 2558 574 2609 ignaris
613 2559 803 2598 omnibus
836 2566 1030 2612 acceptus
1061 2559 1103 2597 111
1133 2558 1277 2598 urbem
1308 2564 1371 2597 est
1401 2564 1612 2609 tyrannus,

266 2617 397 2672 prima
446 2619 534 2659 luce
582 2626 781 2673 occupata
823 2620 960 2660 omnia
1003 2619 1214 2674 superiora
1256 2618 1347 2659 loca
1387 2624 1611 2671 portaeque
