1799 2900
475 160 630 195 LIBER
655 160 878 205 xxxviii,
903 161 957 195 25.
979 162 1032 195 26.
1061 160 1163 205 [ac
1179 161 1260 205 189]
1453 151 1536 194 339

183 279 326 320 posse,
351 263 562 319 profectus
589 278 610 303 e
636 263 800 312 castris,
827 278 920 304 cum
944 265 1091 306 eodem
1122 279 1203 318 quo
1230 271 1352 306 antea
1381 265 1538 320 praesi-

183 327 250 368 dio
276 325 461 379 equitum
487 325 667 378 quinque
698 326 811 366 milia
841 326 927 367 fere
958 327 1233 381 processisset
1262 340 1338 368 nec
1362 327 1539 367 multum

183 405 207 430 a
238 388 460 429 constituto
497 387 588 428 1000
619 388 803 438 abesset,
842 396 1012 442 repente
1049 388 1264 429 concitatis
1297 388 1412 442 equis
1445 403 1539 429 cum

182 451 325 506 inpetu
354 449 494 490 hostili
526 448 638 489 videt
670 448 814 489 Gallos
847 449 1062 491 venientis.
1131 450 1342 491 constituit
1374 465 1537 505 agmen,

183 519 224 553 et
254 511 449 565 expedire
487 510 568 551 tela
599 510 842 563 animosque
874 511 1078 563 equitibus
1115 512 1240 552 iussis
1277 512 1410 567 primo
1442 526 1539 553 con-

183 580 340 614 stanter
359 572 520 612 initium
540 587 705 626 pugnae
726 572 897 627 accepit,
923 587 999 613 nec
1021 573 1163 621 cessit3
1191 574 1287 614 dein
1307 588 1398 614 cum
1418 589 1537 629 prae-

182 642 375 690 gravaret
389 634 622 683 multitudo,
650 635 795 674 cedere
811 634 966 675 sensim
981 634 1081 675 nihil
1103 635 1286 676 confusis
1309 643 1537 676 turmarum

182 697 395 738 ordinibus
418 697 571 750 coepit3
598 704 821 751 postremo,
849 710 942 736 cum
960 696 1042 736 iam
1063 697 1155 751 plus
1178 697 1218 737 in
1233 713 1348 739 mora
1365 698 1536 752 periculi

183 773 307 812 quam
341 758 384 798 in
415 758 627 799 ordinibus
665 758 960 799 conservandis
998 759 1195 829 praesidii
1226 767 1355 808 esset,
1393 774 1537 801 omnes

182 819 339 874 passim
362 820 405 859 in
430 819 574 873 fugam
600 820 721 860 effusi
748 827 855 860 sunt.
911 827 998 860 tum
1023 835 1120 861 velo
1146 820 1300 862 instaie
1327 821 1536 876 dissipatis

185 880 314 931 Galli,
358 890 398 921 et
434 881 624 930 caeder03
668 895 901 935 magnaque
943 897 1038 936 pars
1077 883 1279 936 obpressa
1322 883 1447 933 foret,
1495 883 1538 923 ni

183 943 305 984 statio
349 943 658 997 pabulatorum,
708 943 886 984 sescenti
923 944 1100 996 equites,
1144 945 1439 986 obcuirissent.
1510 945 1537 985 ii

182 1006 324 1054 procul
350 1006 527 1046 clamore
558 1006 709 1060 pavido
736 1021 903 1046 suorum
930 1006 1069 1046 audito
1095 1020 1188 1046 cum
1220 1006 1302 1047 tela
1326 1021 1537 1060 equosque

183 1067 460 1122 expedissent,
487 1067 636 1121 integri
659 1068 922 1121 profligatam
946 1082 1132 1121 pugnam
1157 1076 1418 1122 acceperunt.
1461 1069 1538 1109 ita-

182 1144 261 1183 que
286 1144 406 1170 versa
427 1129 633 1183 extemplo
659 1130 825 1169 fortuna
844 1135 919 1177 est,
946 1143 1090 1169 versus
1112 1129 1155 1170 in
1176 1129 1352 1170 victores
1375 1146 1398 1170 a
1417 1130 1536 1171 victis

181 1202 323 1232 terror.
372 1198 413 1231 et
441 1191 574 1245 primo
605 1190 747 1245 inpetu
773 1190 855 1230 fusi
882 1189 993 1230 Galli
1019 1198 1133 1239 sunt,
1161 1197 1201 1231 et
1227 1205 1278 1231 ex
1304 1191 1414 1245 agris
1441 1206 1538 1232 con-

181 1253 399 1294 currebant
434 1252 719 1307 pabulatores,
757 1261 797 1293 et
834 1252 1015 1305 undique
1053 1253 1200 1294 obvius
1238 1253 1369 1294 hostis
1404 1253 1536 1295 Gallis

180 1323 285 1364 erat,
322 1322 368 1354 ut
398 1330 449 1355 ne
481 1314 624 1369 fugam
655 1314 823 1367 quidem
862 1314 1026 1354 facilem
1060 1322 1130 1354 aut
1161 1323 1292 1356 tutam
1323 1315 1536 1365 haberent,

182 1375 277 1429 quia
301 1376 536 1416 recentibus
562 1376 678 1429 equis
704 1377 885 1417 Romani
910 1376 1045 1417 fessos
1073 1377 1364 1430 sequebantur.
1413 1379 1536 1432 pauci

180 1453 279 1493 ergo
305 1438 552 1493 effugerunt.
602 1447 747 1493 captus
773 1446 837 1479 est
861 1454 1000 1479 nemo:
1032 1439 1163 1480 maior
1187 1439 1316 1480 multo
1342 1455 1438 1494 pars
1464 1456 1538 1495 per

179 1500 304 1540 fidem
340 1500 481 1540 violati
517 1500 725 1553 conloquii
760 1516 915 1555 poenas
952 1509 1083 1541 morte
1119 1501 1296 1542 luerunt.
1356 1502 1538 1543 Romani

181 1561 418 1602 ardentibus
439 1561 499 1602 ira
513 1562 659 1603 animis
681 1573 847 1617 postero
863 1563 928 1604 die
943 1563 1134 1604 omnibus
1151 1563 1279 1617 copiis
1301 1564 1354 1605 ad
1373 1564 1534 1605 hostem

180 1623 438 1677 perveniunt.

1566 463 1605 493 1‘)

1587 485 1605 493 .-

1564 711 1603 741 13

1565 959 1605 988 14

1565 1082 1604 1112 15

1564 1391 1603 1421 16

263 1684 439 1727 XXVI.
488 1685 673 1726 Biduum
699 1694 847 1727 natura
878 1687 1029 1727 montis
1056 1701 1129 1741 per
1155 1701 1199 1727 se
1230 1686 1366 1742 ipsum
1392 1688 1536 1743 explo-
1563 1701 1578 1730 1

179 1747 327 1796 randa,
353 1762 404 1787 ne
431 1747 529 1800 quid
552 1747 683 1801 ignoti
709 1756 832 1797 esset,
860 1749 1092 1803 absumpsit
1117 1750 1275 1791 consul.
1324 1750 1443 1791 tertio
1470 1751 1535 1791 die

180 1822 273 1849 011111
318 1809 500 1863 auspicio
538 1825 706 1863 operam
743 1811 945 1859 dedisset,
995 1811 1143 1852 deinde
1185 1811 1446 1862 inmolasset,
1494 1813 1536 1853 in

180 1878 372 1922 quattuor
390 1880 527 1924 partes
549 1871 703 1912 divisas
725 1872 864 1926 copias
880 1872 1029 1921 educit,
1051 1873 1153 1913 duas
1175 1880 1220 1913 ut
1239 1874 1375 1914 medio
1396 1882 1535 1915 monte
1562 1906 1579 1914 „

180 1931 366 1980 duceret,
401 1933 502 1972 duas
530 1934 581 1973 ab
615 1933 813 1974 lateribus
839 1941 884 1974 ut
910 1934 1111 1975 adversus
1138 1949 1292 1975 cornua
1319 1934 1535 1976 Gallorum

180 1993 369 2048 erigeret.
413 1994 592 2035 hostium
614 1995 725 2048 quod
744 1996 903 2037 roboris
926 2006 1025 2045 erat,
1047 1997 1272 2051 Tectosagi
1293 2005 1333 2038 et
1352 1998 1532 2046 Trocmi,

179 2056 358 2095 mediam
395 2057 590 2097 tenebant
627 2057 778 2106 aciem,
820 2058 934 2098 milia
970 2058 1185 2099 hominum
1221 2059 1532 2114 quinquaginta.

180 2117 424 2169 equitatum,
452 2118 547 2171 quia
573 2134 771 2172 equorum
796 2120 932 2160 nullus
960 2129 1046 2160 erat
1071 2121 1177 2161 inter
1202 2120 1440 2174 inaequales
1466 2137 1533 2161 ru-

179 2194 252 2233 pes
279 2194 392 2228 usus,
420 2181 472 2220 ad
496 2181 623 2234 pedes
651 2181 886 2231 deductum,
915 2183 1058 2223 decem
1084 2183 1197 2223 milia
1223 2183 1453 2231 hominum,
1482 2184 1534 2224 ab

1561 1886 1579 1903 c)

1561 2010 1579 2038 3

181 2241 324 2281 dextro
344 2241 585 2282 locaverunt
605 2256 744 2283 cornu.
788 2243 1022 2284 Ariarathis
1046 2243 1310 2299 Cappadocis
1337 2253 1377 2285 et
1395 2245 1534 2286 Morzi
1559 2259 1576 2287 4

181 2303 377 2343 auxiliare
402 2303 444 2343 in
469 2304 587 2344 laevo
609 2312 800 2356 quattuor
825 2306 954 2346 ferme
976 2306 1134 2346 milium
1159 2322 1374 2347 numerum
1394 2308 1534 2362 exple-

181 2365 291 2405 bant.
331 2365 488 2414 consul,
516 2366 621 2405 sicut
642 2366 683 2405 in
699 2366 882 2421 Olympo
903 2376 1054 2415 monte,
1080 2368 1213 2422 prima
1232 2369 1273 2408 in
1294 2369 1380 2409 acie
1399 2370 1534 2411 locata

179 2427 260 2467 levi
286 2435 505 2475 armatura,
533 2428 707 2468 telorum
734 2429 866 2470 omnis
893 2429 1057 2483 generis
1083 2437 1128 2469 ut
1148 2445 1277 2483 aeque
1298 2446 1450 2485 magna
1469 2431 1531 2473 vis

179 2489 233 2528 ad
268 2504 435 2528 manum
472 2496 583 2530 esset
619 2490 788 2530 curavit.
848 2491 919 2530 ubi
957 2491 1356 2545 adpropinquarunt,
1394 2493 1531 2535 omnia
1556 2506 1575 2535 5

180 2551 325 2590 eadem
361 2551 583 2604 utrimque,
622 2565 727 2604 quae
761 2552 924 2592 fuerant
960 2552 1003 2592 in
1038 2553 1172 2608 priore
1202 2554 1377 2608 proelio,
1415 2563 1532 2596 erant

179 2621 341 2667 praeter
376 2612 535 2654 animos
572 2620 614 2654 et
656 2613 880 2655 victoribus
919 2614 970 2655 ab
1006 2629 1050 2655 re
1087 2616 1268 2656 secunda
1309 2625 1451 2658 auctos
1489 2625 1529 2658 et

1240 2682 1308 2715 22*
