1799 2900
513 146 667 180 LIBER
692 147 858 192 xxxv,
883 148 915 182 s.
936 148 968 182 9.
995 146 1096 192 [ao
1114 148 1193 191 193]
1458 138 1536 179 181

182 252 265 292 iam
291 251 514 305 adpetebat
538 250 639 291 dies.
677 249 815 303 itaque
835 251 888 291 L.
906 249 1125 291 Cornelius
1153 249 1297 292 consul
1321 250 1464 291 relicto
1485 249 1538 290 ad

184 313 409 354 exercitum
434 311 496 352 M.
525 310 702 353 Claudio
727 311 864 366 legato
890 313 1069 353 Romam
1094 313 1219 354 venit.
1262 312 1296 353 is
1322 312 1365 352 in
1391 321 1537 352 senatu

185 389 278 415 cum
304 374 354 415 de
379 374 501 414 rebus
529 374 580 414 ab
608 388 651 414 se
677 374 806 428 gestis
835 374 1099 416 disseruisset
1120 390 1282 428 quoque
1309 382 1419 415 statu
1443 390 1538 429 pro-

182 437 318 478 vincia
344 444 472 485 esset,
511 444 682 489 questus
709 444 772 476 est
798 451 892 476 cum
916 437 1102 492 patribus
1130 437 1395 491 conscriptis,
1428 436 1538 490 quod

183 507 297 541 tanto
322 499 432 540 bello
458 514 540 539 una
566 499 748 539 secunda
772 515 914 553 pugna
939 508 1022 540 tam
1048 500 1221 541 feliciter
1246 500 1428 555 perfeeto
1455 515 1538 539 non

183 569 294 603 esset
319 561 484 602 habitus
512 561 589 602 diis
620 562 907 602 inmortalibus
942 561 1086 603 honos.
1124 562 1351 616 postulavit
1376 561 1537 609 deinde,

185 623 529 679 supplicationem
562 623 683 664 simul
721 624 1056 678 triumphumque
1089 625 1368 665 decernerent.
1424 623 1536 678 prius

184 694 322 726 tamen
349 700 473 739 quam
497 685 642 726 relatio
665 686 799 734 fieret,
827 685 879 737 Q.
905 686 1117 735 Metellus,
1146 686 1215 738 qui
1241 685 1385 727 consul
1412 685 1539 724 dicta-

184 756 329 800 torque
361 748 516 797 fuerat,
553 747 709 788 litteras
741 748 887 788 eodem
924 756 1107 803 tempore
1140 748 1243 788 dixit
1279 755 1319 788 et
1356 746 1536 788 consulis

184 810 239 850 L.
257 809 425 850 Corneli
452 810 504 849 ad
530 818 719 850 senatum
739 818 778 850 et
792 810 853 850 M.
868 810 1060 851 BIarcelli
1086 811 1137 850 ad
1158 825 1353 864 magnam
1378 818 1539 865 partem

186 879 423 912 senatorum
449 871 608 912 adlatas
637 886 728 912 esse
754 872 860 912 inter
882 887 924 912 se
951 873 1188 927 pugnantis,
1217 887 1346 925 eoque
1368 872 1538 912 dilatam

185 949 278 974 csse
316 934 678 982 consultationem,
716 941 759 974 ut
796 935 1085 988 praesentibus
1125 934 1359 975 auctoribus
1397 949 1538 974 earum

184 995 413 1036 litterarum
439 995 750 1049 disceptaretur.
799 996 936 1048 itaque
963 1005 1206 1049 expectasse
1234 1010 1344 1044 sese,
1372 1003 1415 1035 ut
1442 1010 1539 1035 con-

185 1057 262 1106 sul,
290 1057 357 1110 qui
385 1058 506 1097 sciret
531 1058 582 1097 ab
608 1057 746 1111 legato
768 1072 842 1097 suo
864 1057 1063 1097 adversus
1086 1072 1130 1097 se
1152 1057 1350 1111 scriptum
1371 1057 1537 1110 aliquid,

185 1134 278 1159 cum
304 1119 384 1174 ipsi
410 1119 659 1159 veniendum
680 1126 803 1167 esset,
831 1119 1053 1159 deduceret
1073 1134 1167 1159 eum
1190 1133 1330 1159 secum
1345 1119 1536 1167 Romam,

184 1195 277 1220 cum
303 1180 425 1220 etiam
457 1180 592 1221 verius
620 1189 731 1220 esset
756 1181 821 1220 Ti.
851 1179 1099 1235 Sempronio
1126 1180 1345 1234 imperium
1370 1180 1537 1220 habenti

183 1242 290 1282 tradi
317 1242 543 1282 exercitum
574 1256 698 1294 quam
729 1242 886 1296 legato:
925 1256 1034 1282 nnnc
1067 1242 1195 1282 videri
1230 1256 1322 1282 esse
1355 1249 1538 1281 amotum

184 1304 234 1344 de
260 1303 463 1344 industria
494 1319 546 1344 ne
572 1319 621 1344 ea
646 1318 750 1357 quae
785 1304 1021 1358 scripsisset
1051 1318 1249 1358 praesens
1277 1303 1430 1343 diceret
1459 1301 1536 1357 [et]

184 1373 255 1406 aut
281 1374 470 1420 argueret
493 1380 643 1414 coram,
671 1374 753 1414 aut,
781 1367 815 1406 si
839 1366 937 1419 quid
958 1366 1053 1406 vani
1079 1366 1272 1414 adferret,
1300 1365 1415 1420 argui
1442 1380 1539 1419 pos-

185 1436 267 1477 set,
306 1428 437 1468 donee
468 1428 520 1468 ad
551 1428 754 1481 liquidum
785 1428 937 1468 veritas
972 1428 1185 1483 explorata
1217 1435 1340 1468 esset.
1400 1426 1538 1480 itaque

183 1489 285 1530 nihil
305 1505 445 1531 eorum
467 1505 571 1543 quae
597 1491 823 1545 postularet
846 1490 1002 1539 consul,
1030 1490 1335 1531 decernendum
1354 1489 1394 1530 in
1422 1504 1540 1544 prae-

185 1552 317 1592 sentia
348 1567 529 1593 censere.
591 1568 685 1608 Cum
715 1560 907 1607 pergeret
938 1553 1064 1593 nihilo
1097 1552 1264 1607 segnius
1290 1552 1462 1600 referre,
1495 1559 1539 1591 ut

187 1613 431 1668 supplicatio
452 1615 740 1654 decerneretur
761 1615 1111 1669 triumphantique
1134 1615 1211 1654 sibi
1230 1614 1376 1653 urbem
1401 1613 1539 1653 invehi

186 1676 339 1724 liceret,
366 1676 428 1716 M.
455 1684 496 1716 et
522 1675 571 1716 C.
598 1676 726 1715 Titini
754 1677 907 1717 tribuni
931 1677 1064 1731 plebis
1092 1691 1136 1717 se
1163 1676 1476 1724 intercessuros,
1505 1675 1539 1715 si

188 1737 237 1777 de
265 1753 313 1777 ca
338 1752 381 1778 re
407 1738 524 1778 ficret
550 1746 717 1778 senatus
746 1739 993 1787 consultum,
1021 1738 1224 1778 dixerunt.

271 1800 418 1841 VHH.
459 1798 667 1840 Censores
695 1806 811 1840 erant
836 1800 970 1854 priore
997 1815 1103 1840 anno
1130 1799 1256 1839 creati
1277 1798 1375 1839 Sex.
1392 1798 1538 1839 Aelius

185 1860 343 1901 Paetus
365 1869 403 1901 et
425 1860 474 1902 C.
491 1860 710 1902 Cornelius
728 1860 954 1916 Cethegus.
996 1860 1215 1902 Cornelius
1242 1861 1418 1901 lustrum
1445 1875 1541 1901 con-

187 1923 302 1963 didit.
363 1938 488 1964 censa
514 1932 608 1964 sunt
635 1924 786 1964 civium
811 1925 946 1979 capita
973 1932 1135 1964 centum
1163 1923 1437 1977 quadraginta
1461 1923 1540 1963 tria

186 1985 300 2026 inilia
326 1986 590 2040 septingenta
617 1993 822 2039 quattuor.
873 2001 1003 2039 aquae
1030 1986 1219 2041 ingentes
1248 2000 1295 2025 eo
1317 2000 1424 2025 anno
1453 1985 1542 2025 fue-

186 2054 293 2096 runt,
321 2054 362 2087 et
386 2047 549 2088 Tiberis
576 2049 666 2088 loca
690 2049 816 2102 plana
839 2049 953 2088 urbis
980 2048 1207 2088 inundavit.
1247 2047 1354 2087 circa
1378 2056 1540 2101 portam

186 2109 507 2150 Flumentanam
544 2111 667 2150 etiam
705 2111 902 2165 conlapsa
939 2111 1141 2164 quaedam
1179 2109 1307 2150 ruinis
1347 2118 1461 2158 sunt3
1500 2117 1540 2150 et

188 2179 308 2224 porta
323 2170 639 2212 Caelimontana
657 2173 828 2212 fulmine
848 2173 928 2213 icta
954 2181 1029 2220 est,
1056 2186 1280 2224 murusque
1303 2171 1411 2211 circa
1436 2170 1541 2210 mul-

189 2232 240 2272 tis
278 2232 379 2273 locis
418 2233 468 2274 de
506 2234 619 2274 caelo
657 2241 817 2275 tactuss
865 2242 904 2275 et
929 2234 1095 2274 Ariciae
1133 2242 1172 2274 ct
1203 2233 1386 2274 Lanuvii
1422 2241 1462 2274 et
1498 2233 1539 2273 in

189 2294 401 2334 Aventino
427 2294 632 2349 lapidibus
658 2296 809 2350 pluvit3
837 2303 877 2336 ct
902 2312 925 2337 a
941 2295 1087 2350 Capua
1107 2295 1337 2335 nuntiatum
1362 2302 1542 2335 estexa-

190 2371 285 2396 men
316 2371 537 2410 vesparum
567 2357 714 2411 ingens
746 2357 788 2397 in
821 2358 955 2398 forum
993 2358 1211 2398 advolasse
1242 2366 1283 2397 et
1318 2357 1360 2397 in
1390 2356 1541 2397 Elartis

191 2417 293 2458 aede
319 2418 577 2467 consedisse3
605 2434 674 2459 eas
703 2419 909 2460 coniectas
932 2434 1024 2459 cum
1046 2433 1143 2459 cura
1164 2427 1203 2459 et
1227 2419 1311 2473 igni
1339 2427 1540 2459 crematas

192 2495 298 2520 esse.
359 2479 504 2520 horum
536 2480 818 2535 prodigiorum
849 2496 974 2522 causa
1011 2481 1233 2522 decemviri
1270 2482 1394 2522 libros
1427 2481 1540 2521 adire

192 2541 307 2590 iussi,
334 2549 375 2582 et
393 2542 653 2582 novemdiale
674 2557 837 2583 sacrum
863 2544 1031 2592 factum,
1059 2552 1100 2584 et
1121 2543 1366 2598 supplicatio
1386 2543 1541 2584 indicta

193 2611 257 2643 est
283 2610 403 2656 atque
429 2604 527 2644 urbs
553 2603 738 2645 lustrata.
798 2604 946 2646 iisdem
971 2605 1116 2646 diebus
1143 2605 1373 2646 aediculam
1396 2605 1539 2647 Victo-

1563 325 1580 353 [ὗ

1566 2493 1584 2521 5

1566 2616 1584 2647 6
