1799 2900
508 145 662 179 LIBER
686 145 913 188 XXXVIII,
940 145 995 178 41.
1023 144 1223 188 [110183]
1462 133 1544 174 353

188 250 296 291 circa
320 248 521 303 templum
546 249 798 289 Bendidium
825 254 960 288 castra.
983 248 1074 289 loco
1101 253 1243 301 aperto
1267 245 1422 301 posuit3
1448 260 1544 300 pars

189 313 317 353 altera
342 312 394 352 ad
420 311 651 352 custodiam
675 310 1052 365 inpedimentorum
1076 310 1214 350 medio
1238 309 1280 348 in
1306 308 1432 355 saltu,
1470 307 1545 347 du-

188 373 284 428 plici
321 373 573 413 circumdato
610 373 737 421 vallo,
775 372 939 412 mansit.
999 379 1165 426 postero
1202 370 1287 419 die,
1325 369 1439 424 prius
1472 384 1543 409 ex-

188 435 349 490 plorato
376 434 484 474 saltu
510 449 634 486 quam
659 441 891 482 moverent,
929 434 1072 487 primis
1106 447 1149 473 50
1176 432 1444 485 coniungunt.
1504 430 1547 470 in

189 511 238 537 eo
263 495 419 550 proelio
446 510 538 535 cum
565 496 647 535 iam
679 495 1056 549 inpedimentorum
1087 502 1127 534 et
1159 494 1350 534 calonum
1380 508 1475 548 pars
1508 499 1549 532 et

191 558 340 598 milites
368 558 542 610 aliquot,
581 571 673 597 cum
699 557 855 610 passim
882 564 968 597 toto
994 571 1122 611 prope
1149 556 1255 595 saltu
1280 562 1546 610 pugnaretur,

192 619 458 668 cecidissent,
494 619 718 674 plurimum
750 618 803 670 Q.
835 618 1011 658 Minucii
1043 617 1215 658 Thermi
1245 625 1377 657 morte
1409 616 1549 656 damni

192 689 255 723 est
281 689 514 736 acceptum,
552 681 671 721 fortis
705 695 752 721 ac
778 680 934 720 strenui
960 680 1048 720 viri.
1116 694 1164 720 eo
1191 679 1256 720 die
1283 679 1335 719 ad
1359 679 1550 719 Hebrum

192 744 346 784 flumen
366 750 610 798 perventum
630 750 705 783 est.
754 743 849 783 inde
869 742 1099 782 Aeniorum
1124 741 1217 782 finis
1242 748 1405 795 praeter
1419 740 1551 794 Apol-

192 805 306 853 linis,
356 804 627 845 Zerunthium
664 819 785 857 quem
822 811 972 844 vocant
1014 803 1192 852 incolae,
1242 802 1441 856 templum
1484 816 1549 842 su-

192 874 351 921 perant.
414 867 516 906 aliae
543 866 759 920 angustiae
785 865 893 905 circa
917 865 1128 919 Tempyra
1160 863 1369 917 excipiunt
1393 887 1449 892 —
1473 862 1551 903 hoc

193 929 284 969 loco
309 943 461 969 nomen
487 936 635 976 cst-—,
662 941 738 968 nec
763 927 898 967 minus
926 926 1199 980 confragosae
1225 939 1348 978 quam
1374 924 1530 979 priores
1540 941 1550 973 3

196 990 270 1031 sed
295 990 389 1042 quia
414 989 515 1029 nihil
542 989 731 1029 silvestre
763 988 871 1028 circa
903 995 984 1035 cst,
1023 1003 1074 1027 110
1100 988 1280 1027 latebras
1307 986 1474 1039 quidem
1500 986 1554 1026 ad

194 1051 474 1092 insidiandum
510 1051 723 1104 praebent.
795 1049 876 1089 11110
912 1049 965 1088 ad
1007 1048 1182 1089 eandem
1220 1062 1337 1102 spem
1374 1047 1553 1101 praedae

196 1111 397 1160 Thrausi,
435 1126 538 1165 gens
571 1119 611 1152 et
641 1111 733 1165 ipsa
758 1110 1012 1158 Thraecum,
1051 1124 1295 1150 convenere.
1355 1109 1429 1149 sed
1460 1108 1556 1161 quia

196 1174 331 1214 nudae
357 1173 485 1213 valles
511 1173 655 1226 procul
679 1180 724 1212 ut
755 1172 1091 1226 conspicerentur
1123 1171 1336 1225 angustias
1363 1170 1556 1211 obsiden-

196 1243 259 1275 tes
285 1234 538 1283 efficiebant,
571 1234 706 1274 minus
733 1234 899 1274 terroris
925 1233 1207 1286 tumultusque
1233 1232 1311 1272 fuit.
1336 1231 1446 1286 apud
1470 1232 1556 1272 Ro—

196 1311 361 1344 manos3
389 1295 541 1350 quippe
567 1295 644 1336 etsi
671 1295 812 1348 iniquo
837 1295 946 1344 loco,
972 1294 1129 1349 proelio
1155 1302 1295 1334 tamen
1319 1293 1441 1342 iusto,
1468 1293 1555 1333 acie

198 1365 352 1413 aperta,
374 1357 502 1412 signis
519 1357 691 1399 conlatis
707 1358 987 1398 dimicandum
1003 1364 1102 1397 erat.
1141 1356 1315 1397 conferti
1331 1356 1555 1396 subeuntes

200 1434 292 1461 cum
319 1420 515 1468 clamore,
542 1420 686 1474 inpetu
712 1420 843 1468 facto,
869 1420 1048 1474 primum
1074 1419 1269 1473 expulere
1295 1418 1385 1458 loco
1412 1417 1556 1465 hostis,

199 1482 348 1523 deinde
374 1489 572 1523 avertere.
632 1482 734 1536 fuga
765 1481 860 1521 inde
893 1481 1142 1533 caedesque,
1181 1479 1266 1520 suis
1297 1479 1410 1534 ipsos
1442 1479 1558 1533 inpe-

200 1544 406 1585 dientibus
432 1544 655 1598 angustiis,
682 1543 770 1583 fieri
795 1551 941 1597 coepta
967 1550 1042 1583 est.
1096 1541 1276 1583 Romani
1301 1541 1478 1581 victores
1506 1541 1558 1580 ad

201 1605 338 1646 vicum
351 1605 718 1645 BIaronitarum—
729 1603 861 1645 Saren
883 1604 1389 1658 adpellant—posuerunt
1410 1610 1557 1642 castra.

199 1674 366 1722 postero
398 1667 463 1707 dic
494 1666 652 1721 patenti
682 1666 826 1706 itinere
851 1666 1057 1706 Priaticus
1090 1679 1260 1718 campus
1292 1679 1362 1704 eos
1396 1663 1559 1717 excepit

201 1729 464 1781 triduumque
489 1728 546 1768 ibi
571 1728 823 1768 frumentum
844 1727 1092 1781 accipientes
1118 1732 1372 1773 manserunt,
1397 1733 1558 1779 partem

202 1805 252 1831 ex
278 1790 388 1844 agris
413 1789 716 1830 lNIaronitarum
743 1789 1048 1830 conferentibus
1074 1787 1194 1842 ipsis,
1225 1794 1385 1841 partem
1411 1801 1462 1826 ex
1485 1801 1558 1825 na-

201 1853 321 1893 vibus
349 1853 452 1901 suis,
479 1867 583 1905 quae
610 1867 703 1892 cum
729 1852 861 1892 omnis
888 1851 1052 1906 generis
1074 1856 1307 1890 commeatu
1328 1849 1559 1900 sequeban-

202 1922 279 1955 tur.
329 1915 380 1955 ab
401 1914 561 1954 stativis
583 1915 664 1954 diei
687 1914 752 1954 via
770 1913 1039 1968 Apolloniam
1066 1912 1156 1952 fuit.
1206 1911 1302 1951 hinc
1326 1926 1400 1965 per
1413 1910 1558 1951 Abde-

200 1976 371 2018 ritarum
397 1991 545 2030 agrum
568 1976 787 2030 Neapolim
812 1982 1057 2029 perventum
1083 1982 1157 2014 est.
1220 1973 1299 2013 hoc
1331 1987 1452 2013 omne
1484 1986 1558 2026 per

205 2037 461 2079 Graecorum
487 2037 669 2078 colonias
695 2046 888 2092 pacatum
912 2037 989 2077 iter
1014 2036 1104 2085 fuit,
1136 2035 1341 2088 reliquum
1365 2034 1460 2074 inde
1485 2048 1559 2087 per

203 2099 361 2140 medios
376 2099 587 2140 Thraecas
611 2100 697 2140 dies
719 2107 957 2151 noctesque,
985 2098 1064 2138 etsi
1082 2112 1165 2138 non
1184 2097 1395 2145 infestum,
1422 2103 1559 2135 tamen

205 2168 462 2215 suspectum,
489 2162 620 2201 donec
645 2162 687 2200 in
711 2160 1006 2202 Macedoniam
1031 2166 1322 2214 pervenerunt.
1376 2157 1559 2198 mitiores

203 2222 415 2262 Thraecas
441 2223 551 2262 idem
577 2223 801 2271 exereitus,
833 2237 925 2262 cum
952 2237 976 2262 a
1002 2221 1198 2276 Scipione
1224 2220 1367 2260 eadem
1394 2219 1460 2259 via
1485 2219 1560 2258 du-

205 2290 384 2332 ceretur,
422 2283 641 2333 habuerat,
679 2285 833 2324 nullam
866 2285 918 2324 ob
950 2283 1073 2324 aliam
1104 2296 1271 2322 causam
1303 2295 1423 2333 quam
1452 2280 1562 2332 quod

206 2345 382 2399 praedae
420 2345 555 2385 minus
596 2346 706 2398 quod
742 2352 949 2399 peteretur
985 2345 1144 2391 fuerat,
1188 2356 1438 2395 quamquam
1475 2349 1559 2381 tum

207 2421 368 2459 quoque
385 2405 586 2446 Claudius
613 2414 756 2447 auctor
780 2414 842 2447 est
868 2406 920 2446 ad
945 2405 1180 2458 quindecim
1200 2404 1312 2443 milia
1326 2403 1561 2443 Thraecum

205 2468 468 2523 praecedenti
496 2468 548 2507 ad
573 2468 828 2522 exploranda
863 2467 955 2507 loca
986 2482 1136 2520 agmen
1160 2466 1333 2506 Muttini
1356 2465 1560 2506 Numidae

205 2529 457 2570 obcurrisse:
485 2530 808 2584 quadringentos
829 2529 987 2581 equites
1014 2528 1144 2568 fuisse
1162 2527 1377 2575 Numidas,
1404 2541 1559 2580 paucos

206 2591 460 2645 elephanto&
486 2591 679 2631 Muttinis
705 2591 831 2631 filium
856 2605 930 2645 per
947 2590 1105 2630 medios
1122 2589 1261 2630 hostes
1283 2603 1374 2629 cum
1396 2595 1559 2629 centum

275 2658 336 2683 [Avi
358 2657 411 2684 vol.
433 2656 481 2684 ΙΙΙ.
1296 2654 1339 2688 23

1570 382 1588 411 10

1584 1368 1599 1395 *1

1588 2169 1624 2198 11

1590 2601 1627 2631 13
