1799 2900
225 133 303 174 166
489 136 641 171 LIBER
668 135 875 179 xxxun,
902 135 956 168 52.
976 134 1030 168 53.
1059 135 1299 178 [mammo]

219 244 392 285 multum
424 241 506 280 iam
537 239 633 279 inde
659 254 683 279 a
713 237 914 293 principio
941 238 995 279 ad
1026 246 1210 278 nostram
1241 252 1371 291 usque
1402 245 1575 280 aetatem

176 322 193 352 6
221 302 486 346 traducentis.
537 317 560 341 a
586 315 715 340 censu
740 300 920 340 maxime
946 308 986 340 et
1013 310 1201 340 senatum
1228 308 1267 340 et
1292 300 1448 340 iudices
1475 300 1578 355 legit

218 366 575 422 potentioremque
601 378 693 403 eam
723 370 884 417 partem
911 362 1140 403 civitatium
1165 362 1275 411 fecit,
1302 362 1367 402 cui
1393 363 1510 404 salva
1535 371 1577 403 et

220 427 440 480 tranquilla
465 425 605 467 onmia
630 439 723 466 esse
749 424 883 478 magis
911 424 1172 479 expediebat.

178 510 188 536 1
304 489 403 529 LII.
449 489 516 528 Ita
541 502 636 527 cum
660 486 971 542 percensuisset
995 486 1277 535 Thessaliam,
1303 501 1377 540 per
1401 486 1578 540 Epirum

174 570 192 598 2
220 551 411 599 Oricum,
449 550 560 590 unde
586 557 673 590 erat
700 549 965 598 traiecturus,
1003 549 1128 589 venit.
1197 549 1248 589 ab
1275 549 1403 589 Orico
1436 548 1578 603 copiae

219 628 362 655 omncs
384 611 658 653 Brundisium
684 618 1001 665 transportatae.
1040 611 1135 651 inde
1161 625 1234 665 per
1260 618 1388 651 totam
1414 611 1578 651 Italiam

219 677 272 717 ad
298 676 443 716 urbem
468 689 598 730 prope
625 673 927 728 triumphantes
956 688 1038 713 non
1064 673 1222 713 minore
1249 672 1417 726 agmine
1442 687 1578 713 rerum

174 754 192 783 3
220 746 434 793 captarum
472 751 597 790 quam
634 751 709 777 suo
746 750 844 790 prae
883 750 926 776 se
959 742 1050 775 acto
1084 743 1297 775 venerunt.
1357 741 1578 788 postquam

218 801 398 842 Romam
424 806 593 840 ventum
621 806 696 848 est,
725 805 893 839 senatus
916 805 1032 838 extra
1057 797 1202 837 urbem
1218 795 1415 848 Quinctio
1437 795 1490 835 ad
1514 810 1579 836 res

219 870 361 918 gestas
395 862 686 903 edisserendas
720 861 840 901 datus
873 869 937 901 est
972 859 1290 914 triumphusque
1326 857 1497 898 meritus
1529 858 1581 898 ab

176 940 195 968 4
220 924 458 965 lubentibus
505 924 709 965 decretus.
776 922 959 963 triduum
995 920 1278 976 triumphavit.
1346 919 1412 960 die
1448 919 1580 974 primo

221 1003 353 1036 arma,
386 986 469 1027 tela
501 986 704 1041 signaque
730 1001 853 1026 aerea
879 992 919 1026 et
944 999 1176 1025 marmorea
1202 983 1430 1031 transtulit,
1462 982 1582 1037 plura

220 1049 417 1103 Philippo
444 1048 639 1103 adempta
670 1063 795 1100 quam
827 1062 932 1100 quae
959 1062 1010 1087 ex
1037 1045 1272 1087 civitatibus
1299 1051 1484 1099 ceperat3
1518 1060 1582 1085 se-

222 1111 357 1151 cundo
385 1126 530 1150 aurum
556 1118 856 1164 argentumque
882 1110 1039 1149 factum
1069 1108 1351 1160 infectumque
1377 1115 1417 1147 et
1443 1106 1582 1160 signa-

177 1188 196 1216 5
222 1181 322 1212 tum.
383 1172 527 1212 insecti
558 1171 719 1226 argenti
751 1172 828 1211 fuit
865 1171 1009 1212 decem
1043 1177 1082 1210 et
1114 1181 1207 1210 octo
1232 1169 1346 1209 milia
1376 1169 1514 1223 pondo
1542 1176 1582 1208 et

223 1234 401 1274 ducenta
438 1234 722 1288 septuaginta,
766 1233 866 1273 sacti
908 1248 1010 1272 vasa
1054 1232 1184 1272 multa
1222 1231 1356 1271 omnis
1400 1230 1579 1284 generis,

224 1296 381 1336 caelata
406 1295 617 1351 pleraque,
645 1295 848 1349 quaedam
870 1294 1042 1334 eximiae
1063 1294 1175 1342 artis,
1203 1300 1242 1333 et
1262 1308 1313 1333 ex
1333 1308 1425 1333 aere
1452 1292 1581 1331 multa

180 1372 197 1401 6
223 1357 465 1398 fabrefacta.
527 1357 579 1397 ad
611 1357 691 1398 1100
716 1357 863 1412 clupea
894 1365 1092 1411 argentea
1117 1356 1273 1395 decem.
1335 1354 1487 1408 signati
1517 1369 1581 1393 ar-

222 1418 336 1474 genti
356 1418 566 1473 oetoginta
585 1427 777 1471 quattuor
797 1418 909 1458 milia
929 1419 1043 1458 fuere
1057 1417 1294 1457 Atticorum
1307 1415 1581 1456 —tetrachma

224 1489 391 1529 vocant,
437 1481 560 1520 trium
597 1481 683 1521 fere
722 1480 984 1520 denariorum
1027 1479 1068 1518 111
1108 1478 1282 1532 singulis
1320 1477 1481 1532 argenti
1518 1485 1582 1517 est

224 1543 386 1597 pondus
412 1569 458 1583 —.
514 1542 602 1582 auri
632 1542 771 1596 pondo
797 1541 875 1581 fuit
907 1541 985 1581 tria
1010 1540 1122 1580 inilia
1148 1539 1412 1594 septingenta
1438 1539 1581 1579 decem

223 1612 416 1657 quattuor
454 1611 494 1645 et
531 1604 709 1658 clipeum
746 1618 875 1643 unum
913 1618 963 1643 cx
1001 1617 1100 1643 auro
1139 1609 1270 1641 totum
1302 1609 1342 1641 et
1371 1599 1582 1655 Philippei

222 1666 380 1706 nummi
412 1666 525 1707 aurei
556 1665 888 1718 quattuordecim
919 1664 1031 1704 inilia
1063 1663 1277 1717 quingenti
1316 1663 1581 1715 quattuorde-

177 1744 195 1771 ὅ
223 1728 315 1769 01111.
377 1727 496 1769 tertio
523 1728 588 1768 die
614 1742 791 1768 coronae
817 1742 980 1774 aureae,
1008 1726 1116 1767 dona
1141 1724 1382 1773 civitatium,
1410 1724 1582 1765 tralatae

178 1808 196 1836 9
223 1799 389 1831 centum
415 1789 763 1843 quattuordecim,
799 1796 839 1829 et
865 1788 1025 1830 hostiae
1052 1788 1199 1828 ductae
1225 1795 1265 1827 et
1296 1795 1392 1827 ante
1418 1800 1582 1826 currum

221 1853 339 1893 multi
369 1853 528 1893 nobiles
567 1851 721 1906 captivi
758 1852 1027 1904 obsidesque,
1065 1850 1171 1891 111101·
1203 1864 1306 1902 quos
1338 1848 1581 1889 Demetrius

221 1915 331 1969 regis
369 1914 554 1970 Philippi
594 1914 703 1955 filius
748 1914 826 1954 fuit
869 1922 910 1954 et
947 1914 1155 1953 Armenes
1200 1911 1374 1951 Nabidis
1419 1909 1581 1964 tyranni

158 1993 197 2021 10
223 1977 350 2026 filius,
377 1976 754 2017 Lacedaemonius.
815 1976 905 2030 ipse
937 1974 1085 2015 deinde
1113 1973 1338 2025 Quinctius
1370 1972 1413 2012 in
1437 1972 1582 2011 urbem

223 2046 283 2079 est
310 2039 511 2079 invectus.
575 2038 707 2079 secuti
733 2052 899 2077 currum
924 2036 1074 2076 milites
1102 2036 1359 2088 frequentes,
1398 2033 1581 2074 exercitu

159 2116 192 2144 11
223 2101 335 2141 0111111
373 2116 424 2141 ex
460 2100 674 2155 provincia
712 2100 942 2154 deportato.
1014 2097 1078 2138 his
1115 2097 1263 2137 duceni
1300 2096 1581 2149 quinquageni

223 2163 329 2202 acris
361 2162 402 2202 in
432 2162 593 2217 pedites
622 2161 763 2209 divisi,
803 2161 957 2215 duplex
983 2159 1231 2207 centurioni,
1263 2158 1414 2212 triplex
1440 2156 1582 2209 equiti.

160 2241 196 2269 12
223 2225 503 2279 praebuerunt
529 2223 711 2279 speciem
737 2222 946 2278 triumpho
973 2221 1177 2276 capitibus
1204 2220 1308 2260 rasis
1336 2219 1485 2268 secuti,
1514 2218 1580 2271 qui

224 2287 420 2327 servitute
447 2287 629 2342 exempti
653 2287 831 2327 fuerant.

183 2366 192 2393 1
308 2350 433 2391 LIH.
483 2350 614 2390 Exitu
646 2349 744 2390 anni
775 2349 897 2389 huius
930 2348 983 2400 Q.
1011 2347 1159 2389 Aelius
1192 2346 1361 2387 Tubero
1392 2345 1580 2385 tribunus

222 2411 355 2464 plebis
399 2427 451 2452 cx
493 2420 661 2453 senatus
701 2412 890 2453 consulto
930 2410 1021 2451 tulit
1056 2411 1110 2451 ad
1151 2409 1317 2464 plebem
1354 2408 1582 2463 plebesque

225 2473 361 2521 scivit,
387 2473 446 2513 uti
472 2474 576 2515 duae
602 2474 781 2514 Latinae
809 2473 1012 2522 coloniae,
1046 2488 1129 2513 una
1153 2472 1195 2512 in
1219 2470 1426 2519 Bruttios,
1454 2469 1580 2509 altera

181 2547 199 2575 2
224 2533 266 2572 in
280 2533 512 2574 Thurinum
538 2551 683 2588 agrum
711 2536 1024 2576 deducerentur.
1074 2534 1137 2575 his
1159 2531 1411 2574 deducendis
1439 2530 1579 2571 triuni-

228 2595 301 2635 viri
328 2596 472 2645 creati,
500 2597 649 2649 quibus
675 2597 717 2637 in
743 2597 964 2637 triennium
988 2596 1206 2651 imperium
1232 2601 1362 2642 esset,
1388 2593 1429 2633 in
1458 2591 1580 2632 Brut-

180 1559 195 1587 *Q
