1799 2900
438 153 592 188 LIBER
616 153 841 196 xxxviii,
868 152 923 186 42.
943 151 997 185 43.
1027 150 1219 195 [110188.
1237 149 1318 192 187]
1475 137 1560 179 355

198 260 380 316 privatos
407 271 603 312 praeesse
629 264 831 311 oportere.
893 255 1036 309 vagari
1067 269 1138 296 cos
1165 268 1259 294 cum
1283 252 1382 293 belli
1405 259 1560 292 terrore

197 337 270 377 per
306 321 514 366 nationes,
564 319 712 372 quibus
756 318 909 359 bellum
948 317 1146 357 indictum
1178 330 1260 356 non
1293 314 1364 364 sit,
1413 328 1558 368 pacem

198 382 329 438 pretio
356 381 621 423 venditantis.
678 380 712 420 si
738 395 808 420 eas
834 379 1069 434 provincias
1096 377 1345 419 exercitibus
1374 376 1560 417 obtinere

198 460 302 499 opus
329 451 458 492 esset,
486 442 591 483 sicut
616 442 692 482 M'.
714 441 852 483 Acilio
878 442 931 482 L.
948 440 1090 495 Scipio
1117 440 1275 488 consul,
1303 439 1356 479 L.
1373 436 1560 492 Scipioni

199 506 260 548 M.
274 506 449 546 Fulvius
471 513 512 546 et
527 504 606 545 Cn.
621 504 807 544 Manlius
829 503 1130 543 successissent
1150 501 1360 550 consules,
1386 500 1444 540 ita
1460 499 1561 540 Ful-
1609 517 1615 522 ·

200 569 265 610 vio
279 568 523 620 Manlioque
540 565 772 608 C.Livium
793 574 831 606 et
847 565 1133 608 M.Valerium
1154 563 1346 604 consules
1367 562 1560 603 debuisse

200 630 435 672 succedere.
484 643 594 669 nunc
614 636 736 677 certe,
763 628 947 682 perfecto
962 626 1154 667 Aetolico
1174 624 1297 674 bello,
1324 631 1491 678 recepta
1509 624 1562 663 ab

199 692 410 733 Antiocho
436 691 561 739 Asia,
589 690 761 731 devictis
784 689 937 738 Gallis,
965 696 1035 729 aut
1060 688 1251 729 consules
1279 687 1331 727 ad
1356 686 1561 727 exercitus

200 754 438 795 consulares
464 753 571 794 mitti
597 760 664 792 aut
689 751 891 806 reportari
915 751 1101 805 legiones
1128 750 1223 790 inde
1248 748 1447 801 reddique
1472 755 1563 787 tan-

201 818 295 858 dem
319 816 378 857 rei
402 816 593 870 publicae
621 815 781 855 debere.
832 820 1000 854 senatus
1027 812 1091 852 his
1117 811 1268 852 auditis
1294 811 1336 851 in
1357 809 1562 851 sententia

201 878 503 934 perseveravit,
542 887 587 918 ut
619 877 859 917 consulibus
892 875 1094 916 ambobus
1131 874 1314 928 Ligures
1351 872 1564 927 provincia

200 950 330 989 esset3
380 940 588 980 Manlium
620 939 899 991 Fulviumque
937 937 1137 977 decedere
1175 936 1226 977 de
1262 934 1485 990 provinciis
1523 944 1561 974 ct

201 1002 405 1044 exercitus
430 1002 526 1042 inde
553 1001 757 1042 deducere
783 1014 831 1040 ac
855 999 989 1040 redire
1014 999 1193 1040 Romam
1219 997 1386 1053 placuit.

284 1064 564 1104 XXXXHI.
614 1062 859 1103 Inimicitiae
885 1062 991 1101 inter
1016 1061 1078 1101 M.
1106 1060 1303 1101 Fulvium
1329 1067 1367 1099 et
1392 1059 1455 1099 M.
1476 1057 1563 1098 Ae-

202 1127 360 1166 milium
391 1125 604 1166 consulem
636 1132 771 1173 erant,
810 1132 851 1164 et
881 1138 1004 1177 super
1037 1130 1174 1162 cetera
1198 1121 1405 1162 Aemilius
1432 1120 1563 1161 serius

200 1188 366 1229 biennio
392 1202 436 1228 se
463 1186 676 1227 consulem
702 1186 858 1226 factum
872 1185 934 1225 M.
950 1184 1089 1225 Fulvii
1109 1198 1235 1238 opera
1260 1183 1450 1223 ducebat.
1488 1181 1564 1222 ita-

200 1265 279 1303 que
316 1249 369 1290 ad
404 1248 604 1288 invidiam
642 1247 679 1288 ei
710 1247 948 1287 faciundam
979 1246 1141 1300 legatos
1173 1243 1488 1285 Ambraciensis
1522 1243 1562 1282 in

201 1320 390 1352 senatum
416 1311 663 1351 subornatos
691 1307 930 1350 criminibus
957 1307 1203 1356 introduxit,
1242 1306 1312 1359 qui
1338 1305 1436 1354 sibi,
1469 1320 1564 1345 cuin

199 1374 241 1414 in
266 1388 368 1428 pace
394 1380 535 1414 essent
559 1372 843 1427 imperataque
869 1370 1073 1425 prioribus
1101 1369 1340 1410 consulibus
1367 1368 1565 1409 fecissent

200 1445 241 1476 et
265 1436 412 1477 eadem
437 1434 706 1476 oboedienter
737 1442 950 1488 praestare
974 1432 1037 1473 M.
1063 1432 1214 1474 Fulvio
1246 1430 1379 1485 parati
1410 1438 1563 1478 essent,

199 1498 353 1539 bellum
378 1497 552 1537 inlatum
578 1495 731 1550 questi,
760 1511 882 1550 agros
910 1495 1089 1549 primum
1114 1493 1408 1548 depopulatos,
1435 1500 1564 1532 terro-
1590 1516 1593 1521 ·

200 1575 288 1601 rem
314 1558 554 1613 direptionis
582 1566 622 1599 et
647 1557 786 1598 caedis
814 1557 904 1597 urbi
929 1556 1143 1604 iniectum,
1170 1564 1216 1596 ut
1240 1570 1289 1596 eo
1314 1562 1426 1595 metu
1453 1554 1564 1594 clau-

201 1623 297 1663 dere
330 1629 576 1676 cogerentur
607 1629 768 1674 portas:
820 1620 1016 1660 obsessos
1050 1618 1199 1658 deinde
1231 1626 1271 1657 et
1302 1617 1564 1671 obpugnatos

202 1699 246 1725 se
273 1692 311 1724 et
338 1683 476 1724 onmia
502 1682 693 1737 exempla
723 1681 820 1722 belli
851 1681 992 1721 habita
1022 1680 1063 1720 in
1090 1694 1134 1720 se
1166 1678 1382 1726 caedibus,
1424 1678 1566 1718 incen-

202 1746 298 1794 diis,
331 1745 480 1793 ruinis,
513 1744 741 1798 direptione
767 1743 901 1791 urbis,
936 1741 1153 1795 coniuges,
1191 1740 1342 1781 liberos
1368 1740 1410 1779 in
1437 1739 1565 1780 servi-

201 1808 303 1848 tium
335 1808 585 1855 abstractos,
624 1806 732 1846 bona
764 1805 958 1859 adempta
990 1812 1049 1852 et,
1088 1803 1199 1856 quod
1232 1816 1276 1842 se
1307 1809 1402 1843 ante
1428 1801 1566 1842 omnia

202 1878 384 1919 moveat,
412 1869 566 1924 templa
591 1876 676 1909 tota
700 1868 801 1908 urbe
828 1867 1004 1922 spoliata
1029 1865 1294 1907 ornamentis.
1346 1864 1566 1905 simulacra

202 1933 346 1982 defun,
384 1932 484 1972 deos
516 1931 642 1971 immo
674 1930 809 1985 ipsos,
847 1929 1069 1970 convulsos
1102 1943 1153 1968 ex
1185 1927 1353 1968 sedibus
1382 1926 1466 1967 suis
1494 1927 1565 1966 ab·

202 1995 307 2036 latos
334 2009 446 2043 esse,
473 1993 652 2048 parietes
679 2000 903 2047 postesque
930 1991 1127 2039 nudatos,
1160 2005 1264 2043 quos
1291 1989 1481 2038 adorent,
1514 1988 1566 2028 ad

203 2072 304 2110 quos
332 2064 551 2111 precentur
576 2063 617 2096 et
648 2055 900 2110 supplicent,
939 2052 1312 2094 Ambraciensibus
1346 2065 1565 2105 superesse

202 2119 384 2159 —haec
421 2118 629 2171 querentis
666 2117 962 2171 interrogando
1000 2115 1220 2156 criminose
1252 2129 1303 2154 ex
1334 2103 1564 2167 composito

204 2181 347 2222 consul
373 2180 426 2220 ad
450 2180 587 2234 plura,
614 2179 727 2220 velut
752 2194 834 2219 non
862 2194 937 2219 sua
963 2186 1110 2232 sponte
1137 2176 1329 2221 dicenda,
1363 2174 1565 2215 eliciebat.

203 2243 327 2284 motis
353 2242 539 2296 patribus
566 2241 668 2282 alter
689 2241 834 2282 consul
850 2240 899 2282 C.
913 2240 1145 2282 Flaminius
1160 2239 1222 2279 M.
1237 2237 1375 2279 Fulvii
1396 2251 1565 2277 causam

205 2305 385 2358 excepit,
423 2303 493 2356 qui
524 2310 707 2344 veterem
739 2304 849 2343 viam
880 2311 921 2343 et
951 2302 1184 2343 obsoletam
1215 2300 1428 2354 ingressos
1460 2298 1567 2338 Am-

205 2366 441 2407 bracienses
475 2364 596 2405 dixit:
635 2364 694 2404 sic
719 2364 781 2405 M.
806 2364 1057 2405 BIarcellum
1089 2363 1140 2403 ab
1175 2360 1470 2415 Syracusanis,
1508 2360 1567 2400 sic

206 2428 259 2479 Q.
285 2427 482 2468 Fulvium
512 2442 535 2466 a
568 2424 796 2479 Campanis
835 2433 1066 2466 accusatos.
1127 2423 1227 2476 quin
1259 2422 1405 2463 eadem
1441 2437 1566 2476 opera

205 2490 256 2530 T.
278 2489 522 2542 Quinctium
548 2504 572 2529 a
595 2488 790 2543 Philippo
816 2503 933 2542 rege,
966 2487 1041 2528 Μ’.
1062 2486 1246 2527 Acilium
1272 2492 1311 2526 et
1330 2485 1382 2526 L.
1407 2484 1567 2539 Scipio-

206 2567 301 2592 nem
327 2552 378 2592 ab
403 2549 632 2599 Antiocho,
662 2549 740 2591 Cn.
767 2550 974 2590 'Manlium
1001 2565 1024 2589 a
1051 2548 1203 2597 Gallis,
1228 2549 1365 2603 ipsum
1385 2547 1446 2588 M.
1466 2546 1566 2588 Ful-

207 2614 316 2654 vium
345 2613 397 2654 ab
412 2612 574 2654 Aetolis
601 2620 638 2653 et
657 2611 953 2666 Ceplialleniae
978 2611 1143 2666 populis
1171 2610 1356 2651 accusari
1377 2619 1567 2664 pateren-

1266 2676 1334 2709 ⁶23*

1588 263 1623 292 1]

1592 820 1629 848 13

1590 1190 1608 1218 [ὑ

1592 2126 1608 2154 ’ἦ
