1799 2900
175 244 191 273 G

176 429 191 457 “⁸1

172 2041 189 2070 t}

177 2536 189 2564 1

224 119 303 160 156
474 125 629 160 LIBER
654 124 862 169 xxxnn,
888 124 1043 160 ιιι-39.
1073 128 1169 170 [a.u.
1188 137 1206 161 ο
1231 127 1313 170 559]

219 230 427 270 exciderat
452 229 568 283 pacis
594 228 749 269 mentio
770 244 820 269 ex
846 229 1029 270 omnium
1055 230 1216 279 animis,
1244 238 1284 272 et
1309 231 1350 271 in
1377 230 1577 272 stationes

218 308 301 332 non
326 292 433 331 ultra
459 291 635 343 quicturi
667 290 914 332 discurrunt.
974 306 1201 346 paucorum
1226 293 1415 333 excursio
1446 293 1577 333 laces-

219 354 396 394 sentium
423 362 463 393 et,
490 353 643 393 emissa
668 352 802 394 iacula
827 354 1035 408 extemplo
1063 362 1102 394 et
1126 354 1327 395 Romanis
1355 355 1577 395 dubitatio-

218 431 325 463 nem,
352 414 451 467 quin
475 415 713 455 bellandum
736 422 858 464 essct,
886 424 1139 456 exemelunt.
1177 417 1286 457 lexia
1305 417 1401 457 inde
1421 417 1577 471 ploclia

218 492 291 531 per
332 477 607 529 quadriduum
653 477 833 531 primum
877 477 965 518 sinc
1009 478 1093 518 ullo
1137 479 1237 518 satis
1276 491 1388 520 certo
1426 488 1576 519 exentu

220 538 452 579 commissa.
515 539 658 592 quinto
685 540 749 580 dic
781 555 909 594 prope
935 540 1044 580 iusta
1074 556 1215 595 puona
1246 541 1349 581 adeo
1376 557 1414 596 p
1406 557 1456 581 u
1461 551 1575 582 entes

218 601 258 641 in
292 600 490 655 oppidum
516 601 827 642 Lacedaemoni
853 602 1056 656 compulsi
1083 611 1198 651 sunt,
1230 612 1275 643 ut
1308 603 1475 656 quidam
1501 603 1576 643 mi-

219 663 312 703 lites
338 663 517 704 Romani
550 671 666 717 terga
697 663 944 718 fugientium
971 665 1191 705 caedentes
1222 680 1297 719 per
1327 664 1575 714 intermissa,

219 732 264 765 ut
290 732 386 765 tunc
412 733 540 773 erant,
567 726 731 766 moenia
757 726 901 766 urbem
927 725 1128 767 intrarint.

304 786 577 830 XXXVIII.
627 788 685 827 Et
715 795 813 828 tunc
845 787 1012 841 quidem
1039 787 1260 839 Quinctius
1297 788 1396 829 satis
1424 804 1472 829 eo
1498 796 1578 829 ter-

217 864 309 889 rorc
337 849 524 890 coercitis
558 850 871 890 excursionibus
904 849 1086 890 hostium
1118 849 1219 889 nihil
1251 858 1415 904 praeter
1445 850 1576 905 ipsius

219 911 573 965 obpugnationem
604 912 718 952 urbis
752 927 971 967 superesse
1003 920 1137 959 ratus,
1175 912 1313 953 missis
1348 913 1416 966 qui
1442 913 1576 954 omnis

219 973 377 1013 navalis
417 973 550 1014 socios
584 989 608 1014 a
640 973 807 1028 Gytheo
840 982 1118 1023 accerserent,
1155 974 1245 1029 ipsc
1282 974 1446 1015 interim
1483 989 1577 1014 cnm

219 1035 392 1076 tribunis
419 1035 595 1076 militum
622 1037 673 1076 ad
693 1036 912 1077 visendum
933 1036 1046 1077 urbis
1075 1037 1198 1077 situm
1219 1036 1383 1077 moenia
1403 1036 1577 1077 circum-

219 1097 394 1137 vehitur.
455 1098 589 1138 fuerat
616 1099 826 1151 quondam
853 1099 941 1139 sinc
968 1114 1084 1139 muro
1113 1097 1283 1153 Sparta3
1310 1098 1475 1153 tyranni
1502 1114 1576 1139 nu-

218 1175 291 1213 per
315 1160 416 1200 locis
443 1161 680 1214 patentibus
712 1161 929 1215 planisque
956 1161 1190 1202 obiecerant
1217 1176 1398 1209 murum,
1432 1161 1577 1202 altiora

217 1221 309 1262 loca
340 1231 380 1263 ct
412 1223 595 1263 difficilia
626 1224 740 1264 aditu
771 1224 1016 1264 stationibus
1049 1232 1299 1264 armatorum
1336 1239 1412 1278 pro
1442 1224 1576 1263 muni-

218 1292 358 1325 mento
401 1285 573 1325 obiectis
618 1286 869 1326 tutabantur.
948 1285 1018 1325 ubi
1063 1285 1162 1326 satis
1201 1286 1339 1326 omnia
1380 1285 1574 1340 inspexit,

218 1360 370 1387 corona
402 1347 726 1401 obpugnandum
758 1356 872 1388 ratus
899 1347 1090 1388 omnibus
1122 1348 1250 1402 copiis
1276 1372 1332 1376 ——
1358 1357 1472 1388 erant
1505 1364 1575 1389 au-

218 1415 302 1448 tem
316 1409 600 1449 Romanorum
626 1409 926 1462 sociorumque,
954 1409 1075 1450 simul
1101 1410 1286 1464 peditum
1308 1410 1574 1463 equitumque

218 1469 339 1510 simul
366 1471 620 1511 terrestrium
645 1485 694 1511 ac
718 1471 928 1511 navalium
950 1471 1173 1526 copiarum,
1201 1471 1254 1511 ad
1277 1472 1575 1526 quinquaginta

218 1532 330 1572 milia
361 1532 574 1573 hominum
598 1557 655 1561 ——
678 1533 823 1573 urbem
850 1532 989 1573 cinxit.
1051 1533 1119 1573 alii
1146 1533 1299 1582 scalas,
1328 1533 1395 1573 alii
1421 1534 1574 1588 ignem,

217 1594 285 1633 alii
312 1594 403 1643 alia,
430 1595 579 1647 quibus
606 1610 690 1636 non
715 1595 1006 1649 obpugnarent
1030 1594 1171 1643 modo,
1199 1595 1273 1635 sed
1299 1594 1422 1635 etiam
1447 1602 1575 1636 terre-

216 1663 327 1704 rent,
365 1657 598 1711 portabant.
659 1656 761 1697 iussi
799 1657 962 1697 sublato
1000 1657 1179 1697 clamore
1217 1657 1355 1697 subire
1392 1657 1574 1710 undiquc

216 1733 379 1767 omnes,
417 1725 461 1758 ut
494 1733 575 1771 qua
603 1718 783 1773 primum
808 1720 1077 1760 obcurrerent
1108 1733 1241 1772 quave
1267 1733 1390 1773 opem
1420 1719 1574 1760 ferrent

216 1781 269 1820 ad
295 1780 432 1821 omnia
458 1781 580 1821 simul
605 1792 806 1836 paventes
832 1781 1143 1822 Lacedaemoni
1169 1781 1420 1835 ignorarent.
1465 1782 1574 1835 quod

215 1843 375 1883 roboris
408 1843 449 1883 in
476 1843 658 1884 exercitu
684 1852 789 1892 erat,
822 1843 1021 1884 trifariam
1048 1843 1240 1884 divisum.
1300 1853 1417 1898 parte
1443 1858 1526 1898 una
1551 1859 1575 1884 a

214 1905 432 1954 Phoebeo,
472 1906 602 1946 altera
632 1921 656 1946 a
684 1905 944 1960 Dictynneo,
984 1905 1104 1945 tertia
1135 1905 1186 1945 ab
1217 1920 1266 1946 eo
1303 1905 1413 1954 loco,
1453 1919 1572 1958 quem

215 1967 506 2021 Heptagonias
541 1968 751 2022 appellant
776 1992 829 1996 —
856 1967 995 2008 omnia
1019 1975 1158 2008 autem
1189 1966 1292 2007 haec
1317 1975 1460 2022 aperta
1485 1967 1573 2008 sinc

216 2044 333 2070 muro
364 2030 455 2071 loca
487 2038 583 2070 sunt
606 2054 663 2059 —
693 2030 866 2085 adgredi
896 2029 1022 2070 iubet.
1089 2043 1181 2069 cum
1214 2037 1353 2070 tantus
1391 2029 1573 2082 undique

216 2099 345 2132 terror
376 2093 522 2133 urbem
554 2092 906 2140 circumvasisset,
944 2091 1076 2146 primo
1108 2099 1308 2145 tijannus
1336 2098 1377 2132 et.
1407 2092 1460 2132 ad
1491 2092 1574 2132 cla-

215 2169 349 2194 mores
376 2155 614 2209 repentinos
648 2162 686 2195 et
714 2155 765 2195 ad
790 2154 955 2194 nuntios
988 2153 1170 2208 trepidos
1197 2161 1353 2202 motus,
1386 2161 1432 2194 ut
1462 2153 1573 2207 quis-

216 2230 295 2269 que
332 2217 512 2257 maxime
549 2218 765 2258 laborabat
800 2217 935 2265 locus,
979 2224 1050 2257 aut
1092 2216 1182 2270 ipse
1220 2216 1468 2257 obcurrcbat
1506 2224 1575 2256 aut

216 2278 375 2331 aliquos
406 2279 616 2328 mittebat,
655 2279 804 2320 deinde
838 2279 1087 2319 circumfuso
1120 2278 1302 2331 undique
1333 2293 1487 2333 pavore
1517 2278 1570 2318 ita

215 2340 441 2394 obtorpuit,
480 2350 523 2381 ut
560 2356 637 2382 nec
668 2342 803 2382 dicere
835 2341 945 2394 quod
982 2341 1023 2380 in
1055 2356 1141 2381 rem
1174 2349 1286 2381 esset
1323 2355 1399 2381 nec
1431 2340 1572 2381 audire

216 2411 377 2454 posset,
409 2417 484 2443 nec
516 2403 635 2458 inops
662 2404 785 2445 modo
812 2403 991 2453 consilii,
1031 2403 1106 2444 sed
1131 2403 1200 2443 vix
1225 2402 1376 2445 mentis
1403 2417 1572 2457 compos

218 2471 340 2503 essct.

301 2524 594 2567 XXXVHH.
632 2528 845 2568 Romanos
871 2527 1004 2582 primo
1026 2528 1287 2569 sustinebant,
1308 2527 1350 2568 in
1371 2525 1572 2581 angustiis

220 2586 554 2637 Lacedaemonii,
582 2596 805 2642 ternaeque
832 2589 940 2630 acics
968 2598 1153 2644 tempore
1173 2605 1255 2632 uuo
1274 2590 1376 2631 locis
1398 2587 1572 2629 diversis
