1799 2900
185 284 203 314 6

184 409 200 438 7

181 1153 199 1183 10

231 156 315 197 340
492 164 642 199 LIBER
669 165 894 209 XXXVIII,
919 165 973 199 26.
993 165 1047 200 27.
1076 167 1123 211 [η.
1138 178 1172 200 u.
1188 177 1216 200 e.
1233 164 1313 205 565]

230 268 417 309 hostibus
444 267 618 317 fractos,
646 268 742 321 quia
767 268 845 309 etsi
870 283 954 310 non
978 269 1059 323 ipsi
1083 269 1180 310 vieti
1206 277 1334 318 erant,
1363 284 1461 311 suae
1487 285 1585 325 gen-

227 332 278 371 tis
306 330 520 372 hominum
546 331 708 372 cladem
733 346 807 386 pro
834 346 910 372 sua
935 332 1155 374 ducebant.
1203 332 1342 387 itaque
1369 349 1392 374 a
1417 334 1586 388 paribus

227 393 352 433 initiis
391 400 538 447 coepta
573 408 640 433 res
678 393 858 433 eundem
894 394 1050 434 exitum
1087 394 1242 435 habuit.
1304 395 1416 436 velut
1454 396 1586 436 nubes

226 454 381 495 levium
406 455 582 496 telorum
609 455 796 496 coniecta
822 456 958 496 obruit
984 456 1115 497 aciem
1142 456 1371 497 Gallorum.
1416 471 1493 498 nec
1519 465 1587 498 aut

225 531 467 571 procurrere
494 517 715 570 quisquam
747 518 799 558 ab
825 517 1038 558 ordinibus
1066 518 1170 568 suis,
1204 534 1256 560 ne
1282 520 1487 560 nudarent
1512 535 1587 559 un-

227 579 349 632 dique
371 594 520 634 corpus
543 580 596 620 ad
614 579 734 628 101113,
761 580 984 629 audebant,
1011 588 1051 621 et
1077 588 1248 630 stantes,
1275 596 1357 634 quo
1373 582 1586 622 densiores

226 648 361 689 erant,
401 641 478 682 1100
514 641 652 696 plura,
691 642 804 682 velut
836 641 1089 683 destinatum
1120 643 1378 697 petentibus,
1416 644 1587 684 vulnera

227 703 498 758 accipiebant.
539 704 684 745 consul
709 704 791 745 iam
815 719 890 759 per
910 720 954 745 se
980 705 1154 745 turbatis
1178 705 1213 745 si
1236 705 1448 759 legionum
1469 705 1588 760 signa

226 766 497 815 ostendisset,
531 781 725 808 versuros
753 766 961 821 extemplo
987 767 1030 808 in
1054 767 1199 821 fugam
1224 767 1358 808 onmis
1383 775 1499 808 ratus
1524 783 1587 808 re-

226 828 356 882 ceptis
394 828 500 869 111101·
537 828 703 870 ordines
748 829 941 870 velitibus
980 838 1018 870 et
1063 829 1142 870 alia
1185 830 1305 870 turba
1341 829 1586 870 auxiliorum

227 890 357 931 aciem
383 891 603 945 promovit.

311 952 510 995 XXVII.
563 953 674 994 Galli
713 960 753 994 et
789 953 988 994 memoria
1024 953 1421 1008 Tolostobogiorum
1459 953 1587 994 eladis

226 1015 367 1064 territi,
395 1023 435 1056 et
459 1015 718 1056 inhaerentia
744 1015 986 1070 corporibus
1012 1016 1195 1070 gerentis
1223 1016 1317 1065 tela,
1344 1015 1528 1069 fessique
1548 1023 1589 1056 et

226 1078 375 1118 stando
411 1085 450 1118 et
488 1078 749 1127 vulneribus,
793 1093 844 1118 ne
886 1078 1066 1133 primum
1109 1078 1277 1131 quidem
1318 1077 1505 1132 inpetum
1548 1084 1589 1117 et

227 1139 449 1180 clamorem
464 1140 748 1181 Romanorum
776 1141 970 1182 tulerunt.
1002 1140 1104 1195 fuga
1123 1141 1176 1180 ad
1196 1148 1331 1181 castra
1355 1139 1586 1188 inclinavit3

227 1202 300 1242 sed
336 1202 458 1257 pauci
500 1203 608 1242 intra
644 1202 900 1242 munimenta
939 1217 1031 1243 sese
1068 1217 1281 1256 recepere,
1320 1217 1417 1256 pars
1454 1201 1586 1242 maior

225 1265 372 1305 dextra
408 1265 609 1317 laevaque
652 1264 824 1319 praelati
841 1297 851 1313 ,
897 1279 978 1317 qua
1021 1278 1227 1317 quemque
1272 1264 1436 1318 inpetus
1480 1263 1584 1311 tulit,

225 1326 433 1380 fugerunt.
507 1326 683 1367 victores
727 1341 859 1379 usque
902 1327 955 1366 ad
998 1335 1133 1367 eastra
1176 1325 1306 1367 secuti
1348 1325 1585 1366 ceciderunt

225 1397 355 1443 terga,
383 1389 531 1429 deinde
556 1389 598 1428 in
619 1389 764 1429 castris
787 1388 1010 1443 cupiditate
1036 1388 1216 1442 praedae
1242 1388 1480 1436 haeserunt,
1507 1402 1585 1428 nec

225 1452 475 1503 sequebatur
500 1450 732 1504 quisquam.
765 1450 807 1490 in
834 1450 1027 1491 cornibus
1051 1449 1162 1491 Galli
1189 1450 1340 1491 diutius
1369 1458 1582 1500 steterunt,

224 1513 320 1566 quia
351 1513 482 1553 serius
515 1513 567 1553 ad
599 1528 669 1553 eos
706 1520 952 1567 perventum
984 1521 1066 1561 est3
1105 1520 1286 1553 ceterum
1317 1527 1369 1552 ne
1405 1512 1584 1567 primum

224 1575 392 1627 quidem
418 1574 651 1615 coniectum
676 1575 852 1615 telorum
878 1574 1072 1615 tulerunt.
1134 1574 1279 1615 consul
1305 1574 1401 1627 quia
1425 1574 1585 1629 ingres-

224 1652 293 1677 sos
325 1636 367 1676 in
400 1643 536 1677 castra
567 1637 618 1677 ab
651 1636 881 1690 direptione
909 1636 1149 1677 abstrahere
1180 1652 1263 1677 11011
1295 1644 1474 1691 poterat,
1513 1651 1584 1678 eos

224 1699 292 1752 qui
318 1699 360 1739 in
386 1699 579 1740 cornibus
607 1699 771 1740 fuerant
795 1699 983 1753 protinus
1011 1699 1064 1739 ad
1091 1700 1325 1752 sequendos
1351 1699 1482 1740 hostis
1509 1699 1585 1739 mi-

224 1761 288 1802 sit.
349 1776 423 1816 per
449 1761 707 1814 aliquantum
734 1761 915 1816 spatium
941 1761 1072 1802 secuti
1097 1777 1180 1801 non
1205 1761 1299 1816 plus
1326 1770 1466 1802 tamen
1490 1768 1584 1802 octo

222 1823 335 1864 milia
360 1823 574 1864 11011111111111
599 1824 642 1864 111
667 1824 768 1879 fuga
794 1848 848 1852 ——-
872 1839 968 1864 nam
993 1839 1135 1878 pugna
1160 1824 1271 1864 nulla
1297 1823 1374 1864 fuit
1398 1847 1454 1852 —
1480 1823 1585 1863 ceci-

223 1887 389 1935 derunt3
428 1886 575 1939 reliqui
604 1887 759 1927 flumen
789 1886 934 1940 Halyn
966 1887 1225 1927 traiecerunt.
1296 1886 1584 1927 Romanorum

220 1964 318 2003 pars
351 1964 505 2003 magna
537 1963 586 1989 ea
610 1957 731 1990 nocte
762 1949 805 1989 in
830 1948 1014 1990 hostium
1040 1948 1186 1989 castris
1218 1948 1390 1996 mansit,
1423 1956 1582 1989 ceteros

220 2011 263 2051 111
290 2027 365 2052 sua
390 2021 526 2052 castra
551 2012 696 2052 consul
720 2012 898 2052 reduxit.
958 2020 1125 2066 postero
1158 2011 1223 2052 die
1250 2011 1436 2065 captivos
1463 2026 1582 2065 prae-

221 2073 399 2126 damque
424 2073 652 2123 recensuit,
690 2088 795 2127 quae
827 2081 942 2114 tanta
972 2073 1068 2122 fuit,
1107 2080 1304 2127 quantam
1342 2072 1582 2113 avidissima

220 2136 408 2191 rapiendi
445 2151 569 2190 gens,
609 2151 701 2176 cum
738 2136 795 2177 cis
834 2144 1017 2177 montem
1055 2136 1242 2176 Taurum
1280 2135 1418 2176 onmia
1455 2134 1580 2175 armis

220 2214 294 2253 per
318 2199 472 2240 multos
500 2214 630 2240 annos
664 2198 886 2247 tenuisset,
913 2213 1158 2240 coacervare
1183 2197 1329 2253 potuit.
1393 2196 1504 2238 Galli
1529 2211 1580 2237 ex

221 2261 423 2316 dissipata
446 2261 606 2315 passim
630 2261 731 2315 fuga
756 2261 798 2301 in
823 2276 952 2301 unum
977 2261 1115 2301 10011111
1141 2259 1402 2314 congregati,
1427 2274 1581 2314 magna

221 2338 316 2376 pars
345 2323 457 2363 sauci
484 2330 551 2363 aut
582 2323 782 2373 inermes,
820 2323 965 2364 nudati
990 2323 1182 2364 omnibus
1214 2323 1357 2372 rebus,
1395 2329 1578 2363 oratores

221 2385 271 2425 de
303 2400 405 2439 pace
438 2386 493 2425 ad
524 2385 736 2426 consulem
768 2385 981 2426 miserunt.
1043 2400 1114 2426 eos
1144 2385 1331 2425 BIanlius
1363 2384 1579 2438 Ephesum

222 2448 361 2488 venire
387 2448 518 2488 iussit.
568 2448 659 2502 ipse
679 2472 731 2476 —ae
752 2448 836 2488 iam
863 2448 974 2488 enim
998 2447 1180 2488 medium
1206 2446 1392 2487 autumni
1418 2453 1505 2486 erat
1522 2468 1576 2473 ——

220 2508 321 2548 loeis
358 2509 505 2563 gelidis
542 2509 848 2564 propinquitate
886 2509 1015 2550 Tauri
1056 2509 1208 2550 montis
1246 2508 1447 2549 excedere
1484 2521 1576 2561 pro—

220 2584 370 2624 perans
413 2572 608 2612 victorem
656 2572 879 2612 exercituin
922 2571 963 2612 in
1006 2571 1179 2612 hiberna
1213 2570 1444 2611 maritimae
1481 2582 1576 2609 orae

221 2631 396 2671 reduxit.
