1799 2900
431 122 583 156 LIBER
607 122 832 167 xxxvm,
860 124 912 157 19.
932 123 986 158 ρο.
1015 125 1063 167 [a.
1078 122 1117 158 e.
1132 123 1212 167 189]
1415 114 1498 155 333

147 227 305 282 cepisse
315 242 325 275 ;
352 225 537 266 diversos
563 226 821 280 Tectosagos
848 227 973 267 alium
999 235 1198 276 montem,
1225 226 1294 279 qui
1314 226 1501 280 Magaba

146 289 323 336 (licatur,
365 287 539 342 petisse3
594 288 795 328 Trocmos
839 289 1082 343 coniugibus
1126 302 1173 329 ac
1215 288 1353 329 liberis
1391 288 1500 342 apud
1526 300 1543 328 ·2

146 351 404 405 Tectosagos
448 349 645 403 depositis
689 357 940 390 armatorum
983 350 1146 405 agmine
1190 349 1499 404 Tolostobogiis

147 411 341 453 statuisse
367 411 566 451 auxilium
591 412 710 451 serre.
761 420 877 452 erant
897 419 1033 453 autem
1060 421 1156 452 tunc
1182 412 1303 452 trium
1328 412 1502 467 populo-

145 489 236 514 rum
267 473 401 527 reguli
432 472 609 528 Ortiago
642 481 682 513 et
715 472 1060 514 Combolomarus
1099 482 1139 514 et
1172 474 1391 515 Gaulotus.
1451 473 1500 514 iis
1528 488 1546 516 3

146 535 250 576 haec
269 535 448 575 maxime
468 535 572 575 ratio
594 535 690 575 belli
710 536 899 576 sumendi
919 536 1070 585 fuerat,
1097 536 1208 588 quod
1228 550 1320 576 cum
1340 542 1500 576 montes

147 597 398 638 editissimos
440 597 622 651 reglonis
666 597 753 637 eius
790 604 994 646 tenerent,
1044 597 1252 638 convectis
1297 597 1501 645 omnibus,

147 674 251 713 quac
279 660 331 699 ad
356 674 479 699 usum
504 658 693 711 quamvis
718 659 833 713 longi
858 660 1052 713 temporis
1080 660 1340 708 subficerent,
1367 659 1502 699 taedio

147 737 192 762 se
218 721 463 776 fatigaturos
490 720 652 761 hostem
678 722 921 762 censebant:
953 736 1048 761 nam
1073 736 1206 774 neque
1233 736 1405 762 ausuros
1430 735 1503 775 per
1529 734 1546 769 ῖι

148 792 232 824 tam
264 784 393 823 ardua
423 791 547 836 atque
578 783 718 836 iniqua
750 783 841 823 loca
867 784 1003 824 subire
1035 798 1105 824 eos
1144 791 1202 831 et,
1241 783 1275 823 si
1307 797 1505 824 conaren-

148 854 232 895 tur,
271 846 336 886 vel
362 861 490 899 parva
516 860 640 885 manu
671 845 880 899 prohiberi
911 853 981 885 aut
1013 846 1222 885 deturbari
1246 860 1390 899 posse,
1428 859 1505 884 ncc

148 908 308 960 quietos
339 907 381 946 in
406 907 614 947 radicibus
639 907 840 947 montium
865 907 1097 961 gelidorum
1123 907 1334 955 sedentes,
1372 906 1504 960 frigus

148 978 218 1010 aut
249 969 430 1023 inopiam
461 968 630 1009 laturos.
691 976 731 1009 et
762 983 855 1008 cum
885 969 977 1022 ipsa
1009 968 1181 1008 altitudo
1212 968 1396 1008 locorum
1433 983 1503 1009 eos
1530 981 1549 1009 5

149 1037 368 1078 tutaretur,
397 1030 555 1070 fossam
581 1044 744 1082 quoque
771 1038 811 1070 et
831 1029 910 1069 alia
929 1029 1184 1069 munimenta
1205 1029 1427 1069 verticibus
1453 1029 1502 1069 iis

148 1107 251 1145 quos
282 1092 521 1132 insederant
552 1091 852 1131 circumiecere.
913 1091 1084 1131 minima
1115 1091 1336 1145 adparatus
1369 1090 1505 1131 missi-
1532 1104 1549 1133 6

148 1154 246 1194 lium
279 1153 453 1193 telorum
485 1166 582 1193 cura
611 1152 706 1201 fuit,
745 1153 856 1205 quod
888 1168 988 1193 saxa
1020 1153 1191 1192 adfatim
1227 1153 1507 1206 praebituram

149 1215 415 1270 asperitatem
439 1214 575 1269 ipsam
600 1214 783 1254 locorum
810 1214 1046 1254 credebant.

233 1275 342 1316 XX.
393 1274 554 1316 Consul
574 1275 670 1328 quia
689 1291 771 1316 non
792 1276 1022 1316 comminus
1044 1290 1241 1330 pugnam,
1269 1275 1343 1315 sed
1362 1274 1507 1330 procul
1537 1290 1548 1317 1

147 1338 247 1379 locis
274 1337 565 1392 obpugnandis
592 1337 772 1377 futuram
803 1346 1071 1392 praeceperat
1102 1338 1258 1386 animo,
1296 1337 1508 1391 ingentem

148 1401 232 1441 vim
257 1401 453 1456 pilorum,
480 1400 712 1440 velitarium
737 1400 962 1449 hastarum,
991 1400 1236 1455 sagittarum
1261 1400 1508 1455 glandisque

148 1472 189 1504 et
212 1463 468 1504 modicorum
494 1463 563 1515 qui
588 1463 718 1503 funda
738 1463 844 1503 mitti
866 1463 1050 1518 lapidum
1076 1470 1249 1518 possent
1270 1470 1506 1517 paraverat3

147 1525 455 1577 instructusque
492 1524 711 1564 missilium
749 1525 950 1579 adparatu
981 1525 1034 1564 ad
1061 1525 1293 1579 Olympum
1324 1533 1507 1565 montem

149 1586 261 1626 ducit
292 1594 332 1626 et
364 1602 387 1626 a
417 1586 599 1638 quinque
630 1586 759 1626 ferme
792 1586 959 1627 milibus
994 1594 1130 1626 castra
1159 1586 1280 1626 locat.
1339 1594 1507 1640 postero
1535 1598 1553 1628 3

149 1649 214 1689 die
252 1663 347 1689 cum
383 1648 694 1702 quadringentis
732 1649 937 1701 equitibus
982 1660 1022 1688 et
1057 1648 1202 1689 Attalo
1239 1663 1508 1702 progressum

149 1726 243 1751 eum
269 1711 322 1750 ad
353 1719 543 1750 naturam
575 1710 726 1750 montis
759 1710 965 1762 situmque
993 1708 1249 1750 Gallicorum
1280 1718 1509 1750 castrorum

149 1773 366 1813 visendum
410 1772 568 1825 equites
611 1772 811 1821 hostium,
861 1771 1015 1826 duplex
1050 1786 1247 1812 numerus
1291 1771 1447 1811 effusus
1487 1786 1508 1811 e

149 1834 315 1884 castris,
341 1835 384 1875 in
409 1836 552 1889 fugam
579 1842 833 1882 averterunt3
861 1834 986 1875 occisi
1012 1848 1175 1887 quoque
1201 1833 1322 1888 pauci
1346 1833 1510 1887 fugien—

148 1897 268 1946 tium,
307 1897 509 1938 vulnerati
540 1897 693 1951 plures,
754 1895 875 1937 tertio
906 1896 971 1936 die
1004 1910 1097 1936 cum
1123 1895 1314 1936 omnibus
1341 1895 1393 1935 ad
1418 1895 1509 1935 loca
1534 1909 1553 1937 4

149 1959 403 2013 exploranda
438 1959 669 2013 profectus,
713 1958 809 2012 quia
844 1974 967 1999 nemo
1004 1958 1185 1998 hostium
1224 1966 1340 1998 extra
1376 1957 1509 1997 muni-

148 2027 287 2061 menta
312 2021 535 2076 processit,
574 2029 661 2061 tuto
687 2021 988 2061 circumvectus
1015 2028 1217 2069 montem,
1250 2020 1509 2060 animadver-

149 2083 215 2131 tit,
263 2083 492 2124 meridiana
527 2083 696 2137 regione
734 2090 918 2123 terrenos
963 2090 1004 2123 et
1039 2082 1200 2136 placide
1239 2082 1419 2122 adclives
1457 2081 1510 2121 ad

150 2144 358 2197 quendam
392 2145 517 2185 finem
555 2145 680 2186 colles
718 2159 830 2193 esse,
874 2145 927 2185 ab
965 2143 1244 2198 septentrione
1282 2143 1431 2183 arduas
1469 2149 1508 2182 et

149 2214 281 2247 rectas
302 2222 430 2261 prope
450 2222 587 2262 rupes,
605 2215 726 2260 atque
747 2207 938 2248 omnibus
958 2207 1088 2247 ferme
1110 2206 1198 2246 aliis
1219 2205 1340 2245 inviis
1363 2205 1509 2244 itinera
1535 2217 1553 2245 5

151 2268 227 2308 tria
247 2283 359 2317 esse,
385 2283 512 2308 unum
532 2269 668 2309 medio
688 2276 846 2317 monte,
874 2283 954 2321 qua
974 2275 1138 2308 terrena
1167 2274 1300 2315 erant,
1328 2266 1408 2307 duo
1431 2265 1510 2306 dif-

150 2329 273 2370 ficilia
304 2330 355 2369 ab
386 2329 558 2370 hiberno
591 2330 689 2370 solis
721 2336 813 2370 ortu
844 2338 884 2370 et
916 2330 967 2369 ab
999 2329 1157 2369 aestivo
1183 2342 1345 2368 occasu.
1407 2327 1510 2367 haec

151 2391 452 2445 contemplatus
496 2406 545 2432 eo
584 2391 649 2431 die
688 2392 765 2431 sub
802 2391 904 2445 ipsis
939 2390 1148 2431 radicibus
1186 2389 1325 2444 posuit
1361 2398 1507 2436 castra,

149 2460 316 2507 postero
349 2453 550 2493 sacrificio
581 2453 708 2501 facto,
748 2466 841 2492 cum
871 2452 1014 2507 primis
1041 2451 1186 2492 hostiis
1219 2451 1399 2500 litasset,
1437 2451 1509 2491 tri·
1534 2463 1552 2493 6

151 2515 297 2555 fariam
322 2514 547 2555 exercitum
574 2514 752 2555 divisum
778 2514 927 2554 ducere
953 2513 1005 2553 ad
1031 2513 1192 2554 hostem
1216 2512 1364 2568 pergit.
1418 2513 1507 2567 ipse
1534 2525 1551 2553 7

151 2590 244 2617 cum
280 2576 461 2617 maxima
496 2583 612 2631 parte
645 2575 874 2630 copiarum,
913 2589 994 2628 qua
1025 2575 1321 2628 aequissimum
1352 2574 1508 2615 aditum

1534 1537 1551 1566 :0
