1799 2900
184 311 202 341 9

167 435 204 465 lo

165 622 199 650 11

165 746 202 775 12

166 995 202 1024 13

167 1119 205 1147 11

167 1305 205 1334 15

166 1490 206 1520 16

166 1552 205 1580 17

168 1736 206 1766 18

187 2048 204 2076 10

189 2232 208 2261 ΟΖ)

189 2479 208 2506 4

190 2540 208 2568 5

234 185 284 227 18
527 191 681 225 LIBER
706 190 854 233 xxxi,
881 191 1002 224 9122.
1031 193 1126 234 [a.u.
1145 203 1174 226 c.
1199 191 1282 235 554]

230 305 346 338 erant,
366 321 419 325 ff—-
439 294 676 349 praepositi.
719 300 885 348 praetor
911 308 1051 335 secum
1077 295 1180 335 (11105
1207 295 1380 349 legatos,
1409 295 1458 337 C.
1480 296 1589 337 Lae-

231 359 379 399 torium
401 366 439 397 et
460 358 509 397 P.
525 356 742 405 Titinium,
769 356 961 405 habebat,
989 371 1084 397 cum
1104 358 1251 409 quibus
1275 358 1589 413 circumspicere

232 429 271 462 et
298 421 411 459 obire
438 419 490 459 ad
515 418 649 459 omnis
677 418 861 459 hostium
887 418 1045 460 subitos
1071 427 1417 474 00111111151105501.
1457 420 1589 475 11111110

231 482 343 523 Galli
381 481 492 522 omni
529 481 793 521 multitudine
830 481 872 521 in
908 496 1037 522 unum
1073 482 1209 522 10011111
1247 483 1383 522 conixi
1415 484 1589 524 obrucre

229 551 352 596 atque
379 543 567 583 obterere
594 558 686 583 sese
713 543 900 583 dextram
927 544 1053 591 alam,
1080 558 1185 596 quae
1210 544 1344 599 prima
1369 552 1469 593 erat,
1497 560 1591 599 spe-

228 612 370 646 rarunt
396 620 533 659 posse.
593 605 665 645 ubi
696 605 739 644 id
768 620 913 659 parum
943 607 1216 659 procedelmt,
1255 607 1426 647 circuire
1453 623 1476 648 a
1502 621 1588 648 cor-

227 668 350 709 nibus
382 675 422 708 ct
455 667 648 722 amplecti
679 666 860 708 hostium
895 669 1044 714 aciem,
1083 669 1194 721 quod
1225 668 1486 710 multitudine
1520 669 1591 709 ad-

230 745 376 771 versus
402 744 559 785 paucos
586 729 708 770 facile
736 730 966 775 videbatur,
994 731 1131 771 conati
1158 737 1266 771 sunt.
1326 730 1369 770 id
1393 731 1464 771 ubi
1490 731 1591 772 vidit.

227 801 405 846 praetor,
433 799 477 832 ut
503 798 542 832 01
567 791 657 847 11150
684 791 871 832 dilataret
900 792 1049 839 aciem,
1076 792 1178 831 duas
1205 792 1391 845 legiones
1418 807 1470 832 ex
1495 793 1592 833 sub-

230 855 346 895 sidiis
373 855 519 895 dextra
543 854 744 907 laevaque
771 855 872 903 alae,
900 868 1005 906 quae
1030 854 1073 894 in
1098 854 1231 908 prima
1257 854 1343 894 acie
1364 855 1590 909 pugnabat,

231 917 458 957 circumdat
473 917 699 969 aedemque
713 916 894 959 Vediovi
909 916 1034 965 vovit,
1052 916 1086 956 si
1106 931 1154 956 eo
1170 916 1235 957 (110
1255 915 1386 956 1105115
1402 916 1591 957 fudisset.

231 979 285 1019 L.
310 978 480 1021 Valerio
506 979 696 1032 imperat,
722 985 768 1018 ut
792 985 908 1033 parte
934 993 1017 1018 una
1043 978 1218 1018 duarum
1241 978 1454 1033 legionum
1480 977 1592 1031 equi-

231 1048 307 1089 tes,
334 1041 464 1081 altera
491 1041 698 1082 sociorum
725 1040 953 1093 equitatum
979 1040 1021 1080 in
1047 1054 1200 1081 cornua
1225 1039 1408 1081 hostium
1433 1040 1592 1082 emittat

230 1117 307 1143 nee
344 1102 514 1143 circuire
552 1118 623 1143 005
656 1103 787 1143 aciem
818 1102 1011 1157 patiatur.
1074 1102 1196 1142 simul
1228 1109 1269 1142 01
1298 1102 1408 1157 ipse,
1445 1108 1491 1142 ut
1522 1117 1593 1143 ex-

230 1172 441 1205 tenuatam
466 1165 646 1205 mediam
673 1165 850 1205 diductis
877 1166 1070 1206 cornibus
1093 1165 1222 1205 aciem
1239 1164 1456 1205 Gallorum
1477 1164 1591 1214 vidit,

233 1227 352 1281 signa
396 1227 548 1267 inferre
591 1228 800 1268 confertos
845 1228 996 1268 milites
1041 1235 1081 1267 et
1122 1242 1389 1282 perrumpere
1426 1227 1591 1268 ordines

230 1289 357 1330 iubet.
419 1296 458 1329 01
496 1303 650 1329 cornua
687 1290 738 1329 ab
771 1289 977 1342 equitibus
1011 1297 1051 1330 01
1081 1289 1207 1330 medii
1245 1305 1268 1329 a
1299 1289 1437 1343 pedite
1469 1289 1591 1344 pulsi.

231 1365 278 1391 ac
302 1359 486 1406 repente,
513 1365 607 1391 cum
634 1351 675 1391 in
695 1353 807 1392 omni
829 1359 946 1406 parte
969 1352 1094 1392 caede
1116 1352 1275 1406 ingenti
1299 1360 1591 1399 sternerentur,

233 1413 346 1455 Galli
388 1421 506 1468 terga
548 1421 761 1454 verterunt
804 1415 987 1468 fugaque
1031 1415 1166 1455 effusa
1207 1422 1400 1468 repetunt
1443 1421 1591 1454 castra.

232 1475 440 1530 fugientes
465 1483 708 1530 persecutus
735 1490 881 1529 eques,
913 1491 1011 1517 111οΧ
1037 1485 1077 1516 01
1102 1476 1288 1530 legiones
1312 1477 1524 1517 insecutae
1550 1475 1591 1515 in

232 1548 368 1578 castra
397 1539 583 1592 inpetum
609 1538 809 1578 fecerunt.
859 1538 995 1578 minus
1023 1553 1097 1578 sex
1121 1538 1234 1577 milia
1260 1538 1472 1578 hominum
1498 1537 1594 1578 inde

232 1600 487 1654 effugerunt,
532 1614 655 1640 caesa
692 1608 762 1640 aut
799 1607 922 1654 capta
965 1614 1091 1654 supra
1129 1600 1309 1652 quinque
1349 1606 1389 1639 01
1426 1598 1595 1652 triginta

231 1662 345 1702 milia
372 1677 466 1702 cum
498 1662 628 1716 signis
654 1662 901 1703 militaribus
935 1662 1219 1717 septuaginta,
1257 1661 1463 1716 carpentis
1493 1660 1594 1701 Gal-

230 1724 320 1764 licis
346 1724 476 1764 multa
500 1725 656 1779 praeda
682 1724 862 1765 oneratis
889 1724 982 1779 plus
1011 1723 1212 1764 ducentis.
1270 1723 1485 1763 Hamilcar
1510 1723 1594 1763 dux

230 1787 400 1827 Poenus
444 1801 492 1827 eo
536 1787 692 1840 proelio
736 1787 883 1827 cecidit
928 1796 968 1828 et
1004 1794 1087 1827 tres
1123 1787 1394 1841 imperatores
1432 1785 1592 1826 nobiles

232 1847 463 1889 Gallorum.
522 1848 759 1889 Placentini
802 1849 956 1904 captivi
1000 1849 1052 1890 ad
1095 1849 1177 1890 duo
1218 1848 1333 1889 milia
1368 1848 1591 1889 liberorum

232 1912 412 1966 capitum
437 1911 587 1951 redditi
614 1910 784 1951 colonis.
1344 1918 1345 1922 ’

317 1974 474 2014 XXII.
523 1973 685 2027 Magna
710 1973 882 2014 victoria
906 1974 1096 2027 laetaque
1121 1974 1282 2014 Romae
1307 1973 1397 2013 fuit.
1446 1972 1592 2013 litteris

233 2036 380 2077 adlatis
413 2035 660 2091 supplicatio
692 2036 734 2075 111
766 2036 947 2076 triduum
980 2036 1146 2076 decreta
1171 2042 1246 2076 est.
1306 2035 1593 2076 Romanorum

233 2099 521 2151 sociorumque
547 2098 600 2138 ad
625 2098 707 2138 duo
739 2098 851 2138 milia
878 2113 926 2139 eo
951 2098 1108 2152 proelio
1135 2097 1389 2145 ceciderunt,
1427 2096 1594 2151 plurimi

232 2161 402 2201 dextrae
428 2160 536 2209 alae,
574 2159 615 2199 111
647 2174 772 2212 quam
802 2159 935 2214 primo
968 2159 1110 2214 inpetu
1141 2159 1203 2200 vis
1236 2159 1419 2200 hostium
1443 2158 1592 2212 ingens

233 2222 362 2264 inlata
388 2230 464 2263 est.
514 2236 768 2275 quamquam
797 2237 872 2276 per
903 2229 1136 2276 praetorem
1172 2236 1302 2276 prope
1341 2220 1591 2261 debellatum

234 2293 339 2333 erat,
377 2284 521 2326 consul
554 2299 717 2337 quoque
745 2283 794 2325 C.
821 2284 1040 2333 Aurelius,
1079 2284 1275 2339 perfectis
1302 2297 1407 2336 quae
1431 2283 1592 2324 Romae

234 2347 396 2400 agenda
421 2347 587 2387 fuerant
610 2346 821 2401 profectus
846 2347 890 2387 in
916 2345 1111 2394 Galliam,
1138 2345 1340 2387 victorem
1366 2344 1591 2386 exercitum

234 2423 257 2447 a
282 2417 470 2462 1111101010
497 2409 668 2463 accepit.

321 2468 482 2511 Consul
515 2471 617 2511 alter
650 2486 744 2510 cum
777 2477 974 2511 autumno
1007 2470 1137 2511 ferme
1169 2476 1316 2510 exacto
1352 2469 1394 2508 in
1425 2467 1593 2522 provin-

236 2530 341 2570 ciam
372 2532 573 2581 vcnisset,
612 2532 720 2573 cirea
744 2532 1015 2587 Apolloniam
1040 2532 1300 2573 hibernabat.
1361 2532 1413 2571 ab
1445 2531 1591 2578 classe,

235 2606 340 2644 quac
374 2591 582 2647 Corcyrae
615 2595 819 2634 subducta
852 2601 958 2643 erat,
998 2593 1047 2635 C.
1082 2593 1284 2635 Claudius
1323 2592 1591 2644 triremesque

236 2655 468 2703 Romanae,
508 2655 610 2695 sicut
650 2665 743 2696 ante
781 2655 936 2696 dictum
973 2664 1054 2705 est,
1092 2656 1283 2696 Athenas
1315 2653 1467 2694 missae
1498 2666 1590 2693 cum
