1799 2900
202 311 240 340 12

204 554 241 583 13

202 678 241 707 14

206 925 243 954 15

208 1110 244 1138 16

209 1232 246 1261 17

212 1480 250 1509 18

214 1666 250 1693 19

240 2402 257 2430 ¹0

243 2645 260 2674 3

265 186 320 227 28
568 190 719 224 LIBER
745 191 895 234 xxxi,
922 191 1046 226 31.3‘2.
1075 193 1124 235 [a.
1139 204 1172 226 u.
1189 203 1217 226 e.
1232 193 1315 235 554]

267 304 348 337 tate
374 295 491 335 nobis
519 293 892 343 coniunxissemus,
920 302 1104 350 tempore
1129 302 1271 336 nostro
1297 294 1473 335 adverso
1498 290 1620 347 primi

266 357 447 397 omnium
472 355 616 395 Italiae
641 354 907 409 populorum,
945 356 1151 409 praesidio
1176 366 1318 397 nostro
1349 355 1470 397 foede
1494 355 1619 395 inter-

266 420 393 465 fecto,
432 417 485 456 ad
515 416 796 456 Hannibalem
834 416 1093 466 defecerunt,
1131 418 1299 467 deinde,
1337 415 1540 471 indignati
1576 429 1619 455 sc

267 478 447 519 obsideri
477 493 502 518 a
531 478 671 526 nobis,
710 478 992 519 Hannibalem
1018 479 1071 519 ad
1096 479 1418 534 obpugnandam
1442 479 1620 519 Romam

267 540 479 580 miserunt.
539 539 687 579 horum
720 539 754 579 si
785 554 919 592 neque
951 541 1049 581 urbs
1080 541 1172 595 ipsa
1201 555 1334 593 neque
1360 540 1482 581 homo
1510 538 1622 592 quis-

267 616 389 655 quam
416 608 666 655 superesset,
693 601 783 653 quis
809 601 851 641 id
876 602 1015 642 durius
1038 617 1160 655 quam
1180 618 1254 657 pro
1274 601 1418 642 merito
1438 601 1621 655 ipsorum

269 670 468 703 statutum
492 662 699 718 indignari
723 664 891 717 posset?
916 664 1054 717 plures
1077 664 1239 704 sibimet
1266 663 1345 717 ipsi
1371 662 1623 704 conscientia

269 725 469 765 scelerum
495 735 669 765 mortem
696 725 987 765 consciverunt
1025 740 1148 778 quam
1181 726 1232 765 ab
1268 724 1388 765 nobis
1421 723 1622 778 supplicio

269 787 421 827 adfecti
453 794 561 827 511111.
623 786 770 826 ceteris
802 786 860 826 ita
887 787 1106 841 oppidum,
1143 787 1199 826 ita
1231 802 1352 840 agros
1380 786 1622 833 ademimus,

268 856 311 888 ut
339 864 484 902 agrum
508 849 727 901 locumque
760 848 812 888 ad
844 848 1115 888 habitandum
1143 849 1355 896 daremus,
1393 847 1538 887 urbem
1562 846 1625 886 in-

270 911 435 951 noxiam
462 919 570 950 stare
596 910 846 950 incolumem
880 918 1135 964 pateremur,
1162 917 1208 949 ut
1238 909 1308 962 qui
1339 908 1462 949 hodie
1487 907 1626 948 videat

270 987 362 1013 eam
394 972 553 1011 nullum
580 972 845 1026 obpugnatac
879 980 1075 1026 captaeve
1101 972 1158 1012 ibi
1183 971 1405 1025 vestigium
1429 969 1624 1010 inveniat.

271 1034 345 1074 sed
370 1033 469 1086 quid
495 1048 573 1088 ego
591 1032 781 1088 Capuam
809 1033 914 1082 dico,
943 1048 1035 1073 cum
1053 1032 1299 1087 Carthagini
1324 1032 1456 1072 victae
1480 1045 1626 1086 pacem

273 1110 320 1135 ae
343 1095 575 1135 libertatem
601 1095 864 1135 dederimus?
912 1095 1045 1150 magis
1072 1095 1173 1135 illud
1199 1103 1262 1136 est
1292 1094 1538 1149 periculum,
1575 1107 1626 1133 ne

271 1157 393 1196 nimis
420 1157 540 1196 facile
566 1156 685 1197 victis
712 1157 968 1211 ignoscendo
994 1157 1133 1211 plures
1160 1157 1213 1197 ob
1238 1156 1280 1196 id
1305 1156 1442 1210 ipsum
1474 1155 1527 1195 ad
1557 1169 1628 1195 ex-

272 1217 517 1273 periundam
543 1218 741 1258 adversus
767 1233 842 1258 nos
868 1219 1077 1258 fortunam
1108 1218 1203 1258 belli
1234 1218 1464 1258 incitemus.
1525 1216 1628 1256 haec

273 1294 347 1334 pro
374 1279 492 1319 nobis
519 1279 628 1319 dicta
655 1279 753 1328 sint,
781 1280 883 1319 haec
908 1280 1108 1320 adversus
1133 1279 1387 1334 Philippum,
1414 1278 1529 1318 0111115
1556 1277 1628 1318 (10-

274 1340 445 1381 mestica
470 1341 688 1395 parricidia
714 1348 754 1381 et
780 1350 1049 1395 cognatorum
1075 1341 1381 1393 amicorumque
1414 1339 1561 1380 caedes
1589 1345 1629 1379 et

275 1402 487 1443 libidinem
522 1402 853 1443 inhumaniorem
891 1417 1018 1457 prope
1057 1417 1181 1455 quam
1218 1401 1502 1442 crudelitatem
1539 1415 1627 1448 vos,

277 1479 356 1517 quo
381 1464 594 1519 propiores
619 1464 895 1505 Macedoniae
923 1464 1035 1512 estis,
1062 1464 1208 1504 melius
1235 1464 1380 1504 nostis.
1441 1462 1553 1516 quod
1578 1461 1630 1502 ad

276 1541 349 1567 vos
377 1526 545 1573 adtinet,
572 1526 726 1574 Aetoli,
753 1541 828 1566 nos
854 1541 928 1580 pro
955 1526 1072 1566 vobis
1099 1526 1253 1566 bellum
1274 1524 1532 1578 suscepimus
1559 1523 1631 1563 ad-

276 1603 421 1628 versus
446 1587 705 1641 Philippum,
735 1603 806 1628 vos
834 1588 921 1627 sine
948 1587 1066 1627 nobis
1093 1601 1187 1626 cum
1213 1602 1260 1627 eo
1286 1600 1432 1641 pacem
1458 1585 1629 1625 fecistis.

278 1658 317 1689 et
347 1649 521 1690 forsitan
553 1649 717 1697 dicatis,
756 1650 864 1690 bello
890 1649 1049 1689 Punico
1075 1648 1285 1703 occupatis
1313 1648 1432 1689 nobis
1466 1654 1630 1688 coaetos

276 1719 389 1751 metu
414 1726 487 1751 vos
512 1711 626 1764 leges
653 1711 767 1765 pacis
794 1712 846 1751 ab
872 1726 939 1759 eo,
972 1710 1041 1764 qui
1066 1720 1154 1750 tum
1178 1710 1271 1765 plus
1297 1717 1477 1764 poterat,
1516 1722 1633 1749 acce-

276 1772 401 1826 pisse.
463 1781 503 1813 et
533 1788 628 1821 nos,
667 1787 760 1812 cum
793 1773 872 1812 alia
902 1773 1059 1813 maiora
1091 1780 1304 1826 urgerent,
1344 1770 1578 1826 depositum
1610 1785 1633 1810 a

279 1833 396 1874 vobis
428 1834 581 1874 bellum
613 1843 653 1875 et
683 1834 762 1889 ipsi
794 1834 1022 1875 omisimus.
1082 1849 1192 1875 1111110
1223 1842 1264 1875 01
1294 1848 1370 1875 1105
1403 1833 1526 1873 desim
1562 1833 1634 1873 be-

277 1895 479 1950 nignitate
514 1896 674 1936 Punico
711 1897 895 1951 perfeeto
932 1896 1040 1936 bello
1078 1896 1174 1936 totis
1211 1896 1366 1936 viribus
1404 1894 1556 1936 nostris
1591 1893 1633 1933 in

278 1957 572 1998 ”Macedoniam
597 1958 871 2007 incubuimus,
899 1965 939 1998 ct
960 1958 1077 1998 vobis
1098 1957 1341 1998 restituendi
1367 1971 1440 1997 vos
1467 1957 1508 1997 in
1534 1955 1634 1996 ami-

281 2019 417 2060 citiam
456 2020 776 2073 societatemque
812 2028 997 2060 nostram
1039 2020 1205 2059 fortuna
1246 2019 1383 2059 oblata
1425 2026 1505 2066 est,
1554 2016 1633 2057 nisi

279 2082 412 2136 perire
450 2097 544 2122 cum
579 2082 775 2137 Philippo
812 2096 935 2135 quam
976 2081 1141 2122 vincere
1178 2095 1271 2121 eum
1308 2079 1508 2121 Romanis
1545 2094 1633 2119 ma-

280 2143 432 2184 vultis.>

366 2205 570 2246 XXXII.
620 2206 741 2246 Haec
767 2205 877 2246 dicta
910 2206 960 2246 ab
985 2205 1176 2245 Romano
1203 2218 1297 2245 cum
1323 2210 1482 2252 essent,
1516 2202 1634 2243 incli-

281 2266 387 2306 natis
426 2267 608 2307 omnium
645 2267 791 2307 animis
831 2267 883 2307 ad
918 2267 1132 2307 Romanos
1165 2265 1432 2306 Damocritus
1469 2271 1634 2320 praetor

282 2327 528 2368 Aetolorum
553 2329 746 2383 pecunia,
786 2337 831 2368 ut
855 2329 967 2368 fama
992 2336 1073 2377 est,
1112 2329 1162 2368 ab
1188 2342 1287 2382 rege
1312 2334 1501 2381 accepta,
1532 2325 1635 2366 nihil

284 2396 350 2428 aut
383 2389 477 2429 111110
509 2400 578 2430 11111
608 2391 666 2430 1111
697 2391 804 2445 parti
835 2391 1058 2438 adsensus,
1096 2404 1185 2429 rem
1216 2388 1358 2443 magni
1388 2387 1634 2428 discriminis

284 2450 462 2490 consiliis
506 2451 662 2491 nullam
704 2467 795 2492 esse
840 2460 924 2491 tam
966 2451 1174 2491 inimicam
1217 2465 1341 2503 quam
1383 2449 1633 2490 celeritatem

285 2510 403 2550 dixit:
442 2513 617 2552 celerem
642 2514 751 2553 enim
775 2513 1088 2567 paenitentiam,
1116 2512 1190 2552 sed
1215 2512 1388 2551 eandem
1415 2525 1549 2551 seram
1575 2518 1635 2550 at-

285 2585 362 2622 quc
383 2571 567 2612 inutilem
588 2573 716 2625 sequi,
743 2588 834 2613 011111
854 2574 1123 2628 praecipitata
1142 2573 1292 2627 raptim
1313 2571 1485 2613 consilia
1502 2584 1634 2623 neque

285 2633 468 2673 revocari
493 2648 625 2685 neque
650 2635 692 2674 111
712 2634 919 2688 integrum
937 2634 1097 2675 restitui
1116 2634 1290 2688 possint.
1329 2631 1633 2673 deliberationis
