1799 2900
527 115 680 150 LIBER
705 115 889 159 xxxvi,
917 116 947 150 2.
969 117 1000 150 3.
1029 115 1130 159 [ac.
1149 115 1228 158 191]
1475 104 1554 145 221

204 219 448 269 exercitum,
482 234 604 273 quem
632 235 655 260 a
681 219 741 260 M.
768 219 917 261 Fulvio
949 219 1197 274 proconsule
1224 225 1468 272 accepturus
1495 231 1561 257 es-

205 290 280 332 set,
307 282 520 322 decretum
546 288 627 330 est,
654 289 699 322 ut
724 296 926 322 novorum
951 281 1128 321 militum
1153 281 1231 321 tria
1255 279 1368 320 milia
1393 279 1559 319 duceret

204 353 244 386 et
269 354 475 386 trecentos
503 344 684 397 equites,
711 344 767 384 ita
792 352 838 384 ut
862 344 905 384 in
929 344 978 384 iis
1005 344 1111 384 duae
1135 350 1274 398 partes
1302 342 1458 383 socium
1474 340 1561 380 La·-

205 408 279 448 tini
303 407 495 455 nominis,
524 406 643 447 tertia
670 406 822 447 civium
847 406 1132 447 Romanorum
1157 412 1279 448 esset.
1327 404 1437 444 idem
1464 417 1560 457 sup-

204 470 401 525 plementi
435 470 488 510 ad
520 468 570 510 C.
595 468 867 517 Flaminium,
902 469 967 508 cui
997 469 1216 523 imperium
1246 467 1561 522 prorogabatur,

204 534 247 573 in
271 533 523 587 Hispaniam
549 531 780 572 citeriorem
807 540 870 571 est
894 531 1080 572 missum,
1129 531 1191 570 M.
1207 528 1413 570 Aemilius
1433 527 1563 582 Lepi-

207 595 282 635 dus
305 596 356 636 ab
372 595 424 636 L.
440 594 623 642 Valerio,
647 594 712 634 cui
727 608 994 634 successurus
1018 600 1142 641 esset,
1165 591 1287 632 simul
1308 590 1564 646 provinciam

207 657 516 709 exercitumque
549 656 734 710 accipere
766 656 924 704 iussus,
951 656 1004 696 L.
1030 653 1264 702 Valerium,
1304 653 1339 694 si
1368 652 1424 692 ita
1449 651 1564 691 vide-

206 726 335 766 retur,
372 733 447 772 pro
484 726 674 772 praetore
700 718 743 757 in
774 717 986 772 provincia
1010 717 1206 764 retinere,
1239 722 1279 756 et
1309 713 1565 769 provinciam

206 780 264 820 ita
289 780 485 828 dividere,
512 788 555 820 ut
581 795 664 820 una
689 780 740 820 ab
755 779 990 834 Agrigento
1017 779 1069 818 ad
1089 778 1337 831 Pachynum
1362 784 1486 823 esset,
1508 774 1566 814 al-

208 850 295 882 tera
320 842 558 895 aPachyno
574 842 862 895 Tyndareum:
890 856 981 882 eam
1006 840 1254 880 maritimam
1282 853 1395 879 oram
1409 838 1463 878 L.
1478 838 1563 878 Va-
1584 860 1587 862 -

207 904 332 944 lerius
366 904 513 958 viginti
543 905 718 944 navibus
752 903 887 957 longis
921 903 1159 943 custodiret.
1221 901 1354 941 eidem
1385 898 1564 954 praetori

209 966 467 1013 mandatum,
505 974 551 1005 ut
588 966 690 1006 (luas
731 966 926 1005 decumas
966 964 1161 1004 frumenti
1200 963 1403 1017 exigeret,
1440 961 1484 1001 id
1516 960 1568 1000 ad

208 1043 321 1068 mare
353 1027 696 1081 comportandum
730 1026 1101 1078 devehendumque
1134 1025 1175 1064 in
1203 1023 1424 1065 Graeciam
1451 1038 1567 1063 cura-

209 1098 282 1131 ret.
330 1090 441 1130 idem
466 1090 518 1129 L.
537 1089 677 1144 Oppio
704 1089 754 1129 de
781 1088 920 1128 alteris
948 1087 1132 1127 decumis
1160 1086 1375 1140 exigendis
1403 1085 1446 1124 in
1469 1083 1567 1125 Sar-

210 1152 321 1192 dinia
345 1151 612 1205 imperatum:
640 1160 823 1191 ceterum
849 1165 932 1190 non
956 1149 998 1189 in
1026 1147 1260 1197 Graeciam,
1289 1147 1362 1188 sed
1387 1147 1567 1187 Romam

208 1213 251 1253 id
275 1214 528 1254 frumentum
554 1213 708 1267 portari
727 1212 904 1267 placere.
939 1210 988 1252 C.
1005 1211 1153 1251 Livius
1173 1216 1350 1265 praetor,
1378 1208 1442 1248 0111
1464 1208 1569 1248 clas—-

211 1275 266 1316 sis
288 1282 495 1323 evenerat,
523 1275 691 1329 triginta
716 1274 891 1315 navibus
918 1273 1071 1328 paratis
1099 1272 1271 1313 traicere
1290 1272 1332 1311 in
1349 1270 1568 1312 Graeciam

210 1337 343 1392 primo
369 1351 532 1390 quoque
558 1346 743 1391 tempore
769 1336 908 1377 iussus
935 1344 973 1376 et
995 1336 1046 1375 ab
1062 1334 1191 1375 Atilio
1218 1349 1345 1374 naves
1368 1333 1567 1387 accipere.

212 1408 371 1440 veteres
410 1414 559 1448 naves,
597 1413 703 1452 quae
740 1398 782 1438 in
813 1398 1031 1438 navalibus
1064 1404 1198 1445 erant,
1236 1404 1282 1436 ut
1312 1396 1498 1436 reficeret
1530 1404 1569 1435 et

212 1470 408 1509 armaret,
447 1461 507 1501 M.
536 1461 654 1501 Iunio
692 1461 872 1515 praetori
908 1460 1122 1514 nesrotium
1154 1459 1295 1499 datum
1333 1466 1414 1506 051,
1453 1466 1492 1498 01
1529 1457 1569 1496 111

213 1537 304 1562 eam
329 1522 506 1563 classem
533 1522 667 1563 socios
694 1539 719 1562 n
724 1538 774 1562 ax
779 1523 863 1563 ales
890 1521 1104 1562 libertinos
1130 1521 1301 1576 leger.ct

298 1584 379 1624 HL
428 1584 581 1638 Legati
614 1585 718 1624 terni
751 1584 790 1624 in
816 1584 1006 1624 Afiicam
1039 1584 1090 1623 ad
1124 1582 1495 1637 Ca1thaginienses
1531 1590 1568 1622 et

213 1646 254 1686 111
285 1645 524 1686 Numidiam
561 1646 614 1685 ad
651 1646 903 1686 frumentum
934 1646 1185 1700 rogandum,
1225 1645 1336 1697 quod
1366 1644 1406 1684 in
1441 1643 1572 1684 Grae-

214 1707 320 1747 ciam
346 1716 590 1761 portaretur,
618 1707 747 1755 missi,
775 1723 848 1762 pro
876 1722 955 1760 quo
981 1707 1159 1761 pretium
1186 1707 1365 1746 solveret
1392 1706 1571 1760 populus

214 1769 443 1810 Romanus.
505 1770 690 1822 adeoque
727 1769 766 1809 in
806 1770 1050 1824 adparatum
1090 1783 1312 1821 curamque
1351 1768 1437 1808 eius
1477 1768 1572 1808 belli

216 1831 358 1871 civitas
391 1831 550 1872 intenta
581 1832 676 1880 fuit,
709 1840 753 1872 111
778 1832 827 1872 P.
857 1831 1076 1872 Cornelius
1104 1831 1248 1872 consul
1275 1830 1471 1879 ediceret,
1505 1830 1573 1883 qui

217 1902 428 1934 senatores
463 1902 604 1934 essent
635 1894 867 1947 quibusque
897 1895 938 1934 in
973 1901 1120 1934 senatu
1159 1892 1406 1933 sententiam
1438 1892 1573 1932 dicere

215 1955 356 1996 liceret
381 1955 532 2009 quique
558 1956 737 1997 minores
764 1956 1031 2010 magistratus
1059 1963 1212 2003 essent,
1238 1970 1290 1995 ne
1317 1954 1406 2008 quis
1434 1969 1575 1995 eorum

215 2017 379 2072 longius
412 2018 463 2057 ab
499 2018 600 2058 urbe
632 2018 767 2059 Roma
800 2018 932 2059 abiret
963 2032 1086 2071 quam
1119 2018 1229 2057 unde
1262 2032 1311 2057 eo
1343 2016 1408 2056 die
1440 2016 1574 2056 redire

216 2087 377 2133 posset,
420 2094 525 2120 neve
562 2095 642 2121 uno
686 2088 871 2134 tempore
916 2080 1096 2133 quinque
1135 2088 1348 2119 senatores
1386 2078 1438 2118 ab
1474 2079 1575 2118 urbe

217 2141 353 2181 Roma
378 2142 585 2182 abessent.
623 2142 664 2181 in
691 2142 970 2196 comparanda
995 2141 1156 2195 inpigre
1184 2141 1316 2181 classe
1339 2140 1388 2181 C.
1405 2140 1575 2180 Livium

218 2210 451 2257 praetorem
477 2205 685 2245 contentio
705 2214 794 2245 orta
819 2219 914 2244 cum
940 2204 1097 2244 colonis
1124 2203 1339 2243 maritimis
1366 2202 1577 2257 paulisper

218 2264 361 2304 tenuit.
422 2280 518 2305 nam
549 2279 643 2305 cum
669 2274 914 2320 cogerentur
944 2266 984 2305 111
1011 2265 1207 2312 classem,
1247 2265 1432 2305 tribunos
1465 2263 1575 2318 plebi

219 2326 498 2380 adpellarunt3
526 2328 577 2368 ab
602 2328 652 2368 iis
680 2328 733 2367 ad
759 2336 947 2368 senatum
974 2327 1113 2367 reiecti
1142 2335 1249 2367 sunt.
1312 2333 1479 2367 senatus
1504 2326 1574 2375 ita,

219 2396 264 2428 ut
288 2388 341 2428 ad
366 2403 495 2428 unum
521 2404 664 2430 omnes
692 2389 984 2437 consentirent,
1012 2388 1206 2437 decrevit,
1234 2388 1493 2429 vacationem
1517 2388 1577 2429 rei

221 2450 379 2490 navalis
407 2451 465 2491 eis
499 2451 655 2491 colonis
687 2466 770 2491 non
797 2466 903 2491 esse.
966 2450 1090 2492 Ostia
1115 2459 1155 2491 et.
1178 2451 1396 2504 Fregenae
1428 2459 1468 2491 01
1494 2449 1576 2492 Ca-

222 2521 352 2552 strum
382 2528 537 2553 novum
569 2522 609 2554 01
634 2514 765 2568 Pyrgi
797 2521 836 2554 et
862 2513 1037 2554 Antium
1070 2522 1110 2553 et
1140 2513 1367 2554 Tarracina
1398 2521 1439 2554 et
1463 2513 1572 2554 Min-

221 2581 365 2615 turnae
390 2582 432 2616 et
457 2573 659 2617 Sinuessa
690 2576 875 2624 fuerunt,
909 2589 1013 2629 quae
1045 2589 1136 2616 cum
1162 2584 1351 2631 praetore
1378 2576 1428 2616 de
1453 2590 1568 2616 vaca-

1590 539 1631 569 10

1593 665 1628 694 11

1596 1097 1634 1126 123

1598 1219 1635 1248 11

1599 1407 1637 1435 15

1598 1778 1616 1807 te

1599 1837 1618 1866 00

1601 2151 1619 2179 4

1602 2275 1620 2304 Ξ)

1602 2464 1620 2494 6
