1799 2900
245 203 279 232 ll

259 942 277 971 10

257 1189 275 1218 00

253 2238 270 2266 10

252 2423 269 2450 :3

310 75 392 115 412
510 81 663 114 LIBER
687 80 930 124 XXXVIIII,
957 81 1101 115 42--44
1132 85 1178 126 [a.
1194 95 1226 116 11.
1244 94 1272 117 e.
1288 82 1459 125 5111571]

306 187 386 227 lem
409 185 526 233 velle,
554 191 598 223 ut
625 184 676 223 ab
696 197 744 224 00
765 183 889 223 fidem
914 199 1112 238 praesens
1133 186 1350 240 acciperet.
1382 185 1657 227 introductum

307 248 348 287 in
379 245 692 286 tabernaculum
722 259 796 299 per
826 245 1093 300 interpretem
1125 247 1290 300 adloqui
1323 247 1535 288 consulem
1566 261 1663 289 coc-

304 309 430 363 pisse.
490 308 597 348 inter
630 307 744 347 cuius
779 322 1011 348 sermonem
1044 308 1263 360 Quinctius
1298 316 1433 350 scorto
1473 310 1552 350 ‘vis
1586 309 1656 358 tn,’

304 370 437 423 inquit
469 369 684 423 ‘quoniam
709 369 999 423 gladiatorium
1026 371 1306 424 spectaculum
1331 371 1550 424 reliquisti,
1577 371 1655 411 iam

305 432 415 472 hunc
431 430 601 472 Gallum
628 431 872 471 morientem
899 431 1081 472 videi-cist
1110 439 1151 472 et
1176 447 1268 473 cum
1294 433 1328 473 is
1354 434 1524 472 vixdum
1551 433 1657 474 serio

305 494 537 542 adnuisset,
575 494 629 533 ad
658 500 803 532 nutum
836 493 961 533 scorti
987 494 1198 534 consulem
1226 495 1365 535 stricto
1392 495 1550 549 gladio,
1588 494 1656 547 qui

304 571 428 610 super
453 563 578 610 caput
601 555 828 610 pendebat,
854 555 1037 608 loquenti
1065 555 1186 596 Gallo
1213 565 1337 610 eaput
1361 557 1538 611 primum
1563 571 1656 611 per—

303 618 505 667 cussisse,
539 617 686 658 deinde
719 617 895 671 fugienti
926 618 1132 670 fidemque
1158 618 1299 672 populi
1324 618 1504 658 Romani
1536 628 1656 671 atque

303 695 444 721 eorum
471 680 538 732 qui
566 680 736 719 aderant
761 679 982 733 inploranti
1008 679 1115 720 latus
1143 680 1429 720 transfodisse.

386 741 665 781 XXXXIH.
692 740 884 783 Valerius
900 741 1066 790 Antias,
1086 749 1131 782 ut
1151 742 1218 794 qui
1240 755 1316 781 nec
1332 741 1559 782 orationem
1576 740 1658 782 Ca-

303 803 410 844 tonis
431 803 603 858 legisset
628 811 668 843 et
693 802 857 843 fabulae
883 810 1042 842 tantum
1069 803 1155 843 sine
1183 810 1348 842 auctore
1375 803 1508 843 editae
1528 803 1658 843 credi-

303 865 445 914 disset,
467 865 579 905 aliud
594 872 896 918 argumentum,
918 864 1049 904 simile
1071 873 1208 905 tamen
1224 873 1262 904 et
1277 864 1446 904 libidine
1461 872 1500 905 et
1513 865 1657 905 crude-

303 926 416 966 litate
437 926 612 981 peragit.
648 925 889 966 Placentiae
910 926 1113 966 famosam
1134 926 1360 974 mulierem,
1382 926 1498 966 cuius
1518 941 1657 967 amore

302 989 524 1043 deperiret,
562 989 605 1028 in
630 988 865 1028 convivium
892 989 1134 1028 accersitam
1161 988 1320 1028 scribit:
1354 988 1412 1028 ibi
1436 988 1657 1028 iactantem

302 1066 393 1091 sese
420 1058 554 1091 scorto
579 1050 685 1090 inter
711 1058 847 1091 cetera
871 1050 1100 1098 rettulisse,
1128 1065 1251 1102 quam
1277 1050 1424 1090 acriter
1449 1050 1656 1103 quaestio-

301 1127 373 1152 nes
401 1112 655 1152 exercuisset
681 1119 721 1152 et
746 1126 869 1164 quam
903 1112 1053 1152 multos
1081 1112 1225 1166 eapitis
1253 1111 1468 1152 damnatos
1500 1112 1541 1152 in
1567 1111 1655 1152 vin-

302 1174 404 1214 culis
430 1174 619 1222 haberet,
652 1188 755 1226 quos
783 1174 916 1213 securi
945 1187 1218 1227 percussurus
1246 1181 1370 1214 esset.
1431 1181 1516 1214 tum
1542 1173 1654 1213 illam

299 1235 408 1276 infra
439 1250 532 1275 eum
565 1236 840 1275 adcubantem
871 1250 1049 1289 negasse
1086 1250 1282 1287 umquam
1321 1235 1474 1275 vidisse
1513 1250 1655 1288 quem-

301 1313 425 1350 quam
457 1297 590 1338 securi
621 1297 839 1337 ferientem
865 1305 905 1337 et
934 1297 1115 1351 pervelle
1147 1297 1189 1336 id
1216 1297 1367 1337 videre.
1429 1297 1494 1336 1110
1520 1297 1654 1337 indul-

300 1367 467 1414 gentem
499 1367 726 1399 amatorem
757 1374 884 1399 unum
917 1374 968 1399 ex
1001 1359 1081 1398 illis
1114 1359 1275 1399 miseris
1303 1359 1462 1399 adtrahi
1495 1359 1653 1399 iussum

300 1422 433 1462 securi
464 1421 734 1476 percussisse.
796 1421 975 1467 facinus,
1009 1421 1095 1461 sive
1133 1436 1181 1461 00
1217 1421 1340 1461 modo
1392 1436 1471 1473 quo
1509 1436 1654 1461 censor

299 1483 448 1523 obiecit
480 1483 566 1523 sive
597 1490 643 1522 ut
672 1482 864 1525 Valerius
903 1484 1025 1524 tradit
1058 1483 1327 1523 commissum
1365 1490 1445 1531 est,
1484 1498 1652 1524 saevum

299 1552 420 1597 atque
453 1551 590 1592 atrox3
630 1544 735 1584 inter
765 1544 915 1598 pocula
949 1553 1071 1598 atque
1103 1544 1265 1599 epulas,
1302 1544 1373 1584 ubi
1410 1545 1538 1585 libare
1575 1545 1651 1585 diis

299 1607 440 1661 dapes,
466 1606 537 1645 ubi
562 1605 666 1646 bene
691 1607 850 1660 precari
877 1622 965 1647 11105
993 1615 1116 1655 esset,
1142 1607 1195 1647 ad
1221 1607 1504 1661 spectaculum
1530 1607 1653 1647 scorti

298 1668 498 1723 procacis,
523 1669 566 1707 in
592 1668 684 1708 sinu
704 1669 884 1709 consulis
910 1669 1160 1717 recubantis,
1187 1676 1410 1708 mactatam
1430 1668 1651 1709 humanam

300 1730 509 1770 victimam
535 1744 627 1770 esse
654 1737 694 1770 et
720 1744 863 1771 cruore
889 1746 1078 1770 mensam
1104 1730 1357 1784 respersam!
1400 1730 1441 1770 in
1467 1738 1651 1771 extrema

297 1793 480 1833 oratione
502 1791 675 1833 Catonis
703 1793 889 1834 condicio
910 1793 1105 1844 Quinctio
1132 1794 1273 1842 fertur,
1300 1801 1345 1833 ut
1371 1793 1405 1833 si
1430 1793 1472 1833 id
1497 1794 1651 1833 factum

296 1862 467 1909 negaret
499 1862 717 1907 ceteraque
750 1869 855 1906 quac
881 1855 1120 1902 obiecisset,
1158 1854 1383 1908 sponsione
1410 1855 1650 1895 defenderet

297 1931 407 1964 sese3
435 1917 499 1956 sin
524 1916 732 1964 fateretur,
759 1916 1039 1970 ignominiane
1062 1931 1137 1956 sua
1159 1930 1407 1968 quemquam
1429 1916 1650 1956 doliturum

296 1986 496 2027 censeret,
522 1992 616 2018 cum
641 1978 730 2032 ipse
756 1978 851 2018 vino
878 1986 918 2018 et,
931 1980 1095 2020 Venere
1121 1992 1263 2018 amens
1291 1977 1493 2033 sanguine
1518 1977 1650 2019 homi-

295 2040 359 2080 nis
386 2040 427 2079 in
454 2039 643 2080 convivio
668 2039 862 2079 lusisset?

380 2101 682 2142 XXXXIHL
732 2102 781 2141 In
809 2102 993 2155 equitatu
1018 2102 1356 2156 recognoscendo
1382 2102 1435 2142 L.
1465 2100 1648 2156 Scipioni

295 2163 498 2217 Asiageni
525 2163 742 2218 ademptus
769 2178 913 2216 equus.
968 2164 1010 2204 in
1035 2164 1227 2204 censibus
1255 2177 1415 2216 quoque
1446 2163 1649 2218 accipien-

297 2225 359 2265 dis
386 2225 513 2266 tristis
541 2233 581 2265 et
605 2240 754 2280 aspera
778 2226 821 2265 in
846 2241 990 2266 omnes
1017 2225 1181 2266 ordines
1208 2240 1382 2265 censura
1407 2225 1496 2266 fuit.
1529 2240 1649 2266 orna-

295 2294 434 2327 menta
460 2294 498 2327 et
518 2294 677 2327 vestem
696 2287 939 2328 muliebrem
959 2295 999 2328 et
1020 2287 1222 2335 vehicula,
1249 2302 1354 2340 quae
1375 2287 1503 2342 pluris
1525 2301 1646 2340 quam

296 2348 529 2400 quindecim
549 2349 707 2389 milium
727 2349 832 2389 aeris
854 2357 995 2390 esseut.
1020 2349 1060 2389 111
1082 2363 1252 2390 0011511111
1273 2350 1426 2389 referre
1446 2349 1646 2389 iuratores

295 2409 414 2458 iussi3
441 2410 539 2450 item
563 2411 770 2465 mancipia
794 2411 952 2451 minora
974 2412 1091 2451 11111115
1118 2411 1277 2465 viginti,
1305 2425 1410 2463 quae
1436 2418 1531 2465 post
1554 2424 1648 2465 pro-

295 2470 451 2510 ximum
476 2472 650 2512 lustrum
676 2473 819 2513 decem
844 2473 1009 2513 milibus
1035 2473 1141 2513 aeris
1170 2480 1239 2512 aut
1270 2472 1399 2527 pluris
1434 2488 1482 2513 eo
1510 2471 1647 2512 venis-

297 2539 408 2580 sent,
445 2534 504 2573 uti
541 2549 589 2574 ea
627 2549 790 2588 quoque
823 2535 989 2576 deciens
1027 2542 1141 2576 tanto
1178 2535 1306 2589 pluris
1345 2549 1467 2588 quam
1506 2533 1645 2587 quanti
