<?xml version="1.0" encoding="UTF-8"?>
<!DOCTYPE html PUBLIC "-//W3C//DTD XHTML 1.0 Transitional//EN"
    "http://www.w3.org/TR/xhtml1/DTD/xhtml1-transitional.dtd">
<html xmlns="http://www.w3.org/1999/xhtml" xml:lang="en" lang="en">
 <head>
  <title>
</title>
<meta http-equiv="Content-Type" content="text/html;charset=utf-8" />
  <meta name='ocr-system' content='tesseract 3.04.00' />
  <meta name='ocr-capabilities' content='ocr_page ocr_carea ocr_par ocr_line ocrx_word'/>
</head>
<body>
  <div class='ocr_page' id='page_1' title='image "./aburbeconditalib03livyuoft_0162.png"; bbox 0 0 1799 2900; ppageno 0'>
   <div class='ocr_carea' id='block_1_1' title="bbox 192 527 201 554">
    <p class='ocr_par' dir='ltr' id='par_1_1' title="bbox 192 527 201 554">
     <span class='ocr_line' id='line_1_1' title="bbox 192 527 201 554; baseline 0 0"><span class='ocrx_word' id='word_1_1' title='bbox 192 527 201 554; x_wconf 91' lang='lat'>1</span> 
     </span>
    </p>
   </div>
   <div class='ocr_carea' id='block_1_2' title="bbox 189 710 206 738">
    <p class='ocr_par' dir='ltr' id='par_1_2' title="bbox 189 710 206 738">
     <span class='ocr_line' id='line_1_2' title="bbox 189 710 206 738; baseline 0 0"><span class='ocrx_word' id='word_1_2' title='bbox 189 710 206 738; x_wconf 76' lang='lat'><strong>2</strong></span> 
     </span>
    </p>
   </div>
   <div class='ocr_carea' id='block_1_3' title="bbox 188 1019 207 1047">
    <p class='ocr_par' dir='ltr' id='par_1_3' title="bbox 188 1019 207 1047">
     <span class='ocr_line' id='line_1_3' title="bbox 188 1019 207 1047; textangle 90"><span class='ocrx_word' id='word_1_3' title='bbox 188 1019 207 1047; x_wconf 56' lang='lat' dir='ltr'>›L—</span> 
     </span>
    </p>
   </div>
   <div class='ocr_carea' id='block_1_4' title="bbox 234 153 1293 202">
    <p class='ocr_par' dir='ltr' id='par_1_4' title="bbox 234 153 1293 202">
     <span class='ocr_line' id='line_1_4' title="bbox 234 153 1293 202; baseline -0.003 -7"><span class='ocrx_word' id='word_1_4' title='bbox 234 153 288 195; x_wconf 78' lang='lat'>82</span> <span class='ocrx_word' id='word_1_5' title='bbox 529 159 683 193; x_wconf 79' lang='lat' dir='ltr'>LIBER</span> <span class='ocrx_word' id='word_1_6' title='bbox 707 157 875 202; x_wconf 74' lang='lat' dir='ltr'>XXXII,</span> <span class='ocrx_word' id='word_1_7' title='bbox 900 158 953 191; x_wconf 84' lang='lat'>39.</span> <span class='ocrx_word' id='word_1_8' title='bbox 972 158 1026 191; x_wconf 78' lang='grc' dir='ltr'>4ο.</span> <span class='ocrx_word' id='word_1_9' title='bbox 1056 160 1152 201; x_wconf 80' lang='lat' dir='ltr'>[a.u.</span> <span class='ocrx_word' id='word_1_10' title='bbox 1168 159 1293 202; x_wconf 54' lang='lat'>2557]</span> 
     </span>
    </p>
   </div>
   <div class='ocr_carea' id='block_1_5' title="bbox 230 260 1589 1615">
    <p class='ocr_par' dir='ltr' id='par_1_5' title="bbox 232 260 1585 502">
     <span class='ocr_line' id='line_1_5' title="bbox 232 260 1582 312; baseline -0.003 -6"><span class='ocrx_word' id='word_1_11' title='bbox 232 265 316 306; x_wconf 88' lang='lat' dir='ltr'>lare</span> <span class='ocrx_word' id='word_1_12' title='bbox 343 279 427 311; x_wconf 85' lang='lat' dir='ltr'>res,</span> <span class='ocrx_word' id='word_1_13' title='bbox 458 276 602 309; x_wconf 86' lang='lat' dir='ltr'>unam,</span> <span class='ocrx_word' id='word_1_14' title='bbox 636 269 681 300; x_wconf 89' lang='lat' dir='ltr'>ut</span> <span class='ocrx_word' id='word_1_15' title='bbox 705 260 860 301; x_wconf 89' lang='lat' dir='ltr'>bellum</span> <span class='ocrx_word' id='word_1_16' title='bbox 886 274 978 301; x_wconf 90' lang='lat' dir='ltr'>cum</span> <span class='ocrx_word' id='word_1_17' title='bbox 1004 261 1186 302; x_wconf 80' lang='lat' dir='ltr'>Achaeis</span> <span class='ocrx_word' id='word_1_18' title='bbox 1212 261 1365 311; x_wconf 83' lang='lat' dir='ltr'>finiret,</span> <span class='ocrx_word' id='word_1_19' title='bbox 1398 261 1582 312; x_wconf 87' lang='lat' dir='ltr'>alteram,</span> 
     </span>
     <span class='ocr_line' id='line_1_6' title="bbox 233 321 1584 376; baseline -0.001 -10"><span class='ocrx_word' id='word_1_20' title='bbox 233 334 278 366; x_wconf 88' lang='lat' dir='ltr'>ut</span> <span class='ocrx_word' id='word_1_21' title='bbox 304 326 502 366; x_wconf 80' lang='lat' dir='ltr'>adversus</span> <span class='ocrx_word' id='word_1_22' title='bbox 541 322 782 376; x_wconf 80' lang='lat' dir='ltr'>Philippum</span> <span class='ocrx_word' id='word_1_23' title='bbox 824 321 1003 363; x_wconf 87' lang='lat' dir='ltr'>mitteret</span> <span class='ocrx_word' id='word_1_24' title='bbox 1039 337 1180 364; x_wconf 87' lang='lat' dir='ltr'>secum</span> <span class='ocrx_word' id='word_1_25' title='bbox 1217 323 1382 364; x_wconf 80' lang='lat' dir='ltr'>auxilia.</span> <span class='ocrx_word' id='word_1_26' title='bbox 1454 338 1503 364; x_wconf 89' lang='lat' dir='ltr'>ea</span> <span class='ocrx_word' id='word_1_27' title='bbox 1540 338 1584 365; x_wconf 85' lang='lat' dir='ltr'>sc</span> 
     </span>
     <span class='ocr_line' id='line_1_7' title="bbox 232 384 1585 441; baseline -0.001 -13"><span class='ocrx_word' id='word_1_28' title='bbox 232 388 458 429; x_wconf 85' lang='lat' dir='ltr'>missurum</span> <span class='ocrx_word' id='word_1_29' title='bbox 489 384 610 433; x_wconf 78' lang='lat' dir='ltr'>dixit3</span> <span class='ocrx_word' id='word_1_30' title='bbox 648 399 722 439; x_wconf 90' lang='lat' dir='ltr'>pro</span> <span class='ocrx_word' id='word_1_31' title='bbox 759 398 862 439; x_wconf 87' lang='lat' dir='ltr'>pace</span> <span class='ocrx_word' id='word_1_32' title='bbox 895 399 989 424; x_wconf 88' lang='lat' dir='ltr'>eum</span> <span class='ocrx_word' id='word_1_33' title='bbox 1019 385 1203 425; x_wconf 84' lang='lat' dir='ltr'>Achaeis</span> <span class='ocrx_word' id='word_1_34' title='bbox 1235 385 1417 427; x_wconf 87' lang='lat' dir='ltr'>indutiae</span> <span class='ocrx_word' id='word_1_35' title='bbox 1456 386 1585 441; x_wconf 89' lang='lat' dir='ltr'>impe-</span> 
     </span>
     <span class='ocr_line' id='line_1_8' title="bbox 234 446 1283 502; baseline -0.002 -12"><span class='ocrx_word' id='word_1_36' title='bbox 234 458 381 495; x_wconf 88' lang='lat' dir='ltr'>tratae,</span> <span class='ocrx_word' id='word_1_37' title='bbox 409 448 541 488; x_wconf 90' lang='lat' dir='ltr'>donec</span> <span class='ocrx_word' id='word_1_38' title='bbox 565 446 721 487; x_wconf 87' lang='lat' dir='ltr'>bellum</span> <span class='ocrx_word' id='word_1_39' title='bbox 748 462 841 487; x_wconf 88' lang='lat' dir='ltr'>cum</span> <span class='ocrx_word' id='word_1_40' title='bbox 864 446 1061 502; x_wconf 88' lang='lat' dir='ltr'>Philippo</span> <span class='ocrx_word' id='word_1_41' title='bbox 1086 448 1283 488; x_wconf 86' lang='lat' dir='ltr'>finiretur.</span> 
     </span>
    </p>

    <p class='ocr_par' dir='ltr' id='par_1_6' title="bbox 230 508 1589 1244">
     <span class='ocr_line' id='line_1_9' title="bbox 318 508 1584 563; baseline 0 -14"><span class='ocrx_word' id='word_1_42' title='bbox 318 509 524 549; x_wconf 82' lang='lat' dir='ltr'>XXXX.</span> <span class='ocrx_word' id='word_1_43' title='bbox 572 508 641 549; x_wconf 92' lang='lat' dir='ltr'>De</span> <span class='ocrx_word' id='word_1_44' title='bbox 677 508 808 562; x_wconf 81' lang='lat' dir='ltr'>Argis</span> <span class='ocrx_word' id='word_1_45' title='bbox 852 522 1014 561; x_wconf 84' lang='lat' dir='ltr'>quoque</span> <span class='ocrx_word' id='word_1_46' title='bbox 1059 509 1302 563; x_wconf 77' lang='lat' dir='ltr'>disceptatio</span> <span class='ocrx_word' id='word_1_47' title='bbox 1346 510 1397 549; x_wconf 88' lang='lat' dir='ltr'>ab</span> <span class='ocrx_word' id='word_1_48' title='bbox 1439 509 1584 550; x_wconf 77' lang='lat' dir='ltr'>Attalo</span> 
     </span>
     <span class='ocr_line' id='line_1_10' title="bbox 230 571 1583 627; baseline 0 -15"><span class='ocrx_word' id='word_1_49' title='bbox 230 587 329 627; x_wconf 78' lang='lat' dir='ltr'>rege</span> <span class='ocrx_word' id='word_1_50' title='bbox 355 578 419 612; x_wconf 89' lang='lat' dir='ltr'>est</span> <span class='ocrx_word' id='word_1_51' title='bbox 448 579 579 619; x_wconf 88' lang='lat' dir='ltr'>mota,</span> <span class='ocrx_word' id='word_1_52' title='bbox 613 584 706 610; x_wconf 87' lang='lat' dir='ltr'>cum</span> <span class='ocrx_word' id='word_1_53' title='bbox 737 571 881 611; x_wconf 88' lang='lat' dir='ltr'>fraude</span> <span class='ocrx_word' id='word_1_54' title='bbox 907 571 1106 611; x_wconf 77' lang='lat' dir='ltr'>Philoclis</span> <span class='ocrx_word' id='word_1_55' title='bbox 1138 571 1342 625; x_wconf 80' lang='lat' dir='ltr'>proditam</span> <span class='ocrx_word' id='word_1_56' title='bbox 1375 573 1517 612; x_wconf 89' lang='lat' dir='ltr'>urbem</span> <span class='ocrx_word' id='word_1_57' title='bbox 1545 572 1583 612; x_wconf 75' lang='lat' dir='ltr'>vi</span> 
     </span>
     <span class='ocr_line' id='line_1_11' title="bbox 233 632 1584 687; baseline -0.001 -13"><span class='ocrx_word' id='word_1_58' title='bbox 233 635 284 674; x_wconf 85' lang='lat' dir='ltr'>ab</span> <span class='ocrx_word' id='word_1_59' title='bbox 312 649 360 674; x_wconf 91' lang='lat' dir='ltr'>eo</span> <span class='ocrx_word' id='word_1_60' title='bbox 386 633 516 674; x_wconf 87' lang='lat' dir='ltr'>teneri</span> <span class='ocrx_word' id='word_1_61' title='bbox 541 639 750 687; x_wconf 81' lang='lat' dir='ltr'>argueret,</span> <span class='ocrx_word' id='word_1_62' title='bbox 777 633 845 672; x_wconf 91' lang='lat' dir='ltr'>ille</span> <span class='ocrx_word' id='word_1_63' title='bbox 872 633 923 673; x_wconf 87' lang='lat' dir='ltr'>ab</span> <span class='ocrx_word' id='word_1_64' title='bbox 948 632 1050 687; x_wconf 82' lang='lat' dir='ltr'>ipsis</span> <span class='ocrx_word' id='word_1_65' title='bbox 1077 632 1248 686; x_wconf 75' lang='lat' dir='ltr'>Argivis</span> <span class='ocrx_word' id='word_1_66' title='bbox 1276 648 1319 673; x_wconf 88' lang='lat' dir='ltr'>se</span> <span class='ocrx_word' id='word_1_67' title='bbox 1345 633 1584 674; x_wconf 86' lang='lat' dir='ltr'>defenderet</span> 
     </span>
     <span class='ocr_line' id='line_1_12' title="bbox 234 694 1586 749; baseline -0.001 -13"><span class='ocrx_word' id='word_1_68' title='bbox 234 694 430 736; x_wconf 81' lang='lat' dir='ltr'>adcitum.</span> <span class='ocrx_word' id='word_1_69' title='bbox 495 695 729 736; x_wconf 87' lang='lat' dir='ltr'>contionem</span> <span class='ocrx_word' id='word_1_70' title='bbox 766 709 839 734; x_wconf 82' lang='lat' dir='ltr'>rex</span> <span class='ocrx_word' id='word_1_71' title='bbox 874 695 1129 749; x_wconf 82' lang='lat' dir='ltr'>Argivorum</span> <span class='ocrx_word' id='word_1_72' title='bbox 1165 695 1420 748; x_wconf 87' lang='lat' dir='ltr'>postulabat,</span> <span class='ocrx_word' id='word_1_73' title='bbox 1465 703 1509 736; x_wconf 89' lang='lat' dir='ltr'>ut</span> <span class='ocrx_word' id='word_1_74' title='bbox 1545 696 1586 735; x_wconf 88' lang='lat' dir='ltr'>id</span> 
     </span>
     <span class='ocr_line' id='line_1_13' title="bbox 233 756 1586 812; baseline -0.001 -14"><span class='ocrx_word' id='word_1_75' title='bbox 233 758 327 798; x_wconf 88' lang='lat' dir='ltr'>sciri</span> <span class='ocrx_word' id='word_1_76' title='bbox 352 764 506 812; x_wconf 87' lang='lat' dir='ltr'>posset,</span> <span class='ocrx_word' id='word_1_77' title='bbox 534 770 610 797; x_wconf 84' lang='lat' dir='ltr'>nec</span> <span class='ocrx_word' id='word_1_78' title='bbox 635 765 836 810; x_wconf 69' lang='lat' dir='ltr'>tyrannus</span> <span class='ocrx_word' id='word_1_79' title='bbox 864 757 1064 804; x_wconf 82' lang='lat' dir='ltr'>abnuere3</span> <span class='ocrx_word' id='word_1_80' title='bbox 1093 756 1168 796; x_wconf 89' lang='lat' dir='ltr'>sed</span> <span class='ocrx_word' id='word_1_81' title='bbox 1193 756 1380 796; x_wconf 87' lang='lat' dir='ltr'>deductis</span> <span class='ocrx_word' id='word_1_82' title='bbox 1408 771 1459 797; x_wconf 80' lang='lat' dir='ltr'>ex</span> <span class='ocrx_word' id='word_1_83' title='bbox 1484 758 1586 797; x_wconf 87' lang='lat' dir='ltr'>urbe</span> 
     </span>
     <span class='ocr_line' id='line_1_14' title="bbox 231 817 1585 874; baseline -0.001 -14"><span class='ocrx_word' id='word_1_84' title='bbox 231 820 449 874; x_wconf 71' lang='lat' dir='ltr'>praesidiis</span> <span class='ocrx_word' id='word_1_85' title='bbox 474 819 647 859; x_wconf 83' lang='lat' dir='ltr'>liberam</span> <span class='ocrx_word' id='word_1_86' title='bbox 667 818 900 859; x_wconf 89' lang='lat' dir='ltr'>contionem</span> <span class='ocrx_word' id='word_1_87' title='bbox 926 833 1008 858; x_wconf 88' lang='lat' dir='ltr'>non</span> <span class='ocrx_word' id='word_1_88' title='bbox 1034 817 1217 857; x_wconf 80' lang='lat' dir='ltr'>inmixtis</span> <span class='ocrx_word' id='word_1_89' title='bbox 1240 818 1585 859; x_wconf 77' lang='lat' dir='ltr'>Lacedaemoniis</span> 
     </span>
     <span class='ocr_line' id='line_1_15' title="bbox 234 879 1588 934; baseline -0.001 -13"><span class='ocrx_word' id='word_1_90' title='bbox 234 882 551 929; x_wconf 88' lang='lat' dir='ltr'>declaraturam,</span> <span class='ocrx_word' id='word_1_91' title='bbox 579 881 678 933; x_wconf 86' lang='lat' dir='ltr'>quid</span> <span class='ocrx_word' id='word_1_92' title='bbox 703 880 855 934; x_wconf 73' lang='lat' dir='ltr'>Argivi</span> <span class='ocrx_word' id='word_1_93' title='bbox 882 880 1053 928; x_wconf 90' lang='lat' dir='ltr'>vellent,</span> <span class='ocrx_word' id='word_1_94' title='bbox 1086 879 1275 934; x_wconf 85' lang='lat' dir='ltr'>praeberi</span> <span class='ocrx_word' id='word_1_95' title='bbox 1301 879 1451 920; x_wconf 88' lang='lat' dir='ltr'>debere</span> <span class='ocrx_word' id='word_1_96' title='bbox 1478 879 1588 920; x_wconf 90' lang='lat' dir='ltr'>dice-</span> 
     </span>
     <span class='ocr_line' id='line_1_16' title="bbox 233 941 1587 997; baseline -0.001 -13"><span class='ocrx_word' id='word_1_97' title='bbox 233 945 302 984; x_wconf 86' lang='lat' dir='ltr'>bat</span> <span class='ocrx_word' id='word_1_98' title='bbox 326 958 420 992; x_wconf 83' lang='lat' dir='ltr'>rex,</span> <span class='ocrx_word' id='word_1_99' title='bbox 448 950 646 996; x_wconf 77' lang='lat' dir='ltr'>tyrannus</span> <span class='ocrx_word' id='word_1_100' title='bbox 673 942 843 997; x_wconf 78' lang='lat' dir='ltr'>negavit</span> <span class='ocrx_word' id='word_1_101' title='bbox 869 942 1154 982; x_wconf 87' lang='lat' dir='ltr'>deducturum.</span> <span class='ocrx_word' id='word_1_102' title='bbox 1214 941 1316 982; x_wconf 89' lang='lat' dir='ltr'>haec</span> <span class='ocrx_word' id='word_1_103' title='bbox 1343 941 1587 997; x_wconf 79' lang='lat' dir='ltr'>disceptatio</span> 
     </span>
     <span class='ocr_line' id='line_1_17' title="bbox 234 1002 1588 1057; baseline -0.001 -12"><span class='ocrx_word' id='word_1_104' title='bbox 234 1005 321 1046; x_wconf 89' lang='lat' dir='ltr'>sine</span> <span class='ocrx_word' id='word_1_105' title='bbox 354 1005 466 1046; x_wconf 78' lang='lat' dir='ltr'>exitu</span> <span class='ocrx_word' id='word_1_106' title='bbox 496 1004 587 1045; x_wconf 88' lang='lat' dir='ltr'>fuit.</span> <span class='ocrx_word' id='word_1_107' title='bbox 649 1004 699 1044; x_wconf 87' lang='lat' dir='ltr'>de</span> <span class='ocrx_word' id='word_1_108' title='bbox 731 1004 949 1057; x_wconf 87' lang='lat' dir='ltr'>conloquio</span> <span class='ocrx_word' id='word_1_109' title='bbox 989 1004 1219 1044; x_wconf 80' lang='lat' dir='ltr'>discessum</span> <span class='ocrx_word' id='word_1_110' title='bbox 1252 1004 1451 1044; x_wconf 82' lang='lat' dir='ltr'>sescentis</span> <span class='ocrx_word' id='word_1_111' title='bbox 1486 1002 1588 1044; x_wconf 85' lang='lat' dir='ltr'>Cre-</span> 
     </span>
     <span class='ocr_line' id='line_1_18' title="bbox 233 1065 1588 1120; baseline -0.001 -13"><span class='ocrx_word' id='word_1_112' title='bbox 233 1067 418 1107; x_wconf 86' lang='lat' dir='ltr'>tensibus</span> <span class='ocrx_word' id='word_1_113' title='bbox 452 1067 503 1107; x_wconf 89' lang='lat' dir='ltr'>ab</span> <span class='ocrx_word' id='word_1_114' title='bbox 534 1075 710 1120; x_wconf 71' lang='lat' dir='ltr'>tyranno</span> <span class='ocrx_word' id='word_1_115' title='bbox 743 1066 849 1106; x_wconf 88' lang='lat' dir='ltr'>datis</span> <span class='ocrx_word' id='word_1_116' title='bbox 874 1066 1066 1107; x_wconf 83' lang='lat' dir='ltr'>Romano</span> <span class='ocrx_word' id='word_1_117' title='bbox 1098 1065 1350 1119; x_wconf 85' lang='lat' dir='ltr'>indutiisque</span> <span class='ocrx_word' id='word_1_118' title='bbox 1380 1066 1486 1106; x_wconf 87' lang='lat' dir='ltr'>inter</span> <span class='ocrx_word' id='word_1_119' title='bbox 1515 1065 1588 1106; x_wconf 84' lang='lat' dir='ltr'>Ni-</span> 
     </span>
     <span class='ocr_line' id='line_1_19' title="bbox 234 1127 1589 1182; baseline -0.001 -13"><span class='ocrx_word' id='word_1_120' title='bbox 234 1136 459 1169; x_wconf 83' lang='lat' dir='ltr'>costratum</span> <span class='ocrx_word' id='word_1_121' title='bbox 501 1138 734 1182; x_wconf 87' lang='lat' dir='ltr'>praetorem</span> <span class='ocrx_word' id='word_1_122' title='bbox 770 1127 1039 1168; x_wconf 79' lang='lat' dir='ltr'>Achaeorum</span> <span class='ocrx_word' id='word_1_123' title='bbox 1082 1136 1122 1168; x_wconf 89' lang='lat' dir='ltr'>et</span> <span class='ocrx_word' id='word_1_124' title='bbox 1158 1128 1589 1169; x_wconf 86' lang='lat' dir='ltr'>Lacedaemoniorum</span> 
     </span>
     <span class='ocr_line' id='line_1_20' title="bbox 233 1189 1089 1244; baseline -0.001 -14"><span class='ocrx_word' id='word_1_125' title='bbox 233 1199 454 1244; x_wconf 75' lang='lat' dir='ltr'>tyrannum</span> <span class='ocrx_word' id='word_1_126' title='bbox 479 1189 521 1229; x_wconf 90' lang='lat' dir='ltr'>in</span> <span class='ocrx_word' id='word_1_127' title='bbox 546 1197 739 1242; x_wconf 87' lang='lat' dir='ltr'>quattuor</span> <span class='ocrx_word' id='word_1_128' title='bbox 764 1204 929 1229; x_wconf 89' lang='lat' dir='ltr'>menses</span> <span class='ocrx_word' id='word_1_129' title='bbox 956 1190 1089 1230; x_wconf 86' lang='lat' dir='ltr'>factis.</span> 
     </span>
    </p>

    <p class='ocr_par' dir='ltr' id='par_1_7' title="bbox 234 1250 1589 1615">
     <span class='ocr_line' id='line_1_21' title="bbox 318 1250 1588 1306; baseline -0.002 -14"><span class='ocrx_word' id='word_1_130' title='bbox 318 1252 423 1292; x_wconf 87' lang='lat' dir='ltr'>Inde</span> <span class='ocrx_word' id='word_1_131' title='bbox 443 1250 663 1302; x_wconf 79' lang='lat' dir='ltr'>Quinctius</span> <span class='ocrx_word' id='word_1_132' title='bbox 686 1250 933 1292; x_wconf 87' lang='lat' dir='ltr'>Corinthum</span> <span class='ocrx_word' id='word_1_133' title='bbox 960 1258 1021 1291; x_wconf 90' lang='lat' dir='ltr'>est</span> <span class='ocrx_word' id='word_1_134' title='bbox 1047 1251 1258 1306; x_wconf 87' lang='lat' dir='ltr'>profectus</span> <span class='ocrx_word' id='word_1_135' title='bbox 1285 1257 1325 1291; x_wconf 89' lang='lat' dir='ltr'>et</span> <span class='ocrx_word' id='word_1_136' title='bbox 1350 1251 1402 1290; x_wconf 86' lang='lat' dir='ltr'>ad</span> <span class='ocrx_word' id='word_1_137' title='bbox 1428 1258 1588 1304; x_wconf 88' lang='lat' dir='ltr'>portam</span> 
     </span>
     <span class='ocr_line' id='line_1_22' title="bbox 236 1312 1587 1366; baseline 0.001 -13"><span class='ocrx_word' id='word_1_138' title='bbox 236 1328 328 1354; x_wconf 89' lang='lat' dir='ltr'>cum</span> <span class='ocrx_word' id='word_1_139' title='bbox 361 1312 625 1354; x_wconf 86' lang='lat' dir='ltr'>Cretensium</span> <span class='ocrx_word' id='word_1_140' title='bbox 657 1312 824 1354; x_wconf 88' lang='lat' dir='ltr'>cohorte</span> <span class='ocrx_word' id='word_1_141' title='bbox 855 1313 1050 1361; x_wconf 79' lang='lat' dir='ltr'>accessit,</span> <span class='ocrx_word' id='word_1_142' title='bbox 1088 1320 1132 1352; x_wconf 88' lang='lat' dir='ltr'>ut</span> <span class='ocrx_word' id='word_1_143' title='bbox 1161 1312 1340 1352; x_wconf 86' lang='lat' dir='ltr'>Philocli</span> <span class='ocrx_word' id='word_1_144' title='bbox 1376 1313 1587 1366; x_wconf 85' lang='lat' dir='ltr'>praefecto</span> 
     </span>
     <span class='ocr_line' id='line_1_23' title="bbox 235 1373 1587 1429; baseline -0.001 -14"><span class='ocrx_word' id='word_1_145' title='bbox 235 1375 348 1415; x_wconf 87' lang='lat' dir='ltr'>urbis</span> <span class='ocrx_word' id='word_1_146' title='bbox 376 1375 592 1429; x_wconf 83' lang='lat' dir='ltr'>adpareret</span> <span class='ocrx_word' id='word_1_147' title='bbox 617 1382 838 1428; x_wconf 73' lang='lat' dir='ltr'>tyrannum</span> <span class='ocrx_word' id='word_1_148' title='bbox 865 1390 888 1414; x_wconf 91' lang='lat' dir='ltr'>a</span> <span class='ocrx_word' id='word_1_149' title='bbox 912 1374 1107 1428; x_wconf 88' lang='lat' dir='ltr'>Philippo</span> <span class='ocrx_word' id='word_1_150' title='bbox 1133 1373 1328 1414; x_wconf 87' lang='lat' dir='ltr'>descisse.</span> <span class='ocrx_word' id='word_1_151' title='bbox 1377 1374 1587 1414; x_wconf 88' lang='lat' dir='ltr'>Philocles</span> 
     </span>
     <span class='ocr_line' id='line_1_24' title="bbox 235 1436 1589 1492; baseline -0.001 -14"><span class='ocrx_word' id='word_1_152' title='bbox 235 1445 276 1478; x_wconf 85' lang='lat' dir='ltr'>et</span> <span class='ocrx_word' id='word_1_153' title='bbox 306 1437 394 1492; x_wconf 85' lang='lat' dir='ltr'>ipse</span> <span class='ocrx_word' id='word_1_154' title='bbox 427 1437 479 1477; x_wconf 90' lang='lat' dir='ltr'>ad</span> <span class='ocrx_word' id='word_1_155' title='bbox 509 1436 801 1491; x_wconf 87' lang='lat' dir='ltr'>imperatorem</span> <span class='ocrx_word' id='word_1_156' title='bbox 826 1436 1061 1476; x_wconf 78' lang='lat' dir='ltr'>Romanuin</span> <span class='ocrx_word' id='word_1_157' title='bbox 1098 1436 1140 1476; x_wconf 91' lang='lat' dir='ltr'>in</span> <span class='ocrx_word' id='word_1_158' title='bbox 1178 1436 1440 1488; x_wconf 88' lang='lat' dir='ltr'>conloquium</span> <span class='ocrx_word' id='word_1_159' title='bbox 1478 1436 1589 1477; x_wconf 71' lang='lat' dir='ltr'>venit</span> 
     </span>
     <span class='ocr_line' id='line_1_25' title="bbox 234 1498 1589 1552; baseline -0.001 -13"><span class='ocrx_word' id='word_1_160' title='bbox 234 1498 510 1551; x_wconf 81' lang='lat' dir='ltr'>hortantique,</span> <span class='ocrx_word' id='word_1_161' title='bbox 536 1508 580 1538; x_wconf 90' lang='lat' dir='ltr'>ut</span> <span class='ocrx_word' id='word_1_162' title='bbox 607 1498 815 1552; x_wconf 81' lang='lat' dir='ltr'>extemplo</span> <span class='ocrx_word' id='word_1_163' title='bbox 843 1498 1034 1538; x_wconf 84' lang='lat' dir='ltr'>transiret</span> <span class='ocrx_word' id='word_1_164' title='bbox 1059 1498 1286 1550; x_wconf 83' lang='lat' dir='ltr'>urbemque</span> <span class='ocrx_word' id='word_1_165' title='bbox 1312 1498 1505 1546; x_wconf 86' lang='lat' dir='ltr'>traderet,</span> <span class='ocrx_word' id='word_1_166' title='bbox 1532 1498 1589 1538; x_wconf 84' lang='lat' dir='ltr'>ita</span> 
     </span>
     <span class='ocr_line' id='line_1_26' title="bbox 234 1559 1588 1615; baseline 0 -14"><span class='ocrx_word' id='word_1_167' title='bbox 234 1561 466 1615; x_wconf 85' lang='lat' dir='ltr'>respondit,</span> <span class='ocrx_word' id='word_1_168' title='bbox 493 1568 538 1600; x_wconf 89' lang='lat' dir='ltr'>ut</span> <span class='ocrx_word' id='word_1_169' title='bbox 564 1560 774 1600; x_wconf 89' lang='lat' dir='ltr'>distulisse</span> <span class='ocrx_word' id='word_1_170' title='bbox 800 1574 887 1599; x_wconf 87' lang='lat' dir='ltr'>rem</span> <span class='ocrx_word' id='word_1_171' title='bbox 913 1559 1046 1613; x_wconf 78' lang='lat' dir='ltr'>magis</span> <span class='ocrx_word' id='word_1_172' title='bbox 1074 1574 1197 1612; x_wconf 85' lang='lat' dir='ltr'>quam</span> <span class='ocrx_word' id='word_1_173' title='bbox 1223 1574 1402 1613; x_wconf 78' lang='lat' dir='ltr'>negasse</span> <span class='ocrx_word' id='word_1_174' title='bbox 1428 1560 1588 1601; x_wconf 75' lang='lat' dir='ltr'>videre-</span> 
     </span>
    </p>
   </div>
   <div class='ocr_carea' id='block_1_6' title="bbox 190 1621 1590 1675">
    <p class='ocr_par' dir='ltr' id='par_1_8' title="bbox 190 1621 1590 1675">
     <span class='ocr_line' id='line_1_27' title="bbox 190 1621 1590 1675; baseline 0 -12"><span class='ocrx_word' id='word_1_175' title='bbox 190 1637 206 1665; x_wconf 83' lang='lat'><em>7</em></span> <span class='ocrx_word' id='word_1_176' title='bbox 235 1630 311 1663; x_wconf 89' lang='lat' dir='ltr'>tur.</span> <span class='ocrx_word' id='word_1_177' title='bbox 373 1638 396 1663; x_wconf 92' lang='lat' dir='ltr'>a</span> <span class='ocrx_word' id='word_1_178' title='bbox 423 1622 624 1663; x_wconf 88' lang='lat' dir='ltr'>Corintho</span> <span class='ocrx_word' id='word_1_179' title='bbox 651 1622 872 1674; x_wconf 78' lang='lat' dir='ltr'>Quinctius</span> <span class='ocrx_word' id='word_1_180' title='bbox 898 1622 1145 1675; x_wconf 32' lang='lat' dir='ltr'>Amic-§Tam</span> <span class='ocrx_word' id='word_1_181' title='bbox 1171 1621 1348 1670; x_wconf 89' lang='lat' dir='ltr'>traiecit,</span> <span class='ocrx_word' id='word_1_182' title='bbox 1385 1621 1480 1662; x_wconf 90' lang='lat' dir='ltr'>inde</span> <span class='ocrx_word' id='word_1_183' title='bbox 1507 1623 1590 1663; x_wconf 85' lang='lat' dir='ltr'>fra-</span> 
     </span>
    </p>
   </div>
   <div class='ocr_carea' id='block_1_7' title="bbox 189 1944 206 1973">
    <p class='ocr_par' dir='ltr' id='par_1_9' title="bbox 189 1944 206 1973">
     <span class='ocr_line' id='line_1_28' title="bbox 189 1944 206 1973; baseline 0 0"><span class='ocrx_word' id='word_1_184' title='bbox 189 1944 206 1973; x_wconf 77' lang='lat'>9</span> 
     </span>
    </p>
   </div>
   <div class='ocr_carea' id='block_1_8' title="bbox 169 2131 208 2159">
    <p class='ocr_par' dir='ltr' id='par_1_10' title="bbox 169 2131 208 2159">
     <span class='ocr_line' id='line_1_29' title="bbox 169 2131 208 2159; baseline 0 0"><span class='ocrx_word' id='word_1_185' title='bbox 169 2131 208 2159; x_wconf 88' lang='lat'>10</span> 
     </span>
    </p>
   </div>
   <div class='ocr_carea' id='block_1_9' title="bbox 172 2316 205 2344">
    <p class='ocr_par' dir='ltr' id='par_1_11' title="bbox 172 2316 205 2344">
     <span class='ocr_line' id='line_1_30' title="bbox 172 2316 205 2344; baseline 0.03 -1"><span class='ocrx_word' id='word_1_186' title='bbox 172 2316 205 2344; x_wconf 91' lang='lat'>11</span> 
     </span>
    </p>
   </div>
   <div class='ocr_carea' id='block_1_10' title="bbox 232 1683 1590 2541">
    <p class='ocr_par' dir='ltr' id='par_1_12' title="bbox 232 1683 1590 2541">
     <span class='ocr_line' id='line_1_31' title="bbox 234 1683 1589 1738; baseline 0.001 -15"><span class='ocrx_word' id='word_1_187' title='bbox 234 1692 336 1724; x_wconf 87' lang='lat' dir='ltr'>trem</span> <span class='ocrx_word' id='word_1_188' title='bbox 363 1684 416 1724; x_wconf 89' lang='lat' dir='ltr'>ad</span> <span class='ocrx_word' id='word_1_189' title='bbox 440 1684 723 1738; x_wconf 86' lang='lat' dir='ltr'>temptandam</span> <span class='ocrx_word' id='word_1_190' title='bbox 748 1684 1018 1723; x_wconf 79' lang='lat' dir='ltr'>Acarnanum</span> <span class='ocrx_word' id='word_1_191' title='bbox 1044 1692 1211 1738; x_wconf 80' lang='lat' dir='ltr'>gentem</span> <span class='ocrx_word' id='word_1_192' title='bbox 1236 1683 1359 1724; x_wconf 87' lang='lat' dir='ltr'>misit.</span> <span class='ocrx_word' id='word_1_193' title='bbox 1419 1684 1589 1724; x_wconf 82' lang='lat' dir='ltr'>Attalus</span> 
     </span>
     <span class='ocr_line' id='line_1_32' title="bbox 234 1745 1588 1801; baseline 0 -14"><span class='ocrx_word' id='word_1_194' title='bbox 234 1748 285 1787; x_wconf 89' lang='lat' dir='ltr'>ab</span> <span class='ocrx_word' id='word_1_195' title='bbox 316 1747 446 1801; x_wconf 73' lang='lat' dir='ltr'>Argis</span> <span class='ocrx_word' id='word_1_196' title='bbox 481 1745 707 1800; x_wconf 69' lang='lat' dir='ltr'>Sicyonem</span> <span class='ocrx_word' id='word_1_197' title='bbox 737 1754 799 1786; x_wconf 89' lang='lat' dir='ltr'>est</span> <span class='ocrx_word' id='word_1_198' title='bbox 837 1746 1061 1800; x_wconf 85' lang='lat' dir='ltr'>profectus.</span> <span class='ocrx_word' id='word_1_199' title='bbox 1122 1746 1179 1786; x_wconf 88' lang='lat' dir='ltr'>ibi</span> <span class='ocrx_word' id='word_1_200' title='bbox 1215 1754 1255 1786; x_wconf 89' lang='lat' dir='ltr'>et</span> <span class='ocrx_word' id='word_1_201' title='bbox 1292 1746 1436 1786; x_wconf 73' lang='lat' dir='ltr'>civitas</span> <span class='ocrx_word' id='word_1_202' title='bbox 1469 1746 1588 1787; x_wconf 85' lang='lat' dir='ltr'>novis</span> 
     </span>
     <span class='ocr_line' id='line_1_33' title="bbox 234 1808 1590 1862; baseline -0.001 -13"><span class='ocrx_word' id='word_1_203' title='bbox 234 1809 459 1849; x_wconf 88' lang='lat' dir='ltr'>honoribus</span> <span class='ocrx_word' id='word_1_204' title='bbox 486 1817 647 1849; x_wconf 75' lang='lat' dir='ltr'>veteres</span> <span class='ocrx_word' id='word_1_205' title='bbox 674 1808 784 1862; x_wconf 82' lang='lat' dir='ltr'>regis</span> <span class='ocrx_word' id='word_1_206' title='bbox 811 1808 989 1849; x_wconf 89' lang='lat' dir='ltr'>honores</span> <span class='ocrx_word' id='word_1_207' title='bbox 1017 1808 1129 1848; x_wconf 81' lang='lat' dir='ltr'>auxit</span> <span class='ocrx_word' id='word_1_208' title='bbox 1157 1815 1197 1848; x_wconf 86' lang='lat' dir='ltr'>ct</span> <span class='ocrx_word' id='word_1_209' title='bbox 1221 1823 1295 1848; x_wconf 89' lang='lat' dir='ltr'>reX</span> <span class='ocrx_word' id='word_1_210' title='bbox 1320 1808 1373 1848; x_wconf 91' lang='lat' dir='ltr'>ad</span> <span class='ocrx_word' id='word_1_211' title='bbox 1397 1808 1452 1857; x_wconf 89' lang='lat' dir='ltr'>id,</span> <span class='ocrx_word' id='word_1_212' title='bbox 1479 1808 1590 1861; x_wconf 88' lang='lat' dir='ltr'>quod</span> 
     </span>
     <span class='ocr_line' id='line_1_34' title="bbox 235 1870 1589 1925; baseline -0.001 -14"><span class='ocrx_word' id='word_1_213' title='bbox 235 1885 397 1911; x_wconf 88' lang='lat' dir='ltr'>sacrum</span> <span class='ocrx_word' id='word_1_214' title='bbox 426 1870 637 1925; x_wconf 81' lang='lat' dir='ltr'>Apollinis</span> <span class='ocrx_word' id='word_1_215' title='bbox 669 1885 814 1924; x_wconf 83' lang='lat' dir='ltr'>agrum</span> <span class='ocrx_word' id='word_1_216' title='bbox 846 1870 993 1924; x_wconf 82' lang='lat' dir='ltr'>grandi</span> <span class='ocrx_word' id='word_1_217' title='bbox 1025 1870 1234 1922; x_wconf 85' lang='lat' dir='ltr'>quondam</span> <span class='ocrx_word' id='word_1_218' title='bbox 1265 1870 1440 1924; x_wconf 89' lang='lat' dir='ltr'>pecunia</span> <span class='ocrx_word' id='word_1_219' title='bbox 1471 1870 1589 1910; x_wconf 89' lang='lat' dir='ltr'>rede-</span> 
     </span>
     <span class='ocr_line' id='line_1_35' title="bbox 234 1931 1589 1986; baseline 0.001 -15"><span class='ocrx_word' id='word_1_220' title='bbox 234 1940 365 1973; x_wconf 90' lang='lat' dir='ltr'>merat</span> <span class='ocrx_word' id='word_1_221' title='bbox 390 1934 444 1981; x_wconf 80' lang='lat' dir='ltr'>is,</span> <span class='ocrx_word' id='word_1_222' title='bbox 479 1940 565 1972; x_wconf 92' lang='lat' dir='ltr'>tum</span> <span class='ocrx_word' id='word_1_223' title='bbox 591 1946 774 1985; x_wconf 86' lang='lat' dir='ltr'>quoque,</span> <span class='ocrx_word' id='word_1_224' title='bbox 806 1946 858 1972; x_wconf 91' lang='lat' dir='ltr'>ne</span> <span class='ocrx_word' id='word_1_225' title='bbox 885 1931 973 1972; x_wconf 86' lang='lat' dir='ltr'>sine</span> <span class='ocrx_word' id='word_1_226' title='bbox 1000 1931 1137 1984; x_wconf 87' lang='lat' dir='ltr'>aliqua</span> <span class='ocrx_word' id='word_1_227' title='bbox 1162 1931 1446 1971; x_wconf 85' lang='lat' dir='ltr'>munificentia</span> <span class='ocrx_word' id='word_1_228' title='bbox 1469 1945 1589 1986; x_wconf 87' lang='lat' dir='ltr'>prae-</span> 
     </span>
     <span class='ocr_line' id='line_1_36' title="bbox 233 1993 1590 2046; baseline -0.001 -12"><span class='ocrx_word' id='word_1_229' title='bbox 233 1995 373 2035; x_wconf 88' lang='lat' dir='ltr'>teriret</span> <span class='ocrx_word' id='word_1_230' title='bbox 409 1994 619 2035; x_wconf 76' lang='lat' dir='ltr'>civitatem</span> <span class='ocrx_word' id='word_1_231' title='bbox 657 1994 812 2035; x_wconf 89' lang='lat' dir='ltr'>sociam</span> <span class='ocrx_word' id='word_1_232' title='bbox 850 2004 973 2046; x_wconf 88' lang='lat' dir='ltr'>atque</span> <span class='ocrx_word' id='word_1_233' title='bbox 1011 1993 1205 2041; x_wconf 85' lang='lat' dir='ltr'>amicam,</span> <span class='ocrx_word' id='word_1_234' title='bbox 1249 1993 1392 2033; x_wconf 88' lang='lat' dir='ltr'>decem</span> <span class='ocrx_word' id='word_1_235' title='bbox 1435 1993 1590 2033; x_wconf 87' lang='lat' dir='ltr'>talenta</span> 
     </span>
     <span class='ocr_line' id='line_1_37' title="bbox 234 2054 1586 2110; baseline -0.001 -14"><span class='ocrx_word' id='word_1_236' title='bbox 234 2056 394 2110; x_wconf 77' lang='lat' dir='ltr'>argenti</span> <span class='ocrx_word' id='word_1_237' title='bbox 426 2057 534 2098; x_wconf 90' lang='lat' dir='ltr'>dono</span> <span class='ocrx_word' id='word_1_238' title='bbox 566 2055 679 2097; x_wconf 85' lang='lat' dir='ltr'>dedit</span> <span class='ocrx_word' id='word_1_239' title='bbox 709 2063 749 2096; x_wconf 89' lang='lat' dir='ltr'>et</span> <span class='ocrx_word' id='word_1_240' title='bbox 781 2055 923 2096; x_wconf 89' lang='lat' dir='ltr'>decem</span> <span class='ocrx_word' id='word_1_241' title='bbox 956 2054 1068 2094; x_wconf 89' lang='lat' dir='ltr'>milia</span> <span class='ocrx_word' id='word_1_242' title='bbox 1093 2054 1347 2095; x_wconf 69' lang='lat' dir='ltr'>medimnsnn</span> <span class='ocrx_word' id='word_1_243' title='bbox 1378 2054 1586 2095; x_wconf 87' lang='lat' dir='ltr'>frumenti.</span> 
     </span>
     <span class='ocr_line' id='line_1_38' title="bbox 233 2115 1586 2171; baseline -0.002 -12"><span class='ocrx_word' id='word_1_244' title='bbox 233 2126 356 2171; x_wconf 83' lang='lat' dir='ltr'>atque</span> <span class='ocrx_word' id='word_1_245' title='bbox 388 2118 445 2159; x_wconf 89' lang='lat' dir='ltr'>ita</span> <span class='ocrx_word' id='word_1_246' title='bbox 477 2117 716 2159; x_wconf 88' lang='lat' dir='ltr'>Cenchreas</span> <span class='ocrx_word' id='word_1_247' title='bbox 749 2117 801 2157; x_wconf 88' lang='lat' dir='ltr'>ad</span> <span class='ocrx_word' id='word_1_248' title='bbox 831 2132 959 2157; x_wconf 83' lang='lat' dir='ltr'>naves</span> <span class='ocrx_word' id='word_1_249' title='bbox 991 2116 1110 2156; x_wconf 80' lang='lat' dir='ltr'>redit.</span> <span class='ocrx_word' id='word_1_250' title='bbox 1179 2123 1219 2156; x_wconf 85' lang='lat' dir='ltr'>et</span> <span class='ocrx_word' id='word_1_251' title='bbox 1248 2116 1377 2156; x_wconf 77' lang='lat' dir='ltr'>Nabis</span> <span class='ocrx_word' id='word_1_252' title='bbox 1414 2115 1586 2157; x_wconf 88' lang='lat' dir='ltr'>firmatis</span> 
     </span>
     <span class='ocr_line' id='line_1_39' title="bbox 232 2177 1586 2235; baseline -0.003 -14"><span class='ocrx_word' id='word_1_253' title='bbox 232 2180 439 2235; x_wconf 86' lang='lat' dir='ltr'>praesidio</span> <span class='ocrx_word' id='word_1_254' title='bbox 452 2180 583 2235; x_wconf 81' lang='lat' dir='ltr'>Argis</span> <span class='ocrx_word' id='word_1_255' title='bbox 598 2179 962 2220; x_wconf 83' lang='lat' dir='ltr'>Lacedaemonem</span> <span class='ocrx_word' id='word_1_256' title='bbox 986 2192 1337 2232; x_wconf 34' lang='lat' dir='ltr'>regressus-cum</span> <span class='ocrx_word' id='word_1_257' title='bbox 1362 2177 1451 2232; x_wconf 87' lang='lat' dir='ltr'>ipse</span> <span class='ocrx_word' id='word_1_258' title='bbox 1476 2177 1586 2218; x_wconf 82' lang='lat' dir='ltr'>viros</span> 
     </span>
     <span class='ocr_line' id='line_1_40' title="bbox 235 2239 1586 2297; baseline -0.003 -14"><span class='ocrx_word' id='word_1_259' title='bbox 235 2243 472 2297; x_wconf 81' lang='lat' dir='ltr'>spoliasset,</span> <span class='ocrx_word' id='word_1_260' title='bbox 505 2242 558 2282; x_wconf 89' lang='lat' dir='ltr'>ad</span> <span class='ocrx_word' id='word_1_261' title='bbox 583 2241 759 2282; x_wconf 86' lang='lat' dir='ltr'>feminas</span> <span class='ocrx_word' id='word_1_262' title='bbox 787 2240 1025 2295; x_wconf 89' lang='lat' dir='ltr'>spoliandas</span> <span class='ocrx_word' id='word_1_263' title='bbox 1051 2255 1225 2282; x_wconf 81' lang='lat' dir='ltr'>uxorem</span> <span class='ocrx_word' id='word_1_264' title='bbox 1249 2240 1391 2294; x_wconf 82' lang='lat' dir='ltr'>Argos</span> <span class='ocrx_word' id='word_1_265' title='bbox 1416 2239 1586 2280; x_wconf 87' lang='lat' dir='ltr'>remisit.</span> 
     </span>
     <span class='ocr_line' id='line_1_41' title="bbox 236 2301 1587 2358; baseline -0.002 -14"><span class='ocrx_word' id='word_1_266' title='bbox 236 2319 284 2344; x_wconf 84' lang='lat' dir='ltr'>ea</span> <span class='ocrx_word' id='word_1_267' title='bbox 318 2318 428 2344; x_wconf 89' lang='lat' dir='ltr'>nunc</span> <span class='ocrx_word' id='word_1_268' title='bbox 465 2303 650 2358; x_wconf 81' lang='lat' dir='ltr'>singulas</span> <span class='ocrx_word' id='word_1_269' title='bbox 684 2303 900 2351; x_wconf 79' lang='lat' dir='ltr'>inlustres,</span> <span class='ocrx_word' id='word_1_270' title='bbox 945 2316 1054 2342; x_wconf 88' lang='lat' dir='ltr'>nunc</span> <span class='ocrx_word' id='word_1_271' title='bbox 1091 2301 1212 2342; x_wconf 88' lang='lat' dir='ltr'>simul</span> <span class='ocrx_word' id='word_1_272' title='bbox 1253 2302 1392 2356; x_wconf 90' lang='lat' dir='ltr'>plures</span> <span class='ocrx_word' id='word_1_273' title='bbox 1436 2315 1587 2356; x_wconf 80' lang='lat' dir='ltr'>genere</span> 
     </span>
     <span class='ocr_line' id='line_1_42' title="bbox 234 2363 1587 2416; baseline -0.002 -11"><span class='ocrx_word' id='word_1_274' title='bbox 234 2366 339 2406; x_wconf 90' lang='lat' dir='ltr'>inter</span> <span class='ocrx_word' id='word_1_275' title='bbox 370 2381 414 2406; x_wconf 88' lang='lat' dir='ltr'>se</span> <span class='ocrx_word' id='word_1_276' title='bbox 451 2365 611 2406; x_wconf 86' lang='lat' dir='ltr'>iunctas</span> <span class='ocrx_word' id='word_1_277' title='bbox 650 2364 899 2405; x_wconf 86' lang='lat' dir='ltr'>accersendo</span> <span class='ocrx_word' id='word_1_278' title='bbox 938 2363 1272 2416; x_wconf 89' lang='lat' dir='ltr'>blandiendoque</span> <span class='ocrx_word' id='word_1_279' title='bbox 1310 2377 1357 2403; x_wconf 89' lang='lat' dir='ltr'>ac</span> <span class='ocrx_word' id='word_1_280' title='bbox 1392 2363 1587 2403; x_wconf 87' lang='lat' dir='ltr'>minando</span> 
     </span>
     <span class='ocr_line' id='line_1_43' title="bbox 233 2426 1587 2481; baseline -0.001 -15"><span class='ocrx_word' id='word_1_281' title='bbox 233 2442 316 2467; x_wconf 93' lang='lat' dir='ltr'>non</span> <span class='ocrx_word' id='word_1_282' title='bbox 343 2443 487 2467; x_wconf 88' lang='lat' dir='ltr'>aurum</span> <span class='ocrx_word' id='word_1_283' title='bbox 512 2427 634 2468; x_wconf 92' lang='lat' dir='ltr'>modo</span> <span class='ocrx_word' id='word_1_284' title='bbox 659 2427 728 2475; x_wconf 88' lang='lat' dir='ltr'>iis,</span> <span class='ocrx_word' id='word_1_285' title='bbox 762 2426 835 2467; x_wconf 88' lang='lat' dir='ltr'>sed</span> <span class='ocrx_word' id='word_1_286' title='bbox 859 2434 1070 2481; x_wconf 86' lang='lat' dir='ltr'>postremo</span> <span class='ocrx_word' id='word_1_287' title='bbox 1095 2432 1255 2467; x_wconf 72' lang='lat' dir='ltr'>vestem</span> <span class='ocrx_word' id='word_1_288' title='bbox 1282 2439 1444 2478; x_wconf 86' lang='lat' dir='ltr'>quoque</span> <span class='ocrx_word' id='word_1_289' title='bbox 1470 2440 1587 2465; x_wconf 89' lang='lat' dir='ltr'>mun-</span> 
     </span>
     <span class='ocr_line' id='line_1_44' title="bbox 234 2487 1066 2541; baseline 0.001 -14"><span class='ocrx_word' id='word_1_290' title='bbox 234 2488 414 2541; x_wconf 84' lang='lat' dir='ltr'>dumque</span> <span class='ocrx_word' id='word_1_291' title='bbox 440 2504 605 2530; x_wconf 88' lang='lat' dir='ltr'>omnem</span> <span class='ocrx_word' id='word_1_292' title='bbox 630 2488 874 2529; x_wconf 85' lang='lat' dir='ltr'>muliebrem</span> <span class='ocrx_word' id='word_1_293' title='bbox 901 2487 1066 2529; x_wconf 88' lang='lat' dir='ltr'>ademit.</span> 
     </span>
    </p>
   </div>
  </div>
 </body>
</html>
