1799 2900
426 80 580 115 LIBER
604 81 848 124 XXXVIIII,
875 80 929 114 51.
950 80 1004 114 52.
1033 82 1081 124 [a.
1097 79 1134 115 O.
1152 81 1232 124 183]
1429 70 1512 112 419

156 184 331 226 militum
367 185 613 239 obsaeptum
650 184 780 225 sensit
816 191 856 225 et
893 183 1032 225 onmia
1063 183 1172 225 cirea
1208 184 1350 225 clausa
1375 190 1513 225 eusto-

142 248 233 288 'diis
256 246 466 301 dispositis
489 261 600 295 esse,
628 261 846 296 venenum,
874 247 984 300 quod
1008 247 1137 287 multo
1170 254 1264 288 ante
1294 262 1516 302 praepara-

158 318 245 351 tum
270 310 322 350 ad
348 309 450 350 tales
478 309 659 349 habebat
684 324 819 357 casus,
846 309 1049 364 poposcit.
1095 309 1356 350 ‘liberemus'
1382 310 1516 363 inquit

157 372 368 412 ‘diuturna
395 385 492 411 cura
517 371 715 425 populum
736 371 986 421 Romanum,
1014 371 1179 424 quando
1206 379 1382 413 mortem
1404 371 1514 412 senis

156 441 398 489 exspectare
429 432 601 487 longum
632 440 814 474 censent.
874 447 950 474 nee
980 448 1176 487 magnam
1206 449 1282 474 1100
1313 449 1516 475 memora-

156 497 281 537 bilem
318 510 369 536 ex
405 495 552 536 inermi
586 495 832 550 proditoque
856 495 1115 536 Flamininus
1148 495 1359 536 victoriam
1398 496 1514 537 feret.

155 572 290 599 mores
323 557 490 610 quidem
521 557 663 612 populi
694 557 874 598 Romani
906 565 1107 610 quantum
1144 558 1412 607 mutaverint,
1450 558 1515 599 vel

155 619 222 660 hic
247 619 335 659 dies
362 628 605 674 argumento
632 620 720 660 erit.
770 619 918 660 horum
937 627 1076 674 patres
1090 619 1253 674 Pyrrho
1278 620 1379 675 regi,
1407 619 1516 661 hosti

155 689 331 729 armato,
365 681 590 722 exercitum
615 681 657 721 in
682 681 804 722 Italia
830 681 1015 729 habenti,
1048 688 1093 721 ut
1118 697 1142 722 a
1167 697 1326 722 veneno
1353 692 1517 723 caveret

155 744 467 798 praedixerunt3
505 744 547 784 hi
583 744 767 798 legatum
804 744 1082 793 consularem,
1120 743 1190 797 qui
1226 752 1369 785 auctor
1406 752 1516 785 esset

153 806 328 847 Prusiae
355 821 427 860 per
461 806 596 847 scelus
629 806 844 847 occidendi
877 805 1071 860 hospitis,
1110 806 1336 847 miserunt?
1396 821 1516 847 exse-

155 876 292 908 cratus
326 867 473 908 deinde
504 867 546 907 in
578 875 701 922 caput
733 882 990 922 regnumque
1016 868 1190 908 Prusiae
1222 875 1263 908 et
1287 867 1514 923 hospitales

156 930 255 970 deos
293 929 470 970 violatae
508 930 559 969 ab
596 944 644 970 eo
675 929 771 969 fidei
803 936 930 970 testes
962 929 1180 978 invocans,
1218 930 1413 983 poculum
1444 945 1516 971 ex-

157 991 308 1032 hausit.
369 992 436 1031 1110
462 991 570 1032 vitae
596 991 730 1032 exitus
758 991 834 1031 fuit
858 991 1123 1032 Hannibalis.

240 1054 340 1094 LII.
399 1053 638 1107 Scipionem
676 1061 714 1094 et
751 1054 954 1107 Polybius
993 1061 1033 1094 et
1069 1053 1251 1094 Rutilius
1290 1053 1368 1094 1100
1406 1069 1513 1094 anno

154 1124 360 1157 mortuum
387 1116 584 1155 scribunt.
645 1130 723 1168 ego
749 1129 883 1168 neque
915 1115 978 1155 his
1012 1129 1145 1167 neque
1170 1115 1339 1157 Valerio
1366 1116 1514 1156 adsen-

153 1178 243 1225 tior,
270 1177 347 1225 his,
375 1177 484 1229 quod
510 1177 750 1217 censoribus
778 1177 840 1217 M.
866 1176 1029 1225 Porcio,
1056 1177 1109 1217 L.
1135 1176 1306 1219 Valerio
1335 1175 1406 1231 [L.
1428 1178 1514 1219 Va-

152 1237 317 1293 lerium]
342 1239 567 1293 principem
589 1246 756 1279 senatus
783 1239 919 1293 ipsum
946 1238 1100 1279 lectum
1124 1238 1303 1288 invenio,
1332 1253 1425 1279 cum
1446 1253 1515 1278 su-

152 1300 382 1356 perioribus
405 1301 565 1341 duobus
592 1301 732 1341 lustris
755 1301 982 1341 Africanus
1004 1300 1165 1349 fuisset,
1193 1315 1273 1353 quo
1300 1300 1407 1349 vivo,
1435 1300 1513 1341 nisi

151 1372 196 1403 ut
226 1363 293 1403 ille
326 1371 473 1403 senatu
504 1370 758 1411 moveretur,
798 1378 924 1415 quam
956 1372 1097 1403 notam
1128 1377 1250 1403 nemo
1288 1362 1513 1403 memoriae

150 1425 349 1479 prodidit,
388 1425 491 1464 alius
524 1425 716 1479 princeps
748 1425 790 1465 in
821 1424 958 1465 locum
991 1425 1078 1466 eius
1110 1425 1242 1466 lectus
1276 1440 1359 1465 non
1385 1433 1510 1466 esset.

152 1486 369 1526 Antiatem
401 1495 609 1526 auctorem
646 1486 797 1526 refellit
834 1486 1023 1527 tribunus
1060 1487 1194 1541 plebis
1226 1486 1288 1527 M.
1313 1486 1511 1535 Naevius,

153 1548 351 1589 adversus
378 1562 501 1600 quem
527 1548 657 1589 oratio
682 1548 882 1602 inscripta
905 1549 955 1589 P.
974 1548 1165 1589 Africani
1191 1557 1265 1589 est.
1316 1548 1382 1588 hie
1403 1549 1513 1589 Nae-

151 1610 242 1650 vius
269 1610 311 1649 in
335 1609 653 1663 magistratuum
684 1610 798 1651 libris
831 1619 894 1650 est
925 1610 1113 1651 tribunus
1145 1610 1279 1665 plebis
1304 1611 1354 1652 P.
1383 1609 1512 1652 Clau-

152 1672 232 1720 dio,
259 1672 312 1711 L.
329 1671 479 1711 Porcio
506 1672 759 1720 consulibus,
787 1672 860 1712 sed
885 1671 974 1712 iniit
1000 1672 1255 1713 tribunatum
1280 1673 1365 1726 Ap.
1383 1671 1511 1713 Clau-

152 1733 237 1782 dio,
264 1733 327 1773 M.
356 1731 602 1787 Sempronio
641 1733 878 1774 consulibus
917 1740 1011 1774 ante
1049 1733 1158 1774 diem
1189 1742 1380 1786 quartum
1416 1733 1510 1775 idus

1539 197 1558 227 8

1541 320 1559 350 9

1544 444 1584 474 10

1543 631 1578 660 11

1540 1311 1558 1340 2

149 1795 423 1836 Decembres.
495 1795 590 1836 inde
628 1803 711 1836 tres
748 1810 915 1836 menses
953 1796 1006 1836 ad
1049 1795 1141 1835 idus
1178 1795 1355 1836 Martias
1400 1804 1508 1845 sunt,
1535 1807 1554 1837 5

151 1858 300 1911 quibus
326 1857 377 1897 P.
406 1856 622 1905 Claudius,
649 1857 703 1898 L.
728 1858 904 1898 Porcius
933 1858 1195 1898 consulatum
1220 1857 1413 1898 inierunt.
1452 1858 1511 1898 ita

151 1927 192 1961 et
216 1920 371 1960 vixisse
403 1919 446 1959 in
477 1920 688 1960 tribunatu
712 1920 859 1961 Naevii
892 1920 1054 1960 videtur
1086 1920 1257 1972 diesque
1284 1919 1321 1960 ei
1352 1919 1432 1960 dici
1457 1921 1509 1961 ab

151 1997 199 2023 eo
225 1982 423 2037 potuisse,
452 1982 683 2023 decessisse
710 1990 848 2023 autem
874 1990 968 2023 ante
982 1983 1035 2023 L.
1050 1982 1208 2025 Valerii
1234 1990 1274 2023 et
1293 1982 1355 2022 M.
1370 1982 1509 2023 Porcii

151 2058 383 2085 censuram.

236 2106 382 2146 Trium
420 2106 743 2147 clarissimorum
781 2122 880 2147 suae
918 2106 1117 2159 cuiusque
1154 2106 1290 2160 gentis
1328 2105 1509 2147 virorum

150 2183 234 2209 11011
259 2175 444 2222 tempore
477 2169 610 2223 magis
643 2178 898 2223 congruente
930 2168 1219 2223 comparabilis
1251 2183 1361 2209 mors
1394 2168 1509 2209 vide—

151 2238 216 2270 tur
241 2245 332 2271 esse
360 2245 484 2283 quam
510 2231 620 2283 quod
644 2246 765 2271 nemo
792 2246 934 2271 eorum
961 2230 1060 2271 satis
1088 2230 1260 2284 dignum
1287 2230 1507 2284 splendore

151 2292 260 2333 vitae
292 2292 448 2332 exitum
480 2293 634 2332 habuit.
696 2292 778 2333 iam
809 2293 988 2347 primum
1013 2307 1155 2333 omnes
1188 2307 1271 2332 11011
1302 2292 1344 2332 in
1374 2292 1507 2346 patrio

152 2354 239 2395 solo
266 2354 415 2394 mortui
441 2368 517 2394 1100
544 2354 694 2408 sepulti
721 2362 828 2394 sunt.
873 2369 1033 2395 veneno
1060 2353 1268 2408 absumpti
1293 2354 1508 2395 Hannibal

150 2424 190 2457 et
210 2417 529 2471 Philopoemen,
557 2417 675 2457 exsul
693 2416 919 2466 Hannibal,
946 2416 1133 2471 proditus
1160 2417 1212 2456 ab
1238 2416 1414 2471 hospite,
1441 2431 1508 2457 ca-

149 2486 245 2534 ptus
278 2479 582 2533 Philopoemen
617 2478 659 2518 in
694 2492 858 2519 carcere
895 2486 935 2519 et
970 2478 1012 2518 in
1049 2478 1223 2519 vinculis
1262 2478 1505 2533 exspiravit:

152 2540 294 2595 Scipio
321 2541 399 2582 etsi
430 2556 513 2582 11011
544 2541 663 2582 exsul
694 2556 828 2594 neque
854 2541 1093 2591 damnatus,
1127 2541 1192 2582 die
1218 2548 1357 2582 tamen
1382 2541 1503 2591 dicta,

1217 2607 1284 2641 27*

1529 2553 1548 2584 9
