1799 2900
464 152 617 186 LIBER
642 153 807 197 xxxv,
835 153 889 187 ²22.
911 154 965 187 23.
994 156 1042 197 [a.
1059 153 1192 197 0192]
1429 144 1507 185 193

237 258 295 298 Et
318 256 360 296 in
386 262 559 309 utraque
587 256 792 311 Hispania
816 272 864 297 eo
890 273 998 299 anno
1023 272 1089 298 res
1121 271 1319 311 prospere
1343 263 1508 310 gestae3
1536 271 1555 299 Γ)

154 334 250 361 nam
281 325 322 359 et
354 316 403 359 C.
429 318 659 359 Flaminius
693 319 890 373 oppidum
922 320 1150 361 Licabrum
1180 319 1385 359 munitum
1409 334 1512 373 opu-

154 381 395 433 lentumque
423 379 552 420 vineis
587 381 842 435 expugnavit
874 390 914 422 et
946 381 1129 422 nobilem
1153 381 1344 435 regulum
1371 379 1512 422 Corri-

156 443 336 484 bilonem
350 442 491 482 vivum
507 442 628 496 cepit,
656 450 696 482 et
713 443 775 483 M.
789 444 963 484 Fulvius
989 443 1212 498 proconsul
1235 457 1328 483 cum
1349 443 1510 484 duobus
1538 456 1556 485 6

155 505 404 546 exercitibus
431 504 613 545 hostium
635 505 715 545 duo
736 506 918 546 secunda
942 505 1098 560 proelia
1122 505 1232 554 fecit,
1260 505 1413 560 oppida
1432 505 1512 545 duo

158 568 460 622 Hispanorum,
486 567 726 609 Vesceliam
752 568 1065 621 Helonemque,
1104 575 1144 608 et
1181 568 1351 608 castella
1382 567 1513 606 multa

157 629 430 683 expugnavit3
470 629 549 669 alia
580 629 790 670 voluntate
823 630 875 670 ad
907 645 1002 670 eum
1033 630 1287 670 defecerunt..
1352 636 1440 669 tum
1470 629 1513 668 in
1541 642 1556 670 7

159 691 368 733 Oretanos
394 706 643 746 progressus
665 700 706 732 et
730 691 785 732 ibi
805 692 965 732 duobus
985 691 1139 746 potitus
1161 690 1338 746 oppidis,
1364 691 1515 731 Noliba

158 761 198 794 et
231 752 397 802 Cusibi,
436 754 489 793 ad
520 753 686 808 Tagum
724 769 888 794 amnem
923 754 982 794 ire
1018 753 1166 808 pergit.
1227 753 1423 794 Toletum
1457 752 1513 793 ibi
1540 764 1559 794 8

158 831 286 870 parva
310 816 409 855 urbs
437 823 536 863 erat,
565 816 639 856 sed
663 816 754 856 loeo
779 816 952 856 munito.
1002 831 1094 856 eam
1120 830 1214 855 eum
1240 815 1513 869 obpugnaret,

159 879 387 920 Vettonum
428 892 606 932 magnus
651 878 857 918 exereitus
901 877 1115 918 Toletanis
1161 876 1346 918 subsidio
1389 877 1514 917 venit.

159 954 253 980 cum
278 940 327 980 iis
356 940 484 994 signis
512 940 685 981 conlatis
716 955 914 994 prospere
940 940 1142 994 pugnavit
1167 947 1208 980 et
1238 939 1342 980 fusis
1368 940 1516 982 Vetto-

159 1002 280 1042 nibus
307 1001 500 1056 operibus
527 1002 723 1042 Toletum
749 1003 869 1056 cepit.

244 1063 424 1104 XXIII.
475 1062 673 1103 Ceterum
704 1078 752 1103 eo
785 1071 969 1117 tempore
1001 1063 1137 1102 minus
1165 1077 1214 1102 ea
1243 1062 1371 1110 bella,
1410 1076 1516 1114 quae
1546 1076 1557 1102 1

160 1125 426 1179 gerebantur,
460 1138 581 1164 curae
613 1124 800 1178 patribus
828 1132 945 1164 erant
976 1139 1099 1177 quam
1131 1124 1388 1177 exspectatio
1413 1138 1516 1163 non-

160 1186 258 1226 dum
295 1185 428 1239 coepti
465 1199 559 1225 eum
591 1185 800 1226 Antiocho
833 1186 941 1226 belli.
1008 1201 1106 1225 nam
1137 1185 1215 1226 etsi
1245 1200 1318 1239 per
1354 1185 1515 1238 legatos

160 1248 387 1288 identidem
419 1248 558 1288 omnia
589 1249 930 1303 explorabantur‚
970 1255 1108 1289 tamen
1138 1263 1325 1288 rumores
1364 1255 1518 1287 temere

161 1310 250 1350 sine
265 1309 358 1350 ullis
381 1310 618 1351 auctoribus
640 1310 717 1351 orti
738 1310 868 1351 multa
886 1310 993 1350 salsa
1012 1309 1120 1350 veris
1135 1309 1380 1350 miscebant.
1412 1308 1519 1349 inter
1545 1323 1563 1351 3

161 1386 266 1425 quae
293 1372 475 1412 adlatum
502 1380 608 1421 erat,
636 1385 729 1412 eum
755 1372 797 1412 in
823 1373 1034 1413 Aetoliam
1060 1372 1243 1413 venisset
1268 1371 1518 1420 Antiochus,

162 1434 369 1488 extemplo
397 1434 574 1475 classem
600 1449 695 1475 eum
720 1434 761 1474 in
789 1434 975 1475 Siciliam
1000 1435 1237 1475 missurum.
1286 1434 1425 1486 itaque
1453 1448 1517 1474 se-
1542 1446 1561 1474 4

162 1503 296 1544 natus,
324 1496 402 1536 etsi
426 1503 659 1551 praetorem
673 1496 851 1537 Atilium
866 1511 960 1537 cum
975 1497 1108 1537 classe
1134 1496 1304 1537 miserat:
1328 1496 1370 1535 in
1386 1494 1519 1536 Grae-

164 1558 281 1607 ciam,
309 1565 459 1606 tamen,
487 1558 583 1611 quia
603 1573 686 1599 non
705 1559 834 1613 copiis
860 1559 997 1607 modo,
1027 1559 1101 1599 sed
1126 1558 1250 1598 etiam
1276 1556 1517 1598 auctoritate
1545 1571 1564 1598 5

164 1634 267 1674 opus
294 1627 381 1660 erat.
406 1620 459 1659 ad
484 1620 685 1660 tenendos
707 1620 915 1661 sociorum
941 1621 1116 1668 animos,
1144 1620 1194 1660 T.
1212 1619 1457 1670 Quinctium
1482 1627 1523 1659 et

167 1680 245 1722 Cn.
273 1681 498 1722 Octavium
524 1688 563 1721 et
591 1680 668 1722 Cn.
698 1680 920 1722 Servilium
947 1691 987 1722 et
1010 1682 1062 1722 P.
1086 1681 1261 1724 Villium
1292 1681 1453 1734 legatos
1479 1680 1521 1720 in

167 1742 387 1784 Graeciam
413 1743 542 1791 misit3
570 1751 610 1783 et
628 1750 672 1783 ut
687 1743 749 1783 M.
764 1743 949 1784 Baebius
971 1758 1023 1783 ex
1041 1743 1202 1783 Bruttis
1224 1742 1276 1782 ad
1294 1742 1522 1782 Tarentum

167 1812 206 1846 et
222 1805 491 1845 Brundisium
516 1813 779 1859 promoveret.
802 1806 990 1860 legiones
1024 1804 1224 1852 decrevit,
1251 1804 1368 1852 inde,
1397 1804 1431 1844 si
1455 1818 1521 1844 res
1549 1816 1566 1845 6

166 1874 368 1922 posceret,
395 1867 436 1907 in
457 1867 752 1908 BIacedoniam
779 1868 987 1916 traiceret3
1015 1875 1055 1907 et
1074 1874 1120 1907 ut
1133 1866 1196 1906 M.
1210 1866 1384 1906 Fulvius
1403 1880 1523 1920 prae-

168 1936 229 1969 tor
256 1929 432 1969 classem
463 1929 631 1969 navium
665 1929 810 1984 viginti
841 1929 1021 1970 mitteret
1047 1929 1100 1969 ad
1132 1928 1328 1968 tuendam
1355 1926 1523 1968 Siciliae

167 2006 299 2040 oram3
334 1999 374 2032 et
398 2001 443 2031 ut
475 2006 568 2032 cum
593 1992 765 2046 imperio
792 1999 902 2031 esset
934 1991 1003 2044 qui
1029 1991 1202 2031 classem
1239 2005 1330 2030 eam
1357 1990 1526 2030 duceret

167 2076 222 2081 ——
247 2053 364 2093 duxit
399 2053 453 2094 L.
488 2053 654 2108 Oppius
688 2053 914 2102 Salinator,
959 2052 1029 2105 qui
1064 2052 1201 2106 priore
1239 2066 1346 2092 anno
1378 2051 1522 2092 aedilis
1550 2065 1566 2093 7

168 2115 304 2169 plebei
329 2115 462 2155 fuerat
489 2132 562 2164 —3
591 2122 631 2156 et
660 2124 706 2156 ut
736 2115 846 2156 idem
871 2123 1037 2169 praetor
1062 2115 1115 2154 L.
1142 2113 1312 2156 Valerio
1339 2113 1524 2168 collegae

171 2176 385 2224 scriberet,
422 2177 651 2230 periculum
683 2192 795 2225 esse,
833 2192 883 2217 ne
917 2176 1062 2217 classis
1095 2176 1205 2229 regis
1237 2175 1436 2216 Antiochi
1472 2190 1524 2216 ex
1549 2189 1568 2218 8

170 2238 338 2278 Aetolia
363 2238 403 2277 in
432 2239 615 2279 Siciliam
647 2239 854 2279 traiceret:
892 2239 1030 2291 itaque
1061 2238 1224 2293 placere
1256 2237 1435 2286 senatui,
1473 2237 1526 2278 ad

172 2314 265 2339 eum
297 2300 540 2349 exercitum,
580 2316 702 2353 quem
734 2301 905 2340 haberet
916 2332 925 2349 ,
959 2299 1319 2340 tumultuariorum
1349 2298 1525 2339 militum

173 2362 225 2401 ad
246 2361 463 2401 duodecim
483 2362 596 2402 milia
617 2370 657 2403 et
677 2363 1001 2416 quadringentos
1023 2362 1181 2414 equites
1199 2361 1409 2410 scriberet,
1437 2361 1526 2414 qui-

173 2424 249 2464 bus
264 2438 378 2464 oram
391 2424 640 2464 maritimam
654 2424 903 2478 provinciae,
926 2439 1006 2477 qua
1020 2431 1211 2477 vergeret
1230 2423 1272 2463 in
1289 2422 1523 2471 Graeciam,

173 2486 277 2526 tueri
310 2493 465 2540 posset.
526 2501 620 2526 eum
653 2486 848 2526 dilectum
880 2494 1044 2540 praetor
1074 2501 1157 2526 non
1189 2500 1241 2525 ex
1267 2484 1410 2526 Sicilia
1433 2484 1525 2540 ipsa
1551 2498 1569 2528 9

174 2555 345 2597 tantum,
369 2548 443 2588 sed
463 2563 514 2588 ex
533 2548 917 2589 circumiacentibus
938 2547 1083 2588 insulis
1107 2547 1264 2596 habuit,
1290 2547 1525 2601 oppidaque

175 2610 312 2652 omnia
335 2610 553 2660 maritima,
580 2625 685 2664 quae
711 2610 753 2650 in
768 2609 987 2651 Graeciam
1011 2624 1132 2651 versa
1151 2616 1280 2658 erant,
1306 2608 1523 2664 praesidiis

243 2678 305 2704 Livi
322 2678 374 2704 rol.
391 2677 440 2705 III.
1265 2675 1308 2709 13

1543 1198 1561 1226 [Ο
