1799 2900
268 58 350 99 398
517 65 669 99 LIBER
694 64 940 108 XXXVIIII,
966 65 1110 100 28--30.
1133 69 1181 110 [a.
1198 77 1276 101 u.e.
1292 67 1374 110 569]

204 183 242 213 14
269 184 379 210 cere:
419 168 482 209 sin
514 167 661 220 aliquis
695 174 758 208 est
787 174 1002 222 respectus
1033 169 1114 209 mei
1145 177 1189 209 ut
1221 169 1321 210 socii
1353 176 1475 222 atque
1508 169 1627 211 amici

266 231 396 285 regis,
424 230 641 283 deprecor,
667 244 719 269 ne
745 244 811 270 me
837 238 951 270 tanta
975 230 1122 271 iniuria
1149 231 1320 286 dignum
1345 231 1562 272 iudicetis?

224 309 234 336 1
351 290 597 333 XXVIIII.
658 291 797 332 Movit
834 291 1090 344 aliquantum
1132 293 1261 333 oratio
1298 293 1407 347 regis
1451 293 1625 348 legatos,

265 354 403 406 itaque
429 354 565 394 medio
590 368 792 407 responso
818 368 905 393 rem
932 355 1257 408 suspenderunt:
1285 355 1318 395 si
1344 355 1487 396 decem
1513 356 1626 409 lega-

264 424 401 456 torum
427 416 591 457 decreto
605 416 786 457 Eumeni
813 416 932 457 datae
959 416 1144 458 civitates
1172 432 1245 458 eae
1270 426 1428 467 essent,
1456 417 1555 457 nihil
1582 432 1626 458 se

221 494 237 521 2
266 486 443 527 mutare;
483 478 515 518 si
541 478 762 533 Philippus
788 478 897 519 bello
924 478 1104 533 cepisset
1129 493 1217 528 eas,
1243 479 1472 534 praemium
1498 479 1626 520 victo-

263 540 347 581 riae
372 541 459 580 iure
485 539 582 581 belli
608 539 862 588 habiturum3
890 539 923 580 si
950 548 1141 580 neutrum
1167 555 1308 581 eorum
1334 541 1458 589 foret,
1485 540 1626 595 cogni-

264 602 419 643 tionem
444 602 607 657 placerc
635 602 796 643 senatui
827 602 1030 642 reservari
1062 610 1120 651 et,
1158 610 1203 642 ut
1235 602 1373 643 omnia
1399 602 1440 642 in
1464 603 1626 657 integro

263 672 496 713 manerent,
523 664 732 719 praesidia
757 679 862 717 quae
888 664 930 704 in
956 664 1005 705 iis
1031 665 1203 705 urbibus
1233 664 1315 704 sint
1340 664 1500 704 deduci.

219 742 237 771 3
350 727 444 767 IIae
470 741 620 767 causac
646 727 826 767 maxime
853 726 1036 766 animum
1055 727 1240 782 Philippi
1267 726 1550 767 alienaverunt
1575 726 1627 766 ab

262 789 484 837 Romanis,
513 796 555 829 ut
580 804 663 829 non
689 804 712 829 a
735 788 894 829 Perseo
920 788 1004 829 filio
1030 789 1118 829 eius
1145 788 1264 829 novis
1291 788 1427 828 causis
1454 796 1626 834 motum,

263 851 338 891 sed
374 850 427 891 ob
465 850 540 891 has
573 866 596 890 a
632 859 748 906 patre
785 850 942 891 bellum
978 851 1167 892 relictum
1205 851 1288 892 filio
1321 850 1450 891 videri
1480 850 1625 905 possit.

217 926 238 955 4
263 913 422 954 Romae
448 913 561 954 nulla
586 913 851 954 Macedonici
882 912 979 953 belli
1005 913 1179 968 suspitio
1206 921 1304 953 erat.
1360 913 1413 953 L.
1439 912 1626 953 Manlius

262 976 485 1030 proconsul
511 991 563 1016 ex
582 976 793 1031 Hispania
816 975 1009 1016 redierat.
1059 976 1125 1016 cui
1149 975 1376 1030 postulanti
1401 975 1454 1015 ab
1481 982 1626 1016 senatu

262 1038 304 1077 in
330 1038 432 1078 aede
456 1038 657 1079 Bellonae
684 1038 938 1093 triumphum
970 1053 1107 1079 rerum
1139 1047 1350 1093 gestarum
1382 1037 1625 1093 magnitudo

218 1113 236 1141 5
262 1099 565 1154 impetrabilem
584 1100 784 1149 faciebat,
811 1101 1049 1155 exemplum
1070 1101 1281 1149 obstabat,
1308 1101 1419 1153 quod
1439 1101 1495 1141 ita
1515 1114 1626 1141 com-

261 1170 452 1215 paratum
477 1176 592 1202 more
618 1162 822 1202 maiorum
848 1173 954 1210 erat,
992 1177 1043 1202 ne
1071 1163 1162 1215 quis
1195 1162 1264 1215 qui
1290 1163 1516 1203 exercitum
1541 1177 1624 1203 non

262 1224 522 1278 deportasset
565 1224 861 1278 triumpharet,
911 1224 991 1265 nisi
1032 1225 1308 1279 perdomitam
1349 1232 1624 1279 pacatamque

261 1285 516 1341 provinciam
548 1286 787 1327 tradidisset
818 1287 1061 1327 successori.
1122 1287 1283 1327 medius
1321 1295 1459 1327 tamen
1490 1286 1623 1327 honos

217 1360 234 1390 6
262 1348 422 1388 Manlio
460 1347 648 1396 habitus,
685 1356 731 1388 ut
767 1363 897 1389 ovans
935 1349 1080 1389 urbem
1114 1349 1248 1389 iniret.
1321 1348 1413 1388 tulit
1449 1362 1622 1389 coronas

261 1425 407 1450 aureas
435 1410 735 1464 quinquaginta
761 1410 883 1459 duas,
922 1411 1011 1450 auri
1042 1419 1257 1465 praeterea
1287 1411 1426 1464 pondo
1458 1418 1622 1451 centum

219 1483 234 1511 7
262 1471 432 1525 triginta
457 1471 556 1520 duo,
595 1471 755 1525 argenti
782 1471 963 1511 sedecim
994 1472 1107 1512 milia
1136 1479 1340 1519 trecenta,
1378 1479 1419 1512 et
1442 1487 1624 1526 pronun-

261 1533 379 1574 tiavit
408 1533 451 1573 in
483 1542 630 1574 senatu
661 1533 806 1574 decem
838 1533 951 1574 milia
981 1535 1121 1589 pondo
1153 1534 1314 1589 argenti
1344 1542 1385 1575 et
1415 1534 1626 1589 octoginta

260 1595 348 1636 auri
374 1594 427 1647 Q.
453 1595 633 1636 Fabium
666 1603 929 1648 quaestorem
969 1596 1194 1637 advehere:
1231 1596 1274 1636 id
1306 1610 1470 1649 quoque
1502 1610 1547 1637 se
1582 1595 1625 1636 in

260 1657 465 1697 aerarium
491 1657 738 1698 delaturum.

215 1732 234 1761 8
345 1719 530 1773 Magnus
556 1727 692 1760 motus
727 1719 887 1760 servilis
921 1734 969 1761 eo
1001 1735 1108 1761 anno
1139 1720 1182 1760 in
1206 1719 1364 1774 Apulia
1389 1718 1478 1760 fuit.
1539 1718 1624 1759 Ta-

214 1793 232 1822 9
259 1789 422 1822 rentum
446 1782 703 1837 provinciam
729 1782 781 1822 L.
807 1783 1051 1823 Postumius
1077 1788 1243 1837 praetor
1268 1782 1461 1822 habebat.
1509 1781 1544 1822 is
1571 1781 1622 1821 de

258 1854 471 1898 pastorum
498 1844 798 1893 coniuratione,
825 1844 894 1897 qui
918 1844 1006 1885 vias
1033 1844 1258 1885 latrociniis
1283 1857 1521 1899 pascuaque
1546 1858 1623 1897 pu-

259 1906 366 1946 bliea
390 1905 542 1947 infesta
566 1906 817 1955 habuerant,
845 1906 1130 1959 quaestionem
1156 1920 1299 1946 severe
1325 1904 1520 1946 exercuit.
1569 1904 1622 1945 ad

260 1976 419 2022 septem
444 1968 556 2008 milia
582 1968 795 2009 hominum
822 1968 1130 2017 condemnavit3
1158 1967 1276 2008 multi
1294 1967 1389 2008 inde
1410 1967 1619 2021 fugerunt,

196 2041 232 2071 ιο
259 2029 309 2070 de
334 2029 473 2070 multis
501 2038 711 2084 sumptum
737 2038 799 2070 est
832 2029 1093 2084 supplicium.
1155 2029 1347 2070 eonsules
1379 2029 1449 2068 diu
1472 2027 1623 2069 retenti

258 2091 311 2131 ad
335 2092 480 2131 urbem
506 2091 724 2132 dilectibus
752 2092 919 2132 tandem
944 2091 986 2131 in
1012 2091 1246 2146 provincias
1272 2090 1447 2145 profecti
1473 2096 1582 2130 sunt.

219 2167 229 2194 1
342 2152 500 2194 XXX.
560 2154 725 2194 Eodem
757 2169 866 2194 anno
897 2154 939 2194 in
964 2153 1174 2208 Hispania
1203 2162 1416 2208 praetores
1444 2150 1493 2193 C.
1522 2150 1620 2193 Cal-

257 2215 428 2268 purnius
455 2224 495 2256 et
519 2215 573 2255 L.
596 2215 837 2267 Quinctius,
865 2230 959 2256 cum
983 2216 1117 2270 primo
1142 2230 1239 2256 vere
1265 2230 1316 2255 ex
1343 2214 1525 2255 hibernis
1552 2227 1620 2254 co-

258 2276 346 2329 pias
374 2277 543 2318 eductas
570 2277 612 2318 in
636 2278 836 2318 Baeturia
860 2277 1111 2326 iunxissem,
1137 2277 1180 2317 in
1207 2276 1521 2331 Carpetaniam,
1547 2273 1619 2315 ubi

259 2337 438 2378 hostium
475 2347 611 2380 castra
646 2346 782 2388 erant,
830 2339 1042 2395 progressi
1079 2346 1194 2387 sunt,
1243 2337 1451 2379 communi
1481 2336 1618 2377 animo

215 2412 232 2439 2
260 2400 514 2452 consilioque
552 2401 685 2455 parati
722 2416 808 2442 rem
846 2416 1003 2456 gerere.
1064 2401 1176 2442 haud
1206 2400 1350 2455 procul
1379 2399 1547 2454 Dipone
1579 2405 1619 2438 et

259 2459 406 2500 Toleto
433 2462 603 2502 urbibus
629 2463 736 2503 inter
766 2463 1030 2518 pabulatores
1061 2478 1203 2518 pugna
1236 2470 1325 2503 orta
1351 2471 1431 2511 est,
1469 2459 1617 2514 quibus

260 2520 357 2560 dum
390 2523 593 2576 utrimque
625 2525 866 2565 subvenitur
892 2540 915 2565 a
941 2525 1106 2574 castris,
1145 2523 1343 2578 paulatim
1374 2537 1517 2564 omnes
1549 2534 1618 2561 co-
