1799 2900
471 151 622 186 LIBER
646 151 870 193 XXXVIII,
895 151 948 186 23.
969 150 1024 185 24.
1052 153 1100 194 [a.
1117 149 1157 185 e.
1171 150 1252 193 189]
1455 140 1535 181 337

186 272 337 312 magna
366 270 463 311 pars
493 255 665 309 rupibus
697 254 818 295 inviis
849 254 891 295 in
921 254 1151 309 profundae
1183 252 1410 294 altitudinis
1442 266 1539 292 con-

185 320 313 361 valles
358 318 530 371 delapsa
566 324 646 365 est,
694 332 790 370 pars
833 317 875 357 in
918 316 1032 357 silvis
1074 316 1351 370 vepribusque
1388 313 1537 356 occisa.

187 380 407 428 Claudius,
435 379 505 432 qui
527 379 593 419 bis
618 386 849 433 pugnatum
873 379 915 418 in
931 378 1115 432 Olympo
1140 384 1280 418 monte
1307 376 1460 424 scribit,
1488 375 1540 415 ad

186 441 460 496 quadraginta
496 440 608 480 milia
644 440 857 480 hominum
889 446 1031 480 auctor
1068 447 1131 480 est
1169 453 1309 487 caesa,
1345 437 1539 480 Valerius

185 505 356 553 Antias,
395 503 464 556 qui
500 503 633 556 magis
671 502 901 543 inmodicus
939 503 982 542 in
1018 516 1190 542 numero
1227 500 1417 554 augendo
1449 513 1541 540 esse

186 567 309 615 solet,
346 581 429 607 non
454 565 547 620 plus
575 565 716 605 decem
743 565 867 605 milia.
928 578 1122 604 numerus
1150 562 1407 617 captivorum
1431 561 1543 602 haud

186 628 310 669 dubie
335 628 449 668 milia
474 627 748 680 quadraginta
773 627 972 681 explevit,
1006 625 1102 679 quia
1126 625 1259 666 omnis
1285 624 1449 678 generis
1475 638 1543 664 ae-

186 690 364 743 tatisque
401 690 565 730 turbam
602 703 743 729 secum
780 695 1008 737 traxerant,
1054 687 1373 742 demigrantium
1408 685 1541 740 magis

187 767 313 806 quam
337 752 378 791 in
402 751 558 791 bellum
583 751 767 791 euntium
792 751 928 791 modo.
979 749 1123 791 consul
1149 749 1271 790 armis
1298 749 1478 789 hostium
1502 748 1544 787 in

186 830 269 855 uno
295 813 566 855 concrematis
594 813 756 853 cumulo
785 820 964 853 ceteram
985 812 1183 866 praedam
1205 811 1390 852 conferre
1411 809 1544 851 omnis

186 876 307 917 iussit
332 884 372 916 et
397 884 466 916 aut
492 875 677 916 vendidit
702 875 813 928 quod
845 875 932 915 eius
964 875 1007 914 in
1037 874 1248 928 publicum
1271 873 1545 927 redigendum

188 946 294 986 erat,
321 944 389 978 aut
412 952 505 977 cum
525 951 640 985 eura,
666 944 711 976 ut
731 951 853 989 quam
874 936 1124 989 aequissima
1148 942 1277 984 esset,
1304 950 1376 989 per
1394 934 1544 974 milites

189 999 340 1040 divisit.
400 999 555 1039 laudati
581 1013 744 1052 quoque
769 1013 844 1052 pro
871 998 1061 1038 contione
1094 1011 1237 1038 omnes
1265 1003 1361 1037 sunt
1386 994 1546 1036 donati-

188 1076 266 1115 que
292 1077 366 1116 pro
391 1060 536 1101 merito
564 1061 757 1113 quisque,
785 1067 878 1100 ante
905 1059 1038 1100 onmis
1055 1059 1222 1099 Attalus
1250 1073 1411 1098 summo
1438 1064 1547 1097 cete-

188 1139 328 1164 rorum
354 1123 552 1171 adsensu3
578 1137 674 1162 nam
701 1121 922 1175 singularis
949 1121 1036 1161 eius
1058 1120 1218 1160 iuvenis
1244 1134 1339 1160 eum
1358 1119 1486 1159 virtus
1508 1125 1549 1158 et

188 1185 390 1224 industria
409 1184 448 1223 in
472 1184 664 1224 omnibus
683 1183 896 1224 laboribus
919 1181 1210 1236 periculisque,
1236 1188 1323 1221 tum
1343 1179 1548 1221 modestia

191 1246 313 1286 etiam
340 1246 487 1285 fuerat.

272 1306 476 1347 XXIIII.
527 1305 753 1361 Supererat
778 1305 930 1346 belluni
949 1305 1158 1359 integrum
1179 1318 1272 1344 cum
1285 1303 1547 1357 Tectosagis.

189 1368 242 1409 ad
267 1383 338 1409 eos
364 1368 574 1423 profectus
602 1367 747 1408 consul
773 1367 903 1408 tertiis
930 1367 1076 1407 castris
1103 1367 1336 1420 Ancyaam,
1368 1365 1550 1406 nobilem

189 1431 232 1471 in
256 1431 335 1471 illis
363 1431 464 1472 locis
490 1431 646 1479 urbem,
674 1430 880 1484 pervenit,
906 1430 1016 1470 unde
1042 1429 1184 1470 hostes
1210 1428 1335 1483 paulo
1360 1428 1452 1483 plus
1479 1428 1548 1468 de-

191 1507 280 1533 cem
300 1493 413 1533 milia
433 1494 616 1533 aberant.
654 1492 726 1531 ubi
746 1506 839 1531 cnm
862 1492 1011 1532 stativa
1032 1500 1184 1540 essent,
1210 1491 1371 1531 facinus
1392 1504 1549 1530 memo-

191 1556 320 1596 rabile
341 1571 364 1596 a
384 1555 547 1610 captiva
566 1556 721 1595 factum
743 1562 818 1595 est.
859 1554 1120 1609 Ortiagontis
1141 1554 1272 1608 reguli
1294 1568 1398 1594 uxor
1417 1553 1552 1593 forma

193 1617 343 1658 eximia
368 1617 675 1657 custodiebatur
699 1616 805 1656 inter
831 1616 968 1670 plures
1002 1616 1206 1670 captivosg
1245 1615 1310 1655 cui
1340 1614 1551 1654 custodiae

194 1679 377 1719 centurio
413 1685 602 1733 praeerat
638 1685 678 1718 et
714 1678 896 1718 libidinis
935 1686 976 1718 et
1013 1677 1210 1718 avaritiae
1245 1675 1446 1715 militaris.
1516 1674 1550 1714 is

193 1741 325 1795 primo
351 1741 535 1780 animum
567 1740 801 1794 temptavit3
839 1755 961 1793 quem
993 1754 1084 1780 cum
1117 1739 1407 1779 abhorrentem
1433 1752 1457 1777 a
1481 1752 1553 1777 vo-

194 1803 370 1843 luntario
406 1802 565 1842 videret
602 1810 763 1856 stupro,
809 1802 989 1856 corpori,
1033 1801 1143 1854 quod
1181 1814 1347 1840 servum
1388 1799 1554 1839 fortuna

195 1871 300 1913 erat,
327 1865 410 1904 vim
430 1864 539 1904 fecit.
578 1864 726 1904 deinde
749 1864 800 1904 ad
819 1864 1055 1904 leniendam
1074 1861 1362 1917 indignitatem
1382 1860 1552 1900 iniuriae

196 1942 311 1982 spem
337 1927 492 1966 reditus
520 1926 572 1966 ad
599 1941 695 1967 suos
722 1926 883 1966 mulieri
909 1926 1025 1975 facit,
1053 1932 1091 1965 et
1116 1939 1168 1965 ne
1193 1939 1284 1964 eam
1305 1922 1485 1976 quidem,
1510 1928 1556 1961 ut

196 2004 359 2037 amans,
397 1988 632 2043 gratuitam.
695 1995 806 2028 certo
833 1988 920 2028 auri
944 1987 1126 2042 pondere
1151 1993 1317 2041 pactus,
1353 1999 1406 2024 ne
1431 1998 1554 2036 quem

196 2066 365 2091 suorum
391 2050 601 2091 conscium
627 2050 818 2098 haberet,
856 2050 935 2103 ipsi
960 2048 1180 2104 permittit„
1213 2055 1259 2087 ut
1284 2060 1407 2100 quem
1432 2045 1556 2085 vellet

195 2126 324 2152 unum
350 2127 400 2152 ex
427 2111 602 2166 captivis
628 2112 817 2151 nuntium
838 2112 891 2151 ad
913 2127 1009 2151 suos
1029 2111 1222 2151 mitteret.
1272 2109 1407 2149 locum
1427 2121 1555 2162 prope

196 2173 351 2213 flumen
376 2173 605 2221 constituit,
644 2188 724 2226 quo
751 2173 850 2222 duo,
888 2188 939 2213 ne
965 2173 1079 2227 plus,
1117 2170 1341 2212 necessarii
1367 2168 1556 2223 captivae

198 2250 292 2275 cum
318 2251 416 2276 auro
441 2237 629 2276 venirent
654 2243 773 2276 nocte
800 2236 1033 2289 insequenti
1061 2235 1114 2275 ad
1140 2250 1230 2275 eam
1259 2232 1554 2287 accipiendam.

198 2298 304 2338 forte
329 2297 460 2351 ipsius
485 2298 667 2338 mulieris
695 2312 839 2338 servus
866 2298 970 2338 inter
996 2297 1181 2351 captivos
1209 2296 1395 2336 eiusdem
1420 2300 1558 2335 custo-

199 2359 290 2399 diae
316 2367 414 2399 erat.
477 2359 585 2399 hune
609 2359 799 2399 nuntium
830 2359 972 2413 primis
1006 2359 1184 2399 tenebris
1217 2364 1333 2398 extra
1359 2356 1555 2397 stationes

199 2421 382 2461 centurio
414 2413 562 2461 educit.
623 2428 743 2461 nocte
777 2420 1011 2473 insequenti
1043 2427 1083 2460 et
1114 2420 1194 2460 duo
1219 2417 1443 2459 necessarii
1467 2432 1558 2457 mu-

199 2482 308 2522 lieris
336 2482 387 2522 ad
413 2483 680 2522 constitutum
706 2482 842 2521 locuni
869 2489 907 2521 et
930 2480 1113 2522 centurio
1135 2495 1227 2520 culn
1249 2479 1412 2534 captiva
1431 2478 1555 2519 venit.

1573 755 1611 786 10

1574 1006 1610 1035 11

1575 1500 1593 1529 10

1581 2120 1600 2148 5

1582 2305 1600 2335 6

1583 2431 1598 2458 7

199 2543 270 2584 ubi
295 2558 388 2583 cum
414 2559 559 2584 aurum
585 2544 850 2585 ostenderent
880 2544 991 2597 quod
1025 2557 1231 2584 summam
1256 2541 1399 2582 talenti
1424 2539 1555 2581 Attici
1581 2551 1599 2582 S

198 2629 253 2634 —-
278 2607 380 2646 tanti
411 2607 520 2647 enim
551 2607 765 2662 pepigerat
791 2633 845 2637 -
870 2607 1072 2661 expleret,
1110 2605 1257 2646 mulier
1286 2604 1429 2659 lingua
1467 2618 1554 2651 sua,

270 2671 333 2699 Leve
349 2674 402 2699 001.
418 2673 464 2699 m.
1290 2671 1335 2704 ²22
