1799 2900
441 146 594 180 LIBER
619 145 827 189 xxxnii,
852 145 998 179 20-„22
1027 143 1226 188 [a.C.195]
1428 133 1505 173 141

155 250 367 292 constituit
411 249 543 304 signa.
615 248 671 289 ibi
715 249 967 289 delectarum
1011 247 1242 289 cohortium
1285 247 1505 288 stationem

154 314 404 366 relinquens,
430 311 641 366 praecepit
667 311 739 354 eis,
765 325 817 351 ne
844 325 887 351 se
914 325 965 350 ex
991 325 1038 351 eo
1064 310 1154 351 loco
1175 318 1269 350 ante
1294 317 1508 350 moverent

155 390 279 428 quam
303 374 392 429 ipse
419 374 471 414 ad
497 388 567 413 eos
594 372 789 413 venisset.
841 383 999 413 ceteras
1028 372 1167 427 copias
1194 371 1247 412 ad
1272 371 1509 412 ulteriorem

155 444 315 492 partem
340 436 453 476 urbis
481 435 760 475 circumducit.
798 434 1025 474 maximum
1052 449 1102 474 ex
1128 434 1318 474 omnibus
1345 432 1508 473 auxiliis

156 513 372 539 numerum
389 497 669 538 Suessetanae
695 496 920 537 iuventutis
947 496 1144 543 habebat3
1172 510 1242 536 eos
1269 495 1322 535 ad
1347 509 1508 534 murum

157 560 483 615 obpugnandum
511 560 648 599 subire
679 559 806 599 iubet.
867 573 1042 611 quorum
1067 557 1137 597 ubi
1163 572 1277 598 arma
1308 557 1508 611 signaque

158 622 361 663 Lacetani
380 636 627 676 cognovere,
655 636 872 669 memores,
901 635 1023 673 quam
1047 634 1170 673 saepe
1191 619 1232 658 in
1250 634 1350 673 agro
1370 633 1510 659 eorum

158 685 311 739 inpune
336 684 652 738 persultassent,
679 683 868 735 quotiens
895 682 1008 736 ipsos
1031 681 1161 735 signis
1183 680 1355 721 conlatis
1381 679 1513 720 fudis-

160 754 252 787 sent
277 747 590 801 fugass-entque,
618 745 826 798 patefacta
845 752 1014 798 repente
1034 750 1153 798 porta
1171 742 1354 783 universi
1378 741 1420 781 in
1440 756 1511 781 eos

159 816 392 862 erumpunt.
452 807 522 847 vix
549 807 771 847 clamorem
796 821 956 854 eorum,
989 806 1143 846 nedum
1173 804 1359 858 inpetum
1385 801 1514 843 Sues-

160 870 291 910 setani
316 870 510 910 tulerunt.
545 869 655 922 quod
674 877 906 923 postquam,
934 867 1039 908 sicut
1064 867 1248 906 futurum
1273 872 1386 906 ratus
1413 872 1513 913 erat,

159 933 304 972 consul
324 933 412 972 fieri
426 931 549 971 etiam
570 931 684 978 vidit,
711 945 816 982 equo
838 930 961 969 citato
983 929 1124 969 subter
1143 943 1307 968 murum
1333 927 1514 968 hostium

160 995 212 1034 ad
238 994 427 1034 cohortes
455 993 656 1040 avehitur,
684 999 805 1044 atque
827 1006 896 1031 eas
917 991 1124 1044 adreptas,
1151 990 1295 1030 effusis
1322 989 1513 1030 omnibus

161 1056 212 1096 ad
239 1055 471 1108 sequendos
490 1053 781 1101 Suessetanos,
809 1067 889 1105 qua
916 1052 1125 1092 silentium
1151 1064 1197 1091 ac
1224 1051 1402 1091 solitudo
1429 1057 1517 1090 crat

160 1118 201 1158 in
228 1118 370 1170 urbem
394 1116 570 1163 inducit,
607 1115 803 1169 priusque
830 1113 968 1155 omnia
999 1113 1108 1167 cepit
1140 1127 1264 1165 quam
1290 1127 1334 1151 se
1358 1111 1516 1165 recipe-

160 1187 250 1220 rent
275 1178 490 1218 Lacetani.
541 1193 639 1218 mox
664 1178 776 1231 ipsos
803 1176 905 1216 nihil
929 1184 1094 1230 practer
1119 1190 1234 1214 arma
1258 1173 1449 1214 habentis
1474 1174 1516 1213 in

160 1240 412 1280 deditionem
438 1239 608 1293 accepit.

244 1301 377 1342 XXI.
429 1300 664 1342 Confestim
707 1301 803 1341 inde
841 1300 971 1340 victor
1009 1300 1060 1340 ad
1095 1298 1299 1353 Bergium
1336 1304 1517 1338 castrum

162 1364 285 1404 ducit.
346 1363 654 1417 receptaculum
684 1363 726 1402 id
751 1361 931 1402 maxime
962 1361 1219 1415 praedonum
1245 1367 1333 1401 erat
1358 1366 1398 1400 et
1423 1359 1518 1398 inde

160 1426 417 1466 incursiones
460 1425 501 1464 in
544 1440 667 1478 agros
709 1432 880 1479 pacatos
924 1423 1163 1478 provinciae
1212 1422 1299 1463 eius
1349 1421 1517 1462 fiebant.

162 1487 386 1541 transfugit.
410 1487 506 1527 inde
533 1488 585 1527 ad
611 1487 824 1527 consulem
848 1486 1040 1541 princeps
1055 1485 1331 1539 Bergistanus
1359 1494 1398 1524 et
1423 1499 1519 1538 pur-

163 1564 262 1603 gare
290 1564 332 1588 se
360 1562 407 1589 ac
432 1549 643 1603 popularis
670 1549 823 1602 coepit:
854 1564 938 1588 non
964 1562 1056 1588 esse
1085 1548 1129 1587 in
1154 1561 1279 1587 manu
1304 1545 1405 1599 ipsis
1432 1560 1520 1585 rem

163 1611 387 1666 publicam,
430 1611 660 1665 praedones
697 1618 886 1665 receptos
924 1619 1055 1650 totuin
1094 1624 1192 1649 suae
1223 1608 1441 1663 potestatis
1478 1607 1521 1647 id

165 1683 345 1713 castrum
370 1673 535 1713 fecisse.
597 1672 742 1713 consul
769 1687 861 1712 eum
888 1672 1056 1712 domum
1088 1670 1221 1711 redire
1247 1669 1423 1710 conficta
1447 1669 1521 1709 ali-

165 1749 246 1788 qua
271 1734 493 1789 probabili,
533 1749 604 1774 cur
630 1733 823 1781 afuisset,
863 1747 989 1773 causa
1014 1732 1152 1772 iussit:
1191 1745 1285 1771 cum
1311 1745 1354 1770 se
1380 1745 1518 1771 muros

166 1797 329 1837 subisse
351 1805 536 1837 cerneret
560 1797 824 1848 intentosque
849 1795 1080 1849 praedones
1107 1794 1159 1833 ad
1185 1792 1338 1833 tuenda
1358 1792 1523 1832 moenia

167 1874 278 1907 esse,
318 1866 404 1898 tum
436 1858 495 1898 uti
527 1872 620 1898 cum
653 1872 752 1898 suae
778 1857 969 1897 factionis
1003 1855 1238 1897 hominibus
1264 1854 1523 1894 meminisset

166 1935 302 1961 arcem
340 1935 555 1974 occupare.
621 1920 681 1967 id,
718 1919 777 1959 uti
814 1926 1101 1973 praeceperat,
1139 1918 1314 1965 factum3
1351 1923 1521 1970 repente

166 1997 319 2037 anceps
347 1991 476 2023 terror
507 1982 602 2022 hinc
633 1996 773 2022 muros
809 1980 1130 2021 ascendentibus
1156 1978 1377 2026 Romanis,
1409 1977 1521 2017 illinc

167 2059 259 2086 arce
286 2052 407 2099 capta
431 2045 630 2085 barbaros
657 2043 932 2084 circumvasit.
993 2042 1112 2082 huius
1139 2041 1294 2095 potitus
1320 2040 1400 2080 loci
1425 2053 1522 2080 con-

169 2107 232 2147 sul
257 2122 347 2155 eos,
380 2107 450 2159 qui
481 2121 619 2147 arcem
644 2112 880 2153 tenuerant,
912 2105 1064 2146 liberos
1092 2118 1184 2144 esse
1210 2117 1303 2143 cum
1335 2102 1521 2156 cognatis

169 2183 325 2221 suaque
358 2168 509 2209 habere
541 2168 678 2217 iussit,
715 2168 992 2222 Bergistanos
1036 2173 1195 2206 ceteros
1232 2164 1441 2217 quaestori
1478 2170 1521 2203 ut

170 2231 365 2271 venderet
397 2230 633 2285 imperavit,
667 2231 717 2270 de
748 2229 1028 2284 praedonibus
1056 2226 1305 2282 supplicium
1332 2226 1520 2280 sumpsit.

168 2299 317 2346 pacata
351 2292 564 2346 provincia
600 2292 821 2346 vectigalia
863 2306 1017 2344 magna
1051 2289 1228 2329 instituit
1264 2303 1315 2328 ex
1357 2288 1522 2327 fei-raris

171 2356 501 2408 argentarisque,
540 2353 688 2406 quibus
726 2361 813 2393 tum
850 2352 1048 2392 institutis
1085 2349 1327 2405 locupletior
1357 2349 1400 2388 in
1436 2349 1523 2389 dies

170 2415 381 2470 provincia
413 2415 502 2456 fuit.
564 2416 616 2455 ob
649 2415 724 2456 has
750 2430 816 2455 res
843 2422 984 2469 gestas
1016 2414 1057 2453 in
1083 2412 1292 2467 Hispania
1318 2411 1524 2465 supplica-

172 2477 324 2518 tionem
350 2477 391 2517 in
417 2477 598 2518 triduum
622 2484 761 2532 patres
788 2478 1071 2518 decreverunt.

257 2538 411 2580 XXII.
460 2540 623 2580 Eadem
647 2546 804 2580 aestate
832 2539 934 2580 alter
959 2538 1103 2579 consul
1128 2538 1181 2578 L.
1196 2536 1389 2580 Valerius
1402 2535 1524 2576 Flac-

173 2616 243 2642 cus
270 2602 312 2641 in
327 2600 466 2642 Gallia
490 2616 583 2642 cum
597 2601 796 2643 Boiorum
821 2616 947 2642 manu
972 2608 1139 2656 propter
1152 2599 1351 2640 Litanam
1377 2598 1524 2638 silvam

1541 818 1556 845 —1

1546 1496 1563 1524 10

1547 1680 1565 1709 3

1546 1744 1565 1771 4

1548 2176 1566 2205 6

1551 2300 1567 2328 7

1549 2422 1568 2452 8

1552 2548 1565 2577 1
