1799 2900
274 168 357 210 244
559 173 710 208 LIBER
735 172 917 216 XXXVI,
942 172 996 206 28.
1015 172 1069 206 29.
1098 173 1146 217 [a.
1160 183 1194 206 u.
1210 183 1238 206 e.
1254 171 1336 217 563]

232 296 243 324 ι
357 277 578 320 XXVIII.
615 277 846 329 Postquam
871 275 923 316 ad
949 275 1159 315 consulem
1186 282 1353 316 ventum
1381 282 1462 323 est,
1487 273 1624 315 Phac-

272 357 370 383 neas
392 338 610 394 legationis
625 338 816 393 princeps
832 337 999 391 longam
1019 337 1245 377 orationem
1265 346 1305 377 et
1321 336 1430 377 varie
1446 336 1498 376 ad
1517 335 1625 376 miti-

271 403 452 458 gandam
478 402 579 442 iram
601 400 766 441 victoris
788 399 1061 454 compositam
1081 399 1138 439 ita
1158 400 1209 439 ad
1229 407 1459 439 extremum
1478 398 1624 447 finivit,

271 472 316 506 ut
341 464 512 512 diceret,
538 462 714 503 Aetolos
742 477 785 502 se
813 475 968 514 suaque
993 461 1134 502 omnia
1159 461 1254 502 fidei
1280 461 1421 516 populi
1469 459 1625 501 {omani

271 526 521 582 permittere.
542 524 583 564 id
598 524 742 564 consul
756 523 825 564 ubi
841 523 1009 571 audivit,
1025 527 1035 544 ‘
1046 523 1169 563 etiam
1185 530 1307 576 atque
1324 523 1446 563 etiam
1461 521 1624 571 videte‚'

270 588 403 642 inquit
428 587 597 636 ‘Aetoli,
619 595 664 627 ut
683 586 740 626 ita
753 585 1027 640 permittatis.’
1065 595 1153 626 tum
1168 585 1377 625 decretum
1391 585 1625 632 Phaeneas,

227 667 245 695 3
271 651 313 690 in
339 665 420 703 quo
451 649 494 689 id
520 648 671 689 diserte
704 648 903 703 scriptum
928 654 1033 695 erat,
1060 648 1253 688 ostendit.
1294 647 1477 700 ‘quando
1504 646 1623 701 ergo’

271 712 404 765 inquit
430 711 506 752 ‘ita
524 710 774 766 permittitis,
795 710 973 765 postulo,
995 717 1038 749 ut
1060 709 1159 748 mihi
1174 709 1480 749 Dicaearchum
1494 709 1627 748 civem

272 782 456 815 vestrum
489 781 529 813 et
557 773 796 813 Menestam
827 771 1061 826 Epirotam'
1088 795 1144 799 ——
1174 772 1436 825 Naupactum
1466 770 1502 811 is
1533 784 1626 810 cum

273 835 480 891 praesidio
495 834 709 889 ingressus
725 833 777 874 ad
792 833 1068 873 defectionem
1081 832 1339 887 compulerat
1351 855 1406 860 -—
1422 836 1432 853 ‘
1443 840 1481 872 et
1494 832 1628 885 Amy-

272 898 476 938 nandrum
502 911 596 936 cum
627 895 881 951 principibus
910 894 1217 942 Athamanum,
1251 908 1425 947 quorum
1457 893 1627 934 consilio

228 975 246 1003 4
273 961 325 1001 ab
350 960 469 1001 nobis
497 958 727 1007 defecistis,
762 958 849 998 sine
881 972 997 997 mora
1022 956 1210 997 dedatis?
1263 971 1391 1011 prope
1423 956 1629 996 dicentem

272 1022 489 1063 interfatus
515 1021 751 1062 Romanum
785 1025 886 1060 ‘non
916 1019 958 1059 in
991 1019 1231 1060 servitutem
1244 1018 1266 1067 ‚⁹
1300 1018 1432 1071 inquit
1463 1018 1557 1058 ‘sed
1586 1017 1628 1057 in

271 1085 395 1125 fidem
416 1092 529 1125 tuam
543 1099 619 1124 nos
634 1082 897 1130 tradidimus3
925 1089 1139 1122 etcertum
1154 1081 1287 1121 habeo
1309 1088 1347 1121 te
1368 1079 1629 1135 inprudentia

273 1146 369 1194 labi,
396 1146 464 1199 qui
490 1145 609 1185 nobis
636 1145 814 1199 imperes
841 1158 947 1197 quae
973 1143 1101 1183 moris
1131 1142 1384 1184 Graecorum
1411 1157 1494 1183 non
1520 1140 1626 1182 sint?

273 1208 326 1248 ad
351 1223 399 1248 ea
425 1207 569 1247 consul
595 1211 688 1247 ‘nec
714 1206 897 1247 hercule'
926 1206 1058 1258 inquit
1083 1209 1355 1259 ‘magnopere
1381 1218 1491 1244 nunc
1517 1217 1627 1251 curo,

274 1269 371 1322 quid
387 1269 526 1309 Aetoli
542 1268 641 1309 satis
657 1283 707 1308 ex
722 1283 836 1308 more
853 1266 1113 1308 Graecorum
1133 1267 1288 1306 factum
1304 1281 1395 1306 esse
1418 1273 1626 1313 censeant,

274 1332 371 1371 dum
404 1346 482 1385 ego
514 1345 628 1371 more
659 1330 850 1371 Romano
883 1329 1105 1384 imperium
1143 1329 1351 1369 inhibeam
1388 1328 1430 1368 in
1466 1327 1628 1368 deditos

230 1407 248 1436 6
274 1394 397 1434 modo
418 1393 584 1433 decreto
605 1407 692 1439 suo,
720 1401 813 1432 ante
835 1392 959 1432 armis
981 1391 1127 1431 victos.
1166 1391 1303 1443 itaque
1323 1390 1364 1430 ni
1390 1404 1563 1444 propere
1584 1389 1629 1428 fit

274 1456 384 1510 quod
411 1456 586 1509 impero,
613 1455 757 1495 vinciri
784 1470 857 1495 vos
884 1455 966 1494 iam
991 1454 1173 1502 iubebo‚’
1202 1453 1434 1506 adferrique
1462 1461 1628 1493 catenas

275 1526 315 1559 et
340 1517 641 1558 circumsistere
661 1517 825 1557 lictores
846 1516 978 1556 iussit.
1016 1524 1102 1556 tum
1126 1517 1257 1556 fracta
1275 1515 1496 1555 Phaeneae
1522 1515 1630 1555 fero-

275 1580 337 1620 eia
350 1579 596 1632 Aetolisque
617 1578 706 1619 aliis
730 1585 806 1627 est,
833 1586 872 1618 et
893 1578 1060 1618 tandem
1080 1578 1196 1618 cuius
1218 1576 1470 1618 condicionis
1490 1584 1631 1618 essent

231 1653 246 1681 7
275 1648 506 1683 senserunt.
568 1648 608 1682 et
629 1641 848 1681 Phaeneas
876 1655 919 1681 se
946 1640 1112 1693 quidem
1139 1647 1178 1680 et
1204 1639 1273 1693 qui
1299 1639 1436 1680 adsint
1456 1638 1631 1679 Aetolo-

273 1719 365 1744 rum
396 1703 499 1744 scire
532 1703 723 1743 facienda
754 1717 846 1743 esse
879 1717 984 1755 quae
1023 1702 1276 1757 imperentur
1309 1700 1429 1749 dixit,
1469 1700 1541 1741 sed
1578 1700 1631 1740 ad

275 1765 536 1806 decernenda
561 1780 610 1805 ea
638 1764 810 1805 concilio
826 1764 1072 1805 Aetolorum
1093 1779 1197 1819 opus
1219 1778 1331 1804 esse:
1359 1763 1411 1803 ad
1430 1762 1472 1802 id
1491 1770 1631 1817 petere

229 1838 248 1867 8
274 1834 317 1868 ut
344 1827 487 1868 decem
517 1827 675 1868 dierum
702 1826 882 1867 indutias
910 1826 1038 1867 daret.
1087 1833 1254 1881 petente
1278 1825 1431 1866 Flacco
1456 1840 1531 1879 pro
1544 1825 1632 1865 Ae-

275 1890 368 1930 tolis
395 1889 577 1930 indutiae
604 1890 723 1930 datae
750 1896 789 1930 et
815 1890 1029 1944 Hypatam
1055 1888 1234 1929 reditum
1260 1896 1335 1928 est.
1373 1887 1443 1927 ubi
1469 1901 1562 1927 cum
1588 1886 1630 1926 in

274 1952 446 1993 consilio
473 1951 745 2000 delectorum,
779 1966 882 2004 quos
908 1951 1119 2005 apocletos
1150 1958 1318 1997 vocant,
1344 1949 1564 1989 Phaeneas
1591 1958 1631 1988 et

274 2028 380 2067 quae
406 2014 705 2068 imperarentur
731 2021 771 2054 et
803 2027 908 2066 quae
940 2012 1040 2067 ipsis
1077 2026 1205 2066 prope
1232 2011 1478 2052 accidissent
1504 2025 1631 2063 expo-

230 2088 247 2116 9
276 2075 446 2125 suisset,
478 2076 768 2130 ingemuerunt
799 2075 964 2128 quidem
1001 2074 1207 2129 principes
1248 2073 1479 2114 condicioni
1517 2088 1629 2121 suae,

274 2138 503 2192 parendum
529 2148 667 2178 tamen
694 2137 838 2177 victori
866 2137 1092 2177 censebant
1117 2143 1158 2176 et
1183 2151 1233 2176 ex
1255 2135 1445 2176 omnibus
1467 2134 1630 2189 oppidis

276 2199 565 2239 convocandos
593 2198 768 2239 Aetolos
799 2198 850 2238 ad
876 2198 1107 2239 concilium.

234 2275 244 2303 1
361 2260 607 2302 XXVIIII.
655 2261 885 2313 Postquam
924 2275 1021 2300 vero
1061 2266 1203 2300 coacta
1240 2258 1373 2299 onmis
1411 2257 1630 2298 multitudo

276 2323 421 2362 eadem
447 2323 517 2362 illa
537 2322 705 2370 audivit,
731 2322 836 2362 adeo
859 2321 1031 2363 saevitia
1055 2320 1214 2376 imperii
1236 2329 1359 2373 atque
1385 2319 1629 2373 indignitate

276 2384 510 2438 exasperati
537 2384 661 2424 animi
689 2391 802 2429 sunt,
835 2390 880 2423 ut
907 2383 939 2423 si
965 2384 1005 2423 in
1033 2397 1134 2437 pace
1161 2383 1356 2427 fuissent,
1389 2382 1457 2421 illo
1488 2381 1629 2435 inpetu

234 2459 252 2486 ⁴2
279 2445 362 2485 irae
389 2446 584 2486 concitari
610 2446 820 2501 potuerint
846 2445 897 2485 ad
923 2445 1090 2485 bellum.
1135 2445 1185 2485 ad
1212 2444 1313 2483 iram
1341 2444 1564 2484 accedebat
1590 2449 1631 2482 et

278 2506 499 2547 difficultas
515 2522 655 2547 eorum
676 2522 781 2560 quae
803 2508 1171 2562 imperarentur—
1185 2521 1362 2559 quonam
1384 2505 1507 2545 modo
1521 2503 1629 2544 enim

233 2582 251 2609 3
277 2567 416 2619 utique
442 2583 582 2621 regem
608 2568 927 2622 Amynandrum
954 2584 998 2609 se
1025 2570 1185 2608 tradere
1211 2569 1363 2623 posse?
1386 2591 1442 2596 -—
1467 2574 1507 2606 et
1532 2579 1627 2619 spes

279 2628 383 2667 forte
398 2629 547 2677 oblata,
569 2631 679 2682 quod
694 2631 902 2670 Nicander
917 2646 964 2671 eo
980 2630 1070 2684 ipso
1091 2637 1274 2684 tempore
1295 2629 1346 2669 ab
1366 2642 1464 2681 rege
1478 2627 1628 2666 Antio-

227 543 245 571 ¹0

229 1222 247 1250 27!
