1799 2900
246 158 297 198 14
543 165 694 198 LIBER
722 163 872 207 XXXI,
901 162 1021 196 1516.
1051 164 1099 208 [a.
1113 175 1146 198 u.
1166 175 1194 198 e.
1208 163 1290 208 554]

241 270 395 310 mentio
431 269 559 309 inlata
595 269 645 308 de
683 267 811 316 tribu,
849 281 972 320 quam
1009 267 1197 308 Attalida
1233 268 1508 323 adpellamnt,
1547 268 1599 309 ad

242 333 385 372 decem
423 339 583 371 veteres
621 330 752 370 tribus
797 329 1005 378 addenda,
1049 339 1090 370 et.
1124 330 1383 371 Rhodiorum
1419 331 1598 385 populus

198 407 214 435 7
241 408 393 435 corona
436 408 561 433 aurea
603 392 765 432 virtutis
809 406 908 446 ergo
945 392 1120 432 donatus
1159 393 1385 446 civitasque
1421 393 1597 435 Rhodiis

242 456 355 503 data,
393 469 516 507 quem
554 455 606 494 ad
637 454 806 495 modum
837 453 991 494 Rhodii
1021 455 1134 508 prius
1166 455 1496 496 Atheniensibus
1529 456 1599 496 de-

197 532 215 560 s
243 517 399 557 derant.
451 517 679 557 seeundum
706 516 808 556 haec
832 531 906 556 rex
923 516 1090 556 Attalus
1107 517 1317 571 Aeginam
1342 518 1395 558 ad
1420 518 1597 558 classem

241 595 285 619 sc
322 579 486 633 recipit3
535 579 690 619 Rhodii
729 578 850 619 Ciam
888 579 940 619 ab
976 579 1162 633 Aegina,
1200 579 1296 619 inde
1332 595 1405 634 per
1441 580 1598 620 insulas

238 641 436 682 Rhodum
461 642 711 696 navigarunt
738 642 927 682 omnibus
953 650 1116 696 praeter
1142 642 1335 681 Andrum
1360 642 1598 695 Parumque

240 712 279 744 ct
307 702 540 757 Cythnum,
573 718 678 756 quae
704 703 921 758 praesidiis
948 704 1229 744 Macedonum
1254 704 1519 761 tenebantur,
1556 704 1599 744 in

196 778 212 807 9
241 765 482 806 societatem
508 765 702 820 acceptis.
752 766 941 805 Attalum
962 765 1155 818 Aeginae
1180 765 1297 805 missi
1322 766 1364 805 in
1388 766 1598 806 Aetoliam

238 828 371 867 nuntii
397 828 686 882 expectatique
711 828 807 868 inde
832 827 959 881 legati
991 827 1244 880 aliquamdiu
1274 827 1375 867 nihil
1407 836 1599 882 agentem

177 903 214 932 10
241 898 422 931 tenuere.
463 900 524 931 set
544 905 678 944 neque
702 890 794 931 illos
817 890 952 930 excire
978 890 1031 930 ad
1058 905 1171 930 arma
1194 890 1341 944 potuit,
1369 890 1598 944 gaudentes

238 961 460 1006 utcumque
487 952 717 1008 composita
748 967 841 992 eum
867 952 1062 1006 Philippo
1088 966 1209 1007 pace,
1241 959 1281 992 et
1312 952 1402 1007 ipse
1426 952 1600 993 Rhodii-

239 1030 331 1068 quc,
359 1029 465 1063 cum,
493 1015 526 1056 si
552 1015 801 1055 institissent
826 1014 1036 1069 Philippo,
1063 1015 1279 1069 egregium
1303 1015 1501 1055 liberatae
1526 1029 1600 1069 per

176 1091 209 1118 11
239 1093 283 1118 se
317 1077 519 1118 Graeciae
553 1078 717 1118 titulum
748 1077 902 1118 habere
939 1077 1190 1132 potuissent,
1228 1077 1424 1132 patiendo
1456 1092 1598 1118 rursus

238 1155 333 1180 cum
358 1139 400 1179 in
424 1141 749 1195 Hellespontum
783 1141 954 1180 traicere
988 1148 1343 1194 occupantemque
1370 1140 1599 1180 Thraeciae

239 1211 442 1256 oportuna
475 1203 568 1243 loca
603 1204 710 1244 vires
744 1203 950 1257 conligere
989 1203 1142 1243 bellum
1174 1203 1311 1243 aluere
1343 1203 1598 1257 gloriamque

239 1264 326 1304 eius
359 1265 467 1319 gesti
496 1266 754 1320 perfectique
779 1265 982 1306 Romanis
1009 1272 1315 1305 concesserunt.

196 1339 208 1367 1
323 1326 448 1369 XVI.
503 1328 725 1382 Philippus
762 1327 895 1382 magis
933 1327 1049 1381 regio
1086 1327 1222 1367 animo
1261 1334 1323 1367 est
1359 1341 1479 1375 usus3
1529 1327 1596 1380 qui

238 1402 331 1429 eum
357 1390 545 1430 Attalum
571 1390 843 1442 Rhodiosque
869 1389 999 1430 hostis
1027 1404 1110 1429 non
1136 1389 1415 1437 sustinuisset,
1442 1403 1492 1429 ne
1513 1389 1599 1429 Ro-

238 1466 360 1491 mano
398 1452 583 1505 quidem,
622 1452 733 1505 quod
768 1451 1014 1499 inminebat,
1060 1451 1168 1491 bello
1209 1452 1374 1491 territus
1409 1451 1597 1491 Philocle

237 1513 416 1565 quodam
443 1530 494 1555 ex
518 1515 740 1568 praefectis
774 1513 859 1554 suis
894 1528 987 1553 eum
1013 1513 1175 1553 duobus
1201 1512 1367 1553 milibus
1398 1513 1597 1566 peditum,

194 1588 212 1617 3
239 1575 445 1628 equitibus
491 1575 678 1616 ducentis
722 1576 775 1616 ad
817 1575 1078 1630 populandos
1116 1574 1438 1615 Atheniensium
1475 1589 1597 1629 agros

237 1639 384 1687 misso,
423 1639 556 1679 classe
594 1639 745 1679 tradita
780 1638 1016 1686 Heraclidi,
1062 1647 1106 1677 ut
1142 1638 1390 1678 Maroneam
1426 1645 1597 1692 peteret,

236 1703 326 1756 ipse
352 1710 461 1742 terra
486 1702 633 1743 eodem
659 1717 753 1742 cum
785 1701 989 1756 expeditis
1017 1701 1179 1742 duobus
1205 1701 1372 1741 milibus
1397 1701 1597 1755 peditum,

200 1777 219 1805 4
238 1764 443 1817 equitibus
482 1764 670 1805 ducentis
707 1764 856 1819 pergit.
918 1771 955 1804 et
987 1763 1235 1805 Maroneam
1267 1764 1434 1817 quidem
1465 1764 1597 1819 primo

234 1827 378 1881 inpetu
428 1827 703 1881 expugnavit3
759 1827 929 1866 Aenum
972 1826 1067 1866 inde
1118 1840 1211 1866 eum
1252 1841 1405 1881 magno
1442 1826 1597 1875 labore,

234 1897 446 1943 postremo
471 1904 545 1943 per
569 1889 846 1944 proditionem
873 1887 1116 1929 Callimedis
1142 1888 1342 1942 praefecti
1368 1888 1598 1929 Ptolemaei

235 1951 357 2006 cepit.
419 1952 614 2006 deinceps
657 1951 737 1991 alia
780 1951 969 1999 castella,
1015 1949 1199 2004 Cypsela
1235 1959 1275 1990 et
1312 1950 1520 1991 Doriscon
1558 1958 1597 1990 et

192 2029 210 2057 5
239 2012 482 2063 Serrheum,
527 2021 715 2068 occupat.
775 2013 871 2053 inde
907 2028 1155 2067 progressus
1194 2013 1247 2052 ad
1285 2011 1597 2053 Chersonesum

234 2077 443 2117 Elaeunta
484 2084 525 2117 et
565 2076 934 2130 Alopeconnesum
982 2074 1240 2115 tradentibus
1289 2074 1390 2128 ipsis
1438 2074 1595 2128 recipit.

237 2138 453 2193 Callipolis
480 2153 643 2191 quoque
669 2146 706 2178 et
732 2137 931 2191 Madytos
964 2137 1103 2177 dedita
1128 2144 1169 2177 et
1199 2137 1369 2176 castella
1394 2137 1596 2189 quaedam

191 2216 208 2243 6
236 2201 448 2256 ignobilia.
486 2201 686 2256 Abydeni
705 2216 756 2241 ne
776 2200 924 2253 legatis
948 2200 1114 2252 quidem
1134 2199 1327 2240 admissis
1346 2199 1436 2253 regi
1455 2206 1595 2253 portas

236 2265 484 2305 clauserunt.
534 2279 583 2305 ea
608 2263 864 2319 obpugnatio
886 2262 954 2303 diu
973 2262 1216 2317 Philippum
1242 2262 1384 2311 tenuit,
1412 2261 1595 2316 eripique

236 2341 287 2365 ex
325 2327 558 2375 obsidione,
596 2327 638 2366 ni
675 2333 884 2366 cessatum
923 2325 974 2365 ab
1005 2325 1150 2365 Attalo
1188 2331 1228 2364 et
1261 2323 1438 2365 Rhodiis
1475 2324 1593 2371 foret,

192 2402 208 2429 7
235 2396 469 2442 potuerunt.
530 2389 700 2429 Attalus
738 2395 945 2428 trecentos
984 2395 1144 2427 tantum
1181 2386 1332 2427 milites
1364 2387 1407 2426 in
1438 2385 1594 2441 praesi-

237 2450 368 2498 dium,
394 2451 548 2492 Rhodii
574 2451 878 2504 quadriremem
904 2465 1031 2490 unam
1057 2465 1108 2490 ex
1134 2449 1287 2497 classe,
1315 2463 1408 2489 cum
1434 2449 1487 2489 ad
1511 2447 1594 2488 Te-

191 2523 210 2552 8
236 2511 389 2551 nedum
427 2520 572 2561 staret,
610 2513 823 2553 miserunt.
885 2512 1032 2553 eodem
1064 2519 1231 2566 postea,
1276 2525 1370 2551 cum
1406 2511 1488 2551 iam
1523 2509 1593 2550 vix

238 2573 487 2613 sustinerent
518 2575 797 2624 obsidionem,
836 2582 875 2615 et
905 2575 995 2629 ipse
1019 2574 1189 2614 Attalus
1223 2588 1316 2613 eum
1349 2572 1589 2617 traiecisset,

237 2649 354 2690 spem
379 2642 538 2676 tantum
563 2637 706 2676 auxilii
731 2652 782 2677 ex
807 2637 1039 2690 propinquo
1065 2637 1258 2677 ostendit.

193 1463 210 1492 [ὑ
