1799 2900
495 129 649 165 LIBER
672 128 898 173 XXXVIII,
924 129 980 163 30.
1001 128 1055 163 31.
1084 130 1133 172 [a.
1147 128 1186 162 C.
1202 127 1282 170 189]
1483 117 1568 159 343

216 236 355 278 edixit.
388 249 469 288 quo
491 248 584 274 cum
607 233 825 288 adpareret
839 247 983 275 omnes
1003 232 1090 274 fere
1111 238 1400 280 conventuros,
1422 230 1568 271 consul
1594 245 1612 274 5

214 312 396 351 quoque,
434 310 686 349 quamquam
716 295 992 349 Aegiensium
1024 293 1193 335 favebat
1223 307 1391 341 causae,
1423 293 1565 347 Argos

214 360 343 408 venit3
376 358 446 399 ubi
472 372 565 398 cum
592 357 836 411 disceptatio
864 357 1013 397 fuisset
1038 364 1078 397 et
1102 371 1190 396 rem
1215 354 1455 395 inclinatam
1480 368 1568 395 cer-

213 429 341 469 neret,
367 421 531 474 incepto
557 419 727 460 destitit.
789 418 1099 460 Lacedaemoni
1125 418 1273 459 deinde
1300 432 1394 458 eum
1425 416 1467 457 in
1493 432 1568 458 sua
1593 430 1611 460 6

213 482 439 523 certamina
469 489 721 522 averterunt.
784 481 1006 521 sollicitam
1037 495 1129 521 eam
1161 479 1370 520 civitatem
1402 479 1568 519 exsules

213 544 392 584 maxime
420 543 647 591 habebant,
675 557 850 595 quorum
875 558 1028 597 magna
1052 557 1148 597 pars
1174 541 1216 582 in
1240 540 1456 581 maritimis
1482 541 1569 581 La-

215 605 382 646 conicae
409 619 504 646 orae
521 605 733 653 castellis,
766 619 870 657 quae
897 604 1030 645 omnis
1057 604 1252 658 adempta
1277 610 1383 651 erat,
1409 603 1569 643 habita-

213 668 325 708 bant.
364 667 406 707 id
431 682 554 721 aegre
578 667 783 721 patientes
809 666 1135 715 Lacedaemoni,
1162 674 1206 706 ut
1232 665 1368 718 aliqua
1393 665 1567 706 liberum
1595 679 1611 708 7

214 730 267 769 ad
291 744 404 770 mare
430 728 830 777 haberentadstum,
864 728 897 769 si
930 728 1094 781 quando
1120 728 1298 769 Romam
1330 727 1462 768 aliove
1487 741 1569 780 quo

214 791 421 831 mitterent
448 790 622 845 legatos,
651 790 854 843 simulque
880 797 925 830 ut
950 790 1179 844 emporium
1199 797 1239 830 et
1263 788 1569 843 receptaculum

213 853 442 908 peregrinis
488 852 695 893 mercibus
740 852 793 892 ad
834 851 1092 892 necessarios
1138 866 1238 892 usus
1276 858 1405 899 esset,
1448 859 1569 891 nocte

215 915 348 955 adorti
377 915 513 954 vicum
544 914 796 954 maritimum
827 913 991 954 nomine
1022 913 1119 953 Lan
1150 912 1360 967 inproviso
1393 926 1570 967 occupa-

216 991 324 1017 vere.
389 976 523 1016 vicani
549 976 700 1029 quique
731 976 789 1016 ibi
815 975 980 1015 exsules
1007 974 1249 1015 habitabant
1279 975 1411 1028 primo
1437 973 1570 1029 inopi·
1593 986 1613 1016 8

214 1046 312 1078 nata
336 1053 380 1078 re
406 1038 533 1078 territi
559 1045 666 1085 sunt,
695 1036 843 1077 deinde
864 1037 940 1077 sub
960 1036 1095 1077 lucem
1116 1037 1358 1090 congregati
1382 1036 1463 1076 levi
1483 1050 1570 1076 eer-

215 1100 367 1140 tamine
394 1099 641 1153 expulerunt
665 1098 1039 1139 Lacedaemonios.
1083 1105 1215 1138 terror
1240 1106 1379 1138 tamen
1405 1112 1570 1138 omnem
1596 1111 1613 1140 9

214 1163 461 1202 maritimam
488 1177 603 1202 oram
629 1161 832 1216 pervasit3
865 1161 1109 1215 legatosque
1136 1160 1411 1201 communiter
1436 1168 1475 1200 et
1502 1174 1570 1199 ca-

215 1224 334 1264 stella
353 1224 492 1264 omnia
511 1223 673 1275 vicique
695 1230 735 1263 et
756 1223 937 1271 exsules,
964 1221 1114 1275 quibus
1134 1221 1194 1262 ibi
1214 1221 1421 1262 domicilia
1440 1228 1569 1270 erant,

215 1286 268 1326 ad
291 1285 487 1326 Achaeos
514 1286 728 1325 miserunt.

298 1347 481 1387 XXXI.
523 1347 825 1402 Philopoemen
850 1354 1027 1401 praetor,
1054 1346 1137 1387 iam
1160 1345 1256 1386 inde
1282 1346 1333 1386 ab
1358 1345 1474 1387 initio
1499 1360 1570 1386 ex·
1598 1358 1611 1388 1

215 1410 351 1450 sulum
382 1424 532 1450 causae
563 1417 604 1450 et
629 1410 806 1458 amicus,
845 1416 885 1450 et
916 1416 1058 1449 auctor
1090 1423 1254 1462 semper
1278 1408 1462 1448 Achaeis
1494 1407 1571 1447 mi-

215 1471 366 1512 nuendi
387 1486 486 1525 opes
508 1481 548 1511 et
574 1471 860 1512 auctoritatem
875 1471 1322 1518 Lacedaemoniorum,
1349 1469 1571 1510 concilium

215 1534 480 1587 querentibus
514 1534 644 1582 dedit,
683 1534 976 1586 decretumque
1008 1533 1214 1573 referente
1240 1547 1288 1573 eo
1314 1532 1469 1572 factum
1495 1539 1570 1579 est,
1597 1543 1616 1573 2

216 1609 309 1635 011111
345 1596 387 1635 in
423 1595 547 1635 fidem
584 1595 853 1636 Achaeorum
897 1594 1151 1647 tutelamque
1190 1594 1240 1634 T.
1273 1592 1494 1645 Quinctius
1532 1600 1573 1634 et

214 1656 394 1697 Romani
420 1656 656 1697 Laconicae
688 1671 784 1697 orae
818 1656 988 1696 castella
1014 1663 1055 1696 et
1086 1655 1200 1696 vicos
1233 1655 1500 1695 tradidissent
1532 1662 1572 1695 et

217 1732 310 1758 eum
335 1718 541 1759 abstinere
566 1718 615 1759 iis
643 1734 694 1759 ex
719 1718 887 1759 foedere
907 1716 1219 1758 Lacedaemoni
1245 1717 1455 1766 deberent,
1482 1717 1571 1757 Las

216 1781 331 1820 vicus
359 1780 622 1835 obpugnatus
649 1788 761 1821 esset
787 1779 1020 1832 caedesque
1046 1779 1102 1819 ibi
1127 1779 1256 1827 facta,
1290 1778 1359 1831 qui
1391 1778 1478 1819 eius
1512 1777 1572 1818 rei

217 1854 404 1883 auctores
432 1843 671 1896 adfinesque
699 1850 853 1891 essent,
880 1842 960 1882 nisi
986 1841 1235 1882 dederentur
1260 1840 1458 1889 Achaeis,
1485 1840 1573 1881 vio-

214 1904 344 1945 latum
371 1905 498 1945 videri
525 1905 686 1946 foedus.
720 1905 773 1945 ad
797 1904 1085 1959 exposcendos
1112 1918 1183 1944 eos
1209 1902 1337 1957 legati
1363 1902 1572 1957 extemplo
1598 1914 1617 1943 3

214 1966 578 2007 Lacedaemonem
604 1967 721 2007 missi
748 1974 855 2007 sunt.
905 1966 947 2006 id
972 1965 1191 2020 imperium
1217 1965 1320 2005 adeo
1347 1965 1574 2019 superbum

215 2034 256 2068 et
280 2028 497 2083 indignum
511 2028 843 2069 Lacedaemonis
871 2027 1006 2068 visum
1032 2034 1108 2076 est,
1134 2034 1191 2075 ut,
1219 2025 1255 2067 si
1279 2026 1449 2079 antiqua
1474 2025 1574 2066 civi-

215 2090 310 2130 tatis
348 2090 515 2131 fortuna
552 2099 681 2139 esset,
720 2090 831 2131 haud
862 2089 985 2130 dubie
1023 2104 1137 2129 arma
1169 2088 1379 2143 extemplo
1412 2087 1574 2142 capturi

216 2152 381 2192 fuerint.
435 2153 613 2193 maxime
641 2160 778 2193 autem
803 2151 1085 2193 consternavit
1110 2166 1180 2191 eos
1207 2158 1356 2198 metus,
1384 2150 1418 2189 si
1445 2148 1572 2190 semel
1598 2162 1617 2190 4

216 2213 358 2268 primis
384 2214 567 2269 imperiis
594 2214 825 2255 obediendo
850 2214 992 2269 iugum
1019 2212 1291 2267 accepissent,
1317 2227 1368 2252 ne
1395 2211 1436 2251 id
1463 2211 1574 2264 quod

217 2275 300 2315 iam
321 2275 390 2315 diu
408 2276 619 2316 moliretur
631 2276 947 2330 Philopoemen,
974 2275 1186 2316 exsulibus
1207 2274 1571 2314 Lacedaemonem

218 2337 410 2378 traderet.
472 2338 656 2378 furentes
683 2337 809 2391 igitur
833 2337 894 2377 ira
920 2337 1088 2391 triginta
1116 2335 1351 2376 hominibus
1378 2350 1429 2376 ex
1454 2334 1571 2375 facti·
1597 2348 1616 2378 5

218 2413 315 2448 one,
353 2413 446 2439 cum
478 2413 558 2451 qua
590 2399 853 2439 consiliorum
885 2398 1022 2450 aliqua
1053 2397 1229 2438 societas
1255 2396 1573 2451 Philopoemeni

218 2468 340 2514 atque
373 2461 584 2500 exsulibus
617 2467 723 2509 erat,
755 2459 981 2500 interfectis
1008 2459 1298 2507 decreverunt,
1336 2458 1572 2499 renuntian-

218 2522 314 2563 dam
347 2522 586 2563 societatem
614 2522 800 2563 Achaeis
831 2522 1075 2576 legatosque
1108 2521 1316 2575 extemplo
1351 2519 1572 2576 Cephalle-

219 2584 331 2625 niam
361 2583 603 2634 mittendos,
641 2584 710 2638 qui
743 2583 902 2625 consuli
926 2582 989 2624 M.
1015 2582 1164 2624 Fulvio
1195 2582 1345 2636 quique
1370 2581 1570 2624 Romanis
