1799 2900
181 253 218 282 12

206 503 216 528 1

201 623 218 651 2

201 748 218 775 3

200 1366 217 1394 6

202 1613 216 1640 7

196 1736 215 1763 ὅ

198 1921 215 1950 9

179 2107 217 2136 10

181 2293 213 2322 11

203 2599 219 2629 1

245 126 329 167 234
525 130 677 164 LIBER
701 130 882 174 xxxw,
910 130 1054 164 15-17.
1083 130 1322 174 [a.u.e.5ss.0‚]

244 238 437 281 beantur,
475 233 648 288 possint.
709 233 801 273 ideo
826 233 976 287 Pylae,
1015 243 1054 274 et
1085 235 1137 274 ab
1163 234 1272 282 aliis,
1311 234 1407 287 quia
1440 234 1596 276 calidae

246 312 376 351 aquae
402 296 442 335 in
475 295 575 349 ipsis
602 294 791 335 faucibus
818 302 932 343 sunt,
966 295 1276 350 Thermopylae
1308 296 1422 337 locus
1456 297 1597 352 adpel-

244 361 368 406 latur,
404 357 554 398 nobilis
586 357 1015 397 Lacedaemoniorum
1049 358 1248 398 adversus
1279 358 1433 400 Persas
1465 368 1596 399 morte

244 420 376 474 magis
402 419 659 459 memorabili
684 433 807 471 quam
834 434 986 473 pugna.

328 481 454 523 XVI.
492 482 819 533 Hautquaquam
844 481 932 535 pari
957 489 1042 522 tum
1071 482 1206 523 animo
1230 482 1464 523 Antiochus
1490 482 1597 522 intra

243 553 383 601 portas
408 544 487 584 loci
521 543 609 584 eius
641 544 787 584 castris
819 543 966 598 positis
993 545 1290 585 munitionibus
1322 546 1491 599 insuper
1517 545 1597 585 sal-

245 615 332 647 tum
362 606 620 660 inpediebat3
658 612 699 645 et
730 619 823 645 011111
855 606 1007 660 duplici
1040 607 1147 647 vallo
1179 606 1376 660 fossaque
1409 616 1449 647 et
1479 622 1596 647 muro

245 669 388 717 etiam,
416 682 497 721 qua
522 682 588 707 res
615 667 873 721 postulabat,
906 682 956 707 ex
982 668 1111 708 multa
1137 669 1255 722 copia
1279 669 1436 722 passim
1461 669 1598 709 iacen-

245 732 346 771 tium
372 731 556 785 lapidum
583 730 861 784 permunisset
887 730 1038 778 onmia,
1066 730 1165 770 satis
1192 731 1343 778 fidens,
1371 745 1597 783 numquam

244 809 293 834 ea
318 793 401 833 vim
426 793 664 833 Romanum
692 792 919 832 exercitum
945 793 1169 840 facturum,
1202 793 1377 833 Aetolos
1404 808 1454 833 ex
1481 802 1599 846 quat—

244 866 335 896 tuor
360 855 596 895 milibus—
617 862 677 894 tot
708 854 817 894 enim
844 863 1192 895 convenerant—
1210 855 1359 909 partim
1385 855 1439 895 ad
1466 856 1599 896 Hera-

244 919 374 958 cleam
394 917 601 972 praesidio
616 917 898 966 obtinendam,
925 931 1030 970 quac
1051 926 1147 958 ante
1167 917 1280 972 ipsas
1301 918 1442 958 fauces
1463 919 1599 972 posita

244 988 324 1028 est,
356 980 504 1034 partim
531 980 746 1033 Hypatam
777 979 919 1028 mittit,
959 988 999 1020 et
1024 980 1273 1020 Heracleam
1305 980 1415 1020 haud
1448 980 1597 1021 dubius

243 1042 454 1082 consulem
475 1042 822 1095 obpugnaturum,
850 1050 890 1081 et
914 1041 995 1081 iam
1021 1041 1160 1082 multis
1186 1041 1470 1082 nuntiantibus
1491 1042 1599 1082 circa

245 1106 458 1158 Hypatam
484 1103 621 1143 onmia
652 1103 844 1143 evastari.
906 1104 1050 1144 consul
1077 1104 1351 1159 depopulatus
1379 1104 1597 1158 Hypaten-

245 1181 331 1206 sem
352 1166 496 1220 primo,
524 1165 672 1205 deinde
692 1165 1018 1205 Heracleensem
1040 1181 1198 1219 agrum,
1226 1166 1359 1206 inutili
1378 1166 1596 1218 utrobique

243 1227 394 1268 auxilio
420 1227 685 1274 Aetolorum,
719 1226 760 1266 in
785 1227 886 1281 ipsis
914 1228 1101 1267 faucibus
1128 1242 1256 1282 prope
1283 1228 1417 1268 fontes
1445 1227 1597 1267 calida-

242 1306 331 1330 rum
359 1304 558 1342 aquarum
585 1290 784 1329 adversus
812 1304 953 1343 regem
980 1298 1115 1329 castra
1140 1289 1289 1344 posuit.
1350 1289 1595 1330 Aetolorum

244 1361 441 1404 utraeque
466 1366 612 1391 manus
628 1352 877 1391 Heracleam
904 1367 995 1392 sese
1021 1352 1287 1391 incluserunt.
1325 1351 1595 1399 Antiochum,

244 1415 326 1459 cui,
358 1414 600 1468 priusquam
634 1413 796 1453 hostem
823 1422 1027 1461 cerneret,
1068 1413 1166 1452 satis
1194 1413 1331 1452 omnia
1362 1412 1595 1467 permunita

243 1484 281 1516 et
308 1475 524 1530 praesidiis
551 1476 751 1529 obsaepta
777 1475 1035 1519 videbantur,
1063 1475 1184 1514 timor
1208 1474 1390 1523 incessit,
1417 1489 1467 1514 ne
1494 1489 1596 1527 quas

243 1552 316 1592 per
341 1536 581 1576 inminentia
611 1537 709 1590 iuga
735 1537 858 1576 calles
886 1536 1090 1576 inveniret
1117 1537 1169 1576 ad
1195 1536 1414 1576 transitum
1440 1535 1595 1576 Roma-

244 1615 341 1640 nus:
369 1615 465 1639 nam
489 1608 529 1639 ct
549 1599 908 1639 Lacedaemonios
931 1599 1140 1651 quondam
1160 1598 1216 1638 ita
1243 1613 1266 1638 a
1284 1598 1426 1638 Persis
1453 1597 1597 1638 circui-

242 1670 305 1701 tos
338 1660 450 1700 fama
481 1669 586 1707 erat,
624 1670 662 1700 et
696 1675 827 1714 nuper
851 1660 1093 1714 Philippum
1125 1661 1177 1700 ab
1208 1660 1356 1700 iisdem
1381 1659 1596 1700 Romanis.

241 1723 378 1776 itaque
404 1723 593 1762 nuntium
613 1723 864 1762 Heracleam
891 1723 943 1762 ad
956 1723 1132 1763 Aetolos
1159 1722 1294 1770 mittit,
1321 1729 1364 1761 ut
1391 1721 1497 1762 hanc
1517 1721 1598 1761 sal-

243 1794 323 1825 tem
359 1784 437 1825 sibi
469 1799 638 1838 operam
670 1799 718 1825 eo
752 1785 861 1825 bello
894 1792 1171 1839 praestarent,
1210 1792 1253 1824 ut
1284 1784 1458 1825 vertices
1491 1784 1598 1824 circa

241 1846 443 1886 montium
468 1854 719 1903 occuparent
750 1846 1090 1899 obsiderentque‚
1123 1862 1174 1887 ne
1201 1861 1282 1899 qua
1313 1846 1487 1886 transire
1511 1845 1598 1886 Ro-

242 1909 353 1949 mani
378 1918 559 1963 possent.
620 1909 697 1949 hoc
722 1909 866 1949 nuntio
893 1909 1032 1949 audito
1060 1908 1264 1949 dissensio
1289 1909 1395 1948 inter
1419 1907 1595 1948 Aetolos

242 1980 332 2010 orta
353 1978 428 2011 est.
466 1986 561 2025 pars
583 1970 755 2024 imperio
780 1971 1011 2024 parendum
1031 1970 1141 2024 regis
1164 1979 1286 2022 atque
1307 1969 1487 2010 eundum
1503 1983 1596 2009 cen-

243 2033 402 2081 sebant,
428 2048 524 2087 pars
556 2032 865 2073 subsistendum
893 2032 1121 2072 Heracleae
1148 2032 1200 2072 ad
1224 2040 1441 2084 utramque
1466 2031 1596 2071 fortu-

243 2109 357 2142 nam,
394 2102 439 2134 ut
477 2094 563 2134 sive
603 2094 734 2134 victus
767 2094 818 2134 ab
850 2094 1020 2134 consule
1057 2109 1131 2134 rex
1168 2102 1296 2142 esset,
1323 2093 1364 2132 in
1402 2092 1595 2146 expedito

242 2156 441 2196 haberent.
477 2156 660 2210 integras
693 2155 832 2210 copias
865 2157 917 2195 ad
954 2171 1074 2210 opem
1108 2154 1348 2209 propinquis
1383 2154 1597 2194 ferendam

243 2217 477 2258 civitatibus
505 2218 604 2266 suis,
632 2217 719 2258 sive
745 2218 941 2266 vinceret,
968 2226 1010 2257 ut
1033 2217 1256 2272 dissipatos
1282 2216 1324 2256 in
1350 2216 1492 2271 fugam
1511 2215 1597 2256 Ro-

242 2294 386 2320 manos
420 2288 782 2334 persequerentur.
842 2287 1015 2333 utraque
1048 2295 1144 2334 pars
1176 2294 1259 2319 non
1289 2278 1442 2319 mansit
1473 2277 1596 2318 modo

244 2341 284 2380 in
310 2343 514 2382 sententia
541 2357 635 2390 sua,
663 2342 736 2382 sed
762 2342 887 2382 etiam
913 2352 1110 2383 exsecuta
1135 2349 1198 2382 est
1224 2340 1454 2381 consilium.
1515 2340 1596 2380 duo

243 2403 354 2442 milia
380 2405 610 2444 Heracleae
643 2404 932 2452 substiterunt,
966 2405 1047 2445 duo
1079 2403 1279 2444 trifariam
1310 2402 1443 2442 divisa
1469 2400 1596 2443 Calli-

245 2464 431 2504 dromum
457 2474 497 2505 et
521 2466 803 2506 Rhoduntiam
832 2474 873 2506 ct
898 2466 1190 2506 Tichiunta—
1210 2465 1312 2505 haec
1338 2464 1505 2505 nomina
1529 2476 1595 2503 ca-

245 2526 474 2566 cuminibus
502 2536 594 2567 sunt
621 2553 676 2556 ——
701 2543 969 2583 occupavere.

333 2586 477 2628 XVII.
528 2588 687 2630 Consul
719 2598 938 2644 postquam
975 2590 1137 2630 insessa
1173 2588 1383 2644 superiora
1423 2588 1511 2628 loca
1541 2585 1592 2626 ab
