1799 2900
255 138 338 180 346
480 146 634 181 LIBER
653 146 876 191 XXXVIII,
903 147 956 181 34.
970 147 1025 182 35.
1053 150 1148 192 [a.u.
1164 148 1379 194 e.565.566]

211 265 230 293 5
255 250 408 291 reduci.
446 249 657 289 decretum
671 249 839 303 Tegeac
859 249 900 289 in
921 251 1093 291 concilio
1114 251 1319 292 communi
1339 252 1604 294 Achaeorum

211 327 229 356 6
255 312 305 351 dc
330 311 594 351 restituendis
616 310 664 351 iis
686 311 840 352 factum
861 318 936 352 cst.
975 319 1015 353 et
1033 313 1239 354 mentione
1264 314 1391 355 inlata
1411 323 1603 357 externos

253 372 473 412 auxiliares
516 372 708 413 dimissos
752 380 792 413 et
829 373 1178 415 Lacedaemoniis
1221 376 1421 431 ascriptos
1458 401 1513 406 —-
1548 377 1605 418 ita

254 433 362 473 enim
395 434 598 474 vocabant
629 433 697 486 qui
724 449 748 474 a
772 434 957 488 tyrannis
989 435 1149 476 liberati
1181 446 1295 477 eraut
1319 461 1376 466 ——
1400 439 1501 478 urbe
1533 453 1604 479 ex—

253 495 430 535 cessisse
456 495 498 534 in
529 510 652 549 agros
679 495 884 550 dilapsos,
915 496 1157 551 priusquam
1189 498 1461 539 dimitteretur
1487 514 1605 540 exer-

252 556 375 606 citus,
413 556 471 597 ire
504 566 736 611 praetorem
764 571 856 597 cum
882 559 1084 613 expeditis
1112 567 1152 599 et
1183 560 1531 614 comprehendere
1562 561 1604 601 id

210 634 226 662 7
253 633 385 672 genus
417 617 630 659 hominum
662 626 703 659 et
735 619 915 660 vendere
941 620 1028 660 iure
1058 621 1236 674 praedae
1261 622 1426 675 placuit.
1486 623 1603 663 multi

252 680 541 734 comprehensi
573 680 801 721 venierunt.
849 681 1031 736 porticus
1059 696 1110 722 ex
1136 697 1185 722 ea
1214 683 1389 737 pecunia
1413 684 1604 739 Megalo-

251 741 335 795 poli
360 741 844 796 permissuAchaeorum
865 743 1021 783 refecta
1042 751 1117 792 est,
1145 758 1266 796 quam
1282 744 1604 786 Lacedaemonii

207 817 226 847 8
253 803 474 844 diruerant.
514 812 554 844 et
578 819 677 858 ager
692 805 948 853 Belbinates,
975 819 1098 858 quem
1123 805 1269 845 iniuria
1295 807 1456 859 tyranni
1471 807 1604 848 Lace—

252 865 562 905 daemoniorum
598 866 891 921 possederant,
933 867 1147 907 restitutus
1185 867 1317 908 eidem
1361 867 1515 909 civitati
1553 883 1603 909 ex

252 928 417 968 decreto
456 938 592 969 vetere
622 929 907 978 Achaeorum,
945 929 1056 981 quod
1092 929 1246 969 factum
1286 938 1373 970 erat
1407 930 1603 985 Philippo

207 1005 224 1034 9
250 990 461 1043 Amyntae
487 990 570 1030 filio
595 999 809 1044 regnante.
869 1005 943 1044 per
975 990 1077 1031 haec
1102 991 1213 1031 velut
1239 998 1433 1031 enervata
1459 992 1602 1033 civitas

252 1051 682 1093 Lacedaemoniorum
708 1053 778 1093 diu
792 1053 975 1093 Achaeis
996 1053 1176 1094 obnoxia
1201 1054 1289 1094 fuit.
1327 1054 1440 1095 nulla
1465 1062 1604 1095 tamen

251 1129 317 1154 res
349 1121 463 1153 tanto
496 1122 584 1154 erat
614 1114 765 1155 damno
801 1129 924 1167 quam
957 1115 1173 1169 disciplina
1197 1116 1402 1170 Lycurgi,
1441 1117 1506 1157 eui
1530 1132 1604 1172 per

253 1175 536 1230 septingentos
558 1191 687 1216 annos.
715 1176 949 1225 adsuerant,
977 1177 1151 1217 sublata.

212 1251 225 1279 1
337 1237 537 1278 XXXV.
587 1239 627 1277 A
654 1238 840 1286 concilio,
867 1238 936 1277 uhi
963 1238 1014 1277 ad
1040 1238 1249 1278 consulem
1277 1239 1382 1279 inter
1406 1238 1600 1280 Achaeos

252 1298 695 1352 Lacedaemoniosque
717 1299 991 1354 disceptatum
1011 1308 1086 1348 est,
1111 1300 1173 1339 M.
1187 1300 1374 1349 Fulvius,
1402 1301 1497 1354 quia
1521 1301 1602 1342 iam

251 1360 293 1400 in
319 1361 430 1401 exitu
460 1376 590 1401 annus
617 1368 716 1409 erat,
744 1361 1001 1401 comitiorum
1033 1375 1159 1401 causa
1188 1362 1397 1415 profectus
1423 1363 1601 1403 Romam

253 1423 405 1462 creavit
432 1423 622 1463 consules
648 1422 710 1462 M.
725 1422 938 1464 Valerium
953 1423 1197 1462 Messallam
1219 1431 1257 1462 et
1274 1421 1323 1463 C.
1339 1423 1508 1463 Livium
1526 1424 1603 1465 Sa-

252 1484 479 1531 linatorem,
498 1498 590 1523 cum
605 1484 667 1524 M.
683 1484 909 1523 Aemilium
926 1484 1135 1538 Lepidum
1150 1484 1362 1524 inimicum
1377 1500 1425 1525 eo
1440 1500 1602 1538 quoque

207 1557 225 1586 ‘2
253 1560 360 1585 anno
385 1554 594 1600 petentem
620 1545 849 1586 deiecisset.
898 1554 1110 1600 praetores
1136 1546 1232 1586 inde
1258 1546 1382 1586 creati
1408 1546 1461 1598 Q.
1486 1548 1603 1588 Mar-

253 1608 339 1648 cius
365 1608 600 1663 Philippus,
626 1608 688 1648 M.
713 1607 914 1648 Claudius
941 1608 1181 1655 Marcellus,
1210 1607 1259 1648 C.
1288 1608 1522 1659 Stertinius,
1551 1609 1600 1651 C.

209 1680 226 1709 3
252 1669 434 1718 Atinius,
459 1670 509 1710 P.
539 1668 738 1710 Claudius
764 1669 958 1718 Pulcher,
985 1669 1039 1710 L.
1066 1670 1251 1710 BIanlius
1277 1670 1496 1711 Acidinus.
1535 1686 1603 1713 co-

252 1731 375 1771 mitiis
408 1731 602 1785 perfectis
636 1731 848 1771 consulem
880 1731 942 1771 M.
967 1731 1162 1771 Fulvium
1192 1731 1232 1771 in
1269 1731 1525 1786 provinciam
1562 1740 1604 1774 ct

252 1794 304 1834 ad
329 1794 555 1834 exereitum
580 1794 713 1834 redire
738 1793 905 1848 placuit,
932 1794 1050 1846 eique
1078 1801 1118 1834 et
1143 1793 1326 1848 collegae
1348 1793 1427 1835 Cn.
1441 1795 1602 1836 Manlio

206 1867 226 1894 4
251 1856 468 1910 imperium
505 1856 546 1895 in
585 1871 736 1895 annum
773 1865 1040 1910 prorogatum
1078 1862 1153 1896 est.
1214 1871 1262 1896 eo
1295 1871 1403 1897 anno
1428 1856 1470 1896 in
1500 1857 1602 1898 aede

251 1917 445 1957 Herculis
479 1917 641 1970 signum
675 1917 739 1957 dci
777 1917 908 1971 ipsius
941 1932 992 1957 ex
1031 1917 1356 1958 decemvirorum
1387 1933 1601 1972 responso,

253 1987 291 2020 et
318 1980 481 2033 seiuges
509 1980 549 2019 in
577 1979 784 2034 Capitolio
818 1979 948 2019 aurati
982 1994 1006 2019 a
1030 1979 1080 2020 P.
1109 1978 1304 2020 Cornelio
1329 1979 1472 2033 positi3
1506 1994 1602 2021 eon-

207 2052 225 2080 5
253 2041 384 2082 sulem
410 2041 575 2082 dedisse
601 2041 845 2095 inscriptum
871 2048 946 2081 est.
998 2050 1036 2081 et
1063 2041 1281 2081 duodecim
1307 2041 1440 2095 clipea
1459 2048 1603 2082 aurata

253 2103 304 2142 ab
331 2103 531 2143 aedilibus
559 2103 767 2142 curulibus
796 2103 842 2143 P.
861 2101 1036 2143 Claudio
1056 2102 1239 2143 Pulchro
1265 2110 1305 2143 et
1332 2101 1478 2143 Servio
1506 2101 1602 2143 Sul-

251 2163 358 2218 picio
386 2163 521 2205 Galba
548 2172 643 2204 sunt
668 2164 803 2218 posita
828 2179 879 2204 ex
904 2164 1098 2218 pecunia,
1126 2178 1206 2217 qua
1232 2164 1522 2204 frumentarios
1548 2164 1602 2205 ob

209 2236 226 2265 6
254 2241 458 2265 annonam
496 2240 777 2279 compressam
815 2226 1074 2266 damnarunt.
1140 2233 1180 2266 et
1218 2225 1361 2266 aedilis
1398 2225 1509 2280 plebi
1546 2224 1599 2277 Q.

251 2287 424 2327 Fulvius
455 2288 631 2328 Flaccus
664 2288 744 2328 duo
777 2287 897 2341 signa
928 2296 1072 2328 aurata
1101 2302 1184 2328 uno
1221 2302 1291 2328 reo
1323 2288 1517 2328 damnato
1546 2311 1602 2317 —

252 2363 349 2388 nam
375 2349 597 2403 separatim
629 2357 925 2390 accusaverant
950 2373 1005 2378 —-
1029 2349 1180 2404 posuit.
1241 2349 1402 2403 collega
1433 2349 1519 2390 eius
1544 2349 1599 2389 A.

211 2421 226 2448 7
255 2409 462 2451 Caecilius
493 2411 701 2452 neminem
731 2412 1036 2452 condemnavit.
1096 2411 1182 2451 ludi
1206 2411 1385 2452 Romani
1410 2419 1490 2461 ter,
1514 2411 1601 2466 ple-

254 2471 319 2511 bei
345 2473 589 2524 quinquiens
616 2473 689 2513 toti
715 2473 943 2514 instaurati.

338 2532 400 2572 M.
420 2534 612 2574 Valerius
631 2534 834 2575 BIessalla
859 2534 954 2574 inde
980 2542 1020 2574 et
1040 2533 1090 2575 C.
1106 2534 1255 2574 Livius
1271 2533 1480 2574 Salinator
1504 2546 1600 2573 con-

259 2593 437 2633 sulatum
462 2595 598 2635 idibus
624 2596 774 2636 Martis
801 2610 892 2636 cum
918 2596 1106 2645 inissent,
1134 2596 1184 2636 de
1208 2610 1252 2636 re
1276 2595 1443 2649 publica
1467 2595 1599 2648 deque
