1799 2900
495 133 647 168 LIBER
672 133 874 177 xxxva,
901 134 1029 168 3133.
1058 133 1159 176 [ac.
1176 133 1255 176 190]
1469 122 1543 162 291

202 254 250 281 eo
275 246 316 279 et
339 238 551 277 Eumenes
577 251 668 285 rex,
694 236 827 290 primo
854 245 1024 277 conatus
1051 237 1103 277 ab
1129 236 1404 290 Hellesponto
1430 234 1551 274 redu-

202 315 292 340 cere
319 299 495 339 classem
526 298 568 338 in
600 298 772 338 hiberna
795 298 989 348 Elaeam,
1028 298 1214 338 adversis
1243 296 1390 337 deinde
1416 295 1550 336 ventis

202 376 295 402 cum
327 360 482 413 aliquot
513 360 658 400 diebus
693 375 887 414 superare
918 361 1081 401 Lecton
1111 358 1443 415 promunturium
1468 373 1550 398 non

200 422 416 478 potuisset,
442 421 483 461 in
504 429 654 462 terram
675 437 882 476 egressus,
909 437 960 463 ne
981 423 1145 463 deesset
1170 421 1380 476 principiis
1401 435 1550 468 rerum,

202 499 283 538 qua
305 483 538 538 proximum
569 483 664 532 fuit,
703 484 744 523 in
777 491 912 524 castra
935 484 1127 525 Romana
1152 498 1245 523 cum
1276 498 1404 537 parva
1427 497 1552 522 manu

202 546 424 587 contendit.
469 560 520 586 ex
546 545 690 585 castris
716 546 970 600 Pergamum
994 545 1192 586 remissus
1220 545 1271 585 ad
1297 551 1551 585 commeatus

202 607 502 662 expediendos,
541 607 690 647 tradito
723 608 929 648 frumento
956 608 1104 660 quibus
1136 607 1314 648 iusserat
1337 606 1481 647 consul
1512 605 1553 645 in

202 670 345 710 eadem
380 669 531 710 stativa
560 669 693 710 rediit.
754 669 849 709 inde
887 669 1064 724 plurium
1102 669 1261 709 dierum
1297 667 1552 723 praeparatis

203 731 365 772 cibariis
399 731 615 771 consilium
647 740 734 771 erat
759 731 816 771 ire
844 732 895 771 ad
928 731 1109 777 hostem,
1147 731 1388 785 priusquam
1420 729 1551 770 hiems

203 793 464 847 obprimeret.

304 854 422 908 ‘legia
447 861 582 894 castra
608 855 715 894 circa
729 854 971 908 Thyatiram
993 863 1120 895 crant.
1160 854 1231 894 ubi
1256 868 1348 894 cum
1369 853 1553 893 audisset

205 916 436 956 Antiochus
456 916 506 956 P.
525 914 763 970 Scipionem
790 931 960 970 aegrum
973 917 1147 956 Elaeam
1173 916 1366 964 delatum,
1393 915 1552 969 legatos

204 978 273 1031 qui
303 978 432 1017 filium
464 978 516 1017 ad
547 992 640 1018 eum
672 979 915 1018 reducerent
947 978 1069 1017 misit.
1137 992 1220 1017 non
1251 977 1387 1017 animo
1420 976 1554 1017 solum

203 1040 335 1094 patrio
371 1047 534 1094 gratum
566 1054 735 1087 munus,
776 1040 849 1079 sed
875 1039 1035 1093 corpori
1069 1053 1230 1091 quoque
1258 1039 1422 1078 salubre
1454 1053 1554 1092 gau-

204 1101 316 1141 dium
341 1101 436 1148 fuit3
464 1101 719 1153 satiatusspic
747 1100 912 1140 tandem
939 1100 1157 1154 complexu
1181 1100 1254 1139 filii
1287 1098 1554 1139 ‘renuntiate’

203 1163 334 1215 inquit
360 1162 532 1216 ‘gratias
558 1163 648 1216 regi
672 1177 738 1202 mc
761 1177 896 1215 agere,
923 1162 1077 1201 referre
1103 1161 1279 1215 gratiam
1300 1161 1422 1200 aliam
1447 1174 1557 1199 nunc

203 1239 286 1264 non
310 1238 435 1278 posse
461 1238 584 1276 quam
609 1232 653 1263 ut
680 1224 890 1271 suadeam,
918 1238 968 1263 110
994 1232 1088 1263 ante
1114 1224 1156 1263 in
1182 1223 1312 1263 aciem
1333 1222 1558 1262 descendat

204 1300 328 1338 quam
358 1285 401 1325 111
434 1294 571 1325 castra
601 1299 667 1325 me
698 1285 856 1325 redisse
890 1285 1089 1325 audierit.’
1156 1298 1405 1337 quamquam
1438 1298 1557 1324 sexa-

204 1347 319 1401 ginta
350 1347 431 1387 duo
463 1347 576 1387 milia
611 1347 817 1401 peditum,
856 1347 948 1401 plus
981 1346 1197 1387 duodecim
1230 1346 1343 1386 milia
1374 1344 1558 1398 equitum

204 1408 363 1449 animos
389 1409 596 1449 interdum
621 1409 673 1449 ad
700 1424 816 1463 spem
837 1408 1071 1449 certaminis
1092 1408 1313 1457 faciebant,
1340 1416 1476 1448 motus
1496 1414 1558 1446 ta-

204 1485 300 1510 men
323 1470 559 1510 Antiochus
592 1470 693 1510 tanti
726 1471 965 1511 auctoritate
997 1470 1090 1519 viri,
1128 1470 1170 1510 111
1196 1484 1275 1523 quo
1302 1470 1354 1510 ad
1378 1469 1557 1509 incertos

206 1531 303 1572 belli
333 1540 505 1572 eventus
538 1532 671 1571 omnis
704 1532 894 1572 fortunae
927 1538 1123 1586 posuerat
1161 1531 1364 1578 subsidia,
1402 1530 1559 1584 recepit

208 1608 252 1633 se
289 1601 329 1633 et
365 1601 649 1647 transgressus
681 1593 915 1646 Phrygium
952 1608 1116 1633 amnem
1153 1593 1261 1633 circa
1291 1592 1557 1646 BIagncsiam

208 1669 311 1707 quae
342 1654 395 1694 ad
422 1653 614 1708 Sipylum
645 1662 707 1694 est
739 1655 876 1708 posuit
908 1664 1062 1702 castra3
1102 1661 1139 1694 et
1172 1669 1241 1702 ne,
1276 1653 1310 1693 si
1341 1653 1557 1693 extrahere

210 1726 370 1773 tempus
392 1717 528 1765 vellet,
556 1716 811 1756 munimenta
824 1716 1004 1756 Romani
1026 1722 1286 1770 temptarent,
1308 1716 1464 1755 fossam
1484 1730 1558 1755 sex

209 1779 347 1819 cubita
372 1779 510 1826 altam,
538 1779 758 1819 duodecim
783 1779 909 1818 latam
931 1793 1021 1817 011111
1044 1777 1243 1825 duxisset,
1270 1786 1386 1817 extra
1406 1776 1558 1831 duplex

210 1840 362 1880 vallum
393 1840 533 1880 fossae
565 1840 852 1887 circumdedit,
890 1840 1082 1879 interiore
1117 1839 1233 1879 labro
1266 1853 1428 1878 murum
1465 1852 1558 1878 cum

209 1901 387 1942 turribus
415 1901 567 1941 crebris
595 1901 756 1950 obiecit,
782 1902 891 1941 unde
917 1901 1037 1941 facilc
1064 1900 1194 1940 arceri
1218 1899 1393 1940 transitu
1419 1899 1558 1940 fossae

209 1963 339 2004 hostis
365 1971 520 2018 posset.

292 2024 564 2067 XXXVIII.
593 2024 752 2066 Consul
774 2025 881 2065 circa
895 2024 1138 2077 Thyatiram
1158 2038 1298 2077 regem
1320 2037 1411 2062 esse
1430 2029 1557 2071 ratus,

210 2087 414 2127 continuis
440 2087 654 2127 itineribus
681 2087 824 2139 quinto
850 2086 915 2126 die
941 2086 993 2125 ad
1006 2086 1251 2138 Hyrcanum
1273 2098 1464 2138 campum
1489 2084 1560 2124 dc-

211 2148 382 2188 scendit.
443 2148 538 2189 inde
571 2163 663 2188 cum
689 2148 923 2202 profectum
948 2147 1151 2195 audisset,
1185 2153 1350 2186 secutus
1382 2145 1558 2200 vestigia

210 2209 311 2249 citra
339 2209 572 2263 Phrygium
609 2224 773 2249 amnem
809 2216 1002 2261 quattuor
1038 2207 1149 2248 milia
1186 2208 1237 2247 ab
1268 2207 1386 2247 hoste
1422 2207 1560 2261 posuit

211 2277 358 2310 castra.
419 2286 468 2311 eo
499 2271 610 2310 mille
647 2271 776 2310 ferme
813 2269 972 2322 equites
997 2269 1257 2308 —maxima
1288 2284 1384 2323 pars
1417 2268 1560 2309 Gallo-

210 2332 348 2386 graeci
374 2339 490 2372 erant
515 2339 555 2372 et
574 2332 723 2372 Dahae
750 2331 917 2384 quidam
943 2331 1196 2383 aliarumque
1222 2330 1408 2384 gentium
1433 2330 1560 2384 sagit-

211 2394 301 2434 tarii
338 2394 496 2447 equites
534 2393 759 2433 intermixti
789 2417 845 2420 ——
875 2393 1127 2433 tumultuose
1164 2392 1275 2432 amni
1312 2392 1480 2433 traiecto
1517 2392 1558 2432 in

213 2456 409 2496 stationes
434 2456 620 2510 inpetum
640 2456 838 2494 fecerunt.
873 2454 1006 2507 primo
1022 2455 1290 2494 turbaverunt
1308 2454 1557 2508 incomposi-

211 2525 274 2558 tos
284 2534 293 2567 3
321 2518 468 2557 deinde
495 2532 588 2557 cum
612 2515 776 2569 longius
797 2523 1005 2556 certamen
1029 2516 1143 2555 fierct
1172 2514 1249 2570 [et]
1276 2515 1561 2556 Romanorum

212 2593 262 2619 ex
298 2578 539 2634 propinquis
572 2577 717 2618 castris
755 2577 866 2617 facili
897 2577 1082 2617 subsidio
1114 2584 1318 2617 cresceret
1348 2592 1557 2625 numerus,

1273 2642 1338 2675 19*

1576 247 1594 274 4

1581 1110 1600 1139 rsa

1583 1294 1600 1322 9

1586 1662 1626 1691 10

1586 1848 1624 1877 11

1583 2154 1602 2184 [Ο

1583 2467 1601 2496 4
