1799 2900
236 127 313 168 194
516 133 669 168 LIBER
694 133 859 177 XXXV,
885 134 1030 168 23—25.
1059 136 1108 177 [a.
1126 146 1159 168 u.
1175 134 1300 178 0562]

167 253 203 281 10
233 237 422 279 firmavit.
473 237 630 277 addidit
656 236 850 277 alimenta
868 237 1100 278 rumoribus
1127 238 1329 279 adventus
1351 239 1483 279 Attali
1502 239 1588 279 Eu-

232 300 364 340 menis
391 298 542 347 fratris,
570 298 638 351 qui
664 298 881 347 nuntiavit,
902 299 1158 340 Antiochum
1178 315 1320 354 regem
1338 302 1589 355 Hellespon-

232 370 319 403 tum
349 376 443 401 eum
475 361 657 402 exercitu
690 361 892 402 transisse
928 370 968 403 et
991 363 1168 404 Aetolos
1196 364 1253 404 ita
1279 379 1322 405 se
1348 379 1512 419 parare,
1544 372 1590 404 ut

170 439 204 468 11
235 425 311 464 sub
337 423 562 463 adventum
588 423 675 464 eius
702 423 743 463 in
771 423 896 463 armis
923 432 1075 465 essent.
1109 434 1148 466 et
1161 426 1341 466 Eumeni
1367 426 1529 466 absenti
1550 434 1589 466 et

232 485 439 541 praesenti
455 486 600 526 Attalo
621 485 779 540 gratiae
800 493 916 526 actae
937 494 976 527 et
992 487 1115 527 aedes
1130 487 1295 535 liberae,
1316 488 1445 536 locus,
1460 488 1589 528 lautia

232 548 398 588 decreta
422 555 462 588 et
493 563 668 588 munera
698 548 812 597 data,
850 548 944 601 equi
975 549 1074 598 duo,
1112 550 1210 590 bina
1236 551 1443 603 equestria
1475 566 1589 591 arma

232 618 272 650 et
298 625 399 650 vasa
424 617 622 663 argentea
648 618 813 651 centum
838 611 976 664 pondo
1003 620 1043 652 et
1069 627 1193 652 aurea
1218 612 1365 666 viginti
1389 614 1540 667 pondo.

190 687 201 715 1
317 672 522 713 XXIIII.
573 671 682 712 Cum
714 671 783 712 alii
814 679 937 725 atque
977 672 1044 713 alii
1081 674 1213 713 nuntii
1251 675 1405 714 bellum
1435 675 1589 715 instare

232 734 460 782 adferrent,
499 734 551 774 ad
588 749 676 774 rem
712 734 918 788 pertinere
957 735 1092 775 visum
1129 743 1192 775 est
1230 736 1420 776 eonsules
1456 737 1588 791 primo

233 811 396 850 quoque
423 804 608 851 tempore
634 796 776 837 creari.
820 797 959 849 itaque
980 804 1148 837 senatus
1171 798 1404 838 consultum
1433 799 1589 838 factum

232 867 308 906 est,
334 868 379 899 ut
403 859 466 900 M.
486 858 662 899 Fulvius
688 866 855 913 praetor
880 859 1036 900 litteras
1064 860 1272 914 extemplo
1298 861 1351 900 ad
1377 861 1588 901 consulem

231 921 432 970 mitteret,
464 922 613 975 quibus
641 921 789 962 certior
813 922 947 969 fieret,
976 922 1136 962 senatui
1162 922 1345 977 plaeere,
1377 923 1591 977 provincia

188 997 206 1026 3
233 984 498 1037 exercituque
520 984 669 1025 tradito
690 984 838 1039 legatis
853 984 1032 1025 Romam
1046 984 1196 1025 reverti
1212 1000 1305 1025 eum
1321 994 1423 1025 etex
1443 986 1588 1026 itinere

231 1047 494 1101 praemittere
510 1047 702 1095 edictum,
719 1061 799 1100 quo
815 1047 981 1088 comitia
996 1047 1235 1088 consulibus
1252 1048 1438 1089 creandis
1455 1047 1591 1088 edice-

232 1116 306 1149 ret.
355 1109 491 1163 paruit
515 1109 564 1149 iis
590 1109 737 1149 litteris
763 1109 908 1150 consul
934 1117 974 1150 et
998 1110 1229 1164 praemisso
1256 1109 1390 1151 edicto
1409 1110 1588 1151 Romam

232 1185 357 1210 vemt.

186 1245 206 1273 4
315 1232 381 1273 Eo
407 1247 570 1285 quoque
593 1248 700 1273 anno
720 1248 873 1287 magna
894 1233 1062 1273 ambitio
1085 1233 1174 1282 fuit,
1202 1234 1312 1286 quod
1338 1233 1482 1288 patrici
1504 1242 1586 1274 tres

231 1293 273 1334 in
297 1309 425 1334 unum
451 1295 587 1334 locum
612 1294 830 1348 petierunt,
856 1295 906 1335 P.
930 1294 1147 1335 Cornelius
1176 1295 1254 1336 Cn.
1281 1295 1309 1335 f.
1338 1294 1492 1349 Scipio,
1520 1296 1590 1348 qui

231 1356 366 1411 priore
397 1372 504 1397 anno
536 1357 745 1411 repulsam
777 1357 946 1405 tulerat,
980 1365 1020 1397 et
1044 1357 1097 1398 L.
1127 1356 1347 1398 Cornelius
1376 1358 1517 1412 Scipio
1549 1365 1588 1397 et

187 1430 206 1459 5
235 1417 313 1459 Cn.
344 1418 529 1458 BIanlius
561 1419 708 1460 Volso,
774 1418 824 1459 P.
859 1418 1063 1473 Scipioni,
1101 1426 1146 1458 ut
1178 1419 1349 1459 dilatum
1384 1419 1470 1459 viro
1504 1420 1588 1464 tali.

233 1496 314 1520 non
345 1488 542 1534 negatum
580 1480 778 1520 honorem
811 1480 1047 1534 adpareret,
1088 1480 1326 1520 consulatus
1360 1481 1480 1521 datus
1512 1490 1588 1522 est.

188 1554 205 1583 G
233 1542 395 1582 additur
420 1542 456 1582 ei
483 1542 533 1582 de
559 1542 680 1596 plebe
706 1542 867 1594 collega
892 1542 968 1582 Μ’.
995 1543 1157 1582 Acilius
1187 1541 1372 1583 Glabrio.
1421 1553 1588 1597 postero

232 1605 297 1644 die
322 1612 533 1659 praetores
560 1604 687 1644 creati
706 1605 758 1645 L.
774 1605 980 1645 Aemilius
996 1606 1169 1654 Paulus,
1195 1606 1257 1646 M.
1273 1607 1478 1647 Aemilius
1505 1607 1590 1647 Le—

231 1666 366 1721 pidus,
380 1666 442 1707 M.
458 1666 602 1706 Iunius
618 1667 788 1715 Brutus,
805 1668 858 1707 A.
875 1666 1095 1708 Cornelius
1110 1668 1356 1713 RIammula.
1374 1667 1422 1709 C.
1438 1669 1588 1709 Livius

231 1736 271 1769 et.
302 1729 354 1769 L.
383 1728 568 1783 Oppius3
606 1728 769 1782 utrique
807 1744 950 1770 eorum
979 1730 1189 1770 Salinator
1225 1745 1456 1785 cognomen
1489 1739 1589 1779 erat,

234 1790 397 1845 Oppius
434 1791 470 1831 is
503 1798 591 1831 erat
627 1791 697 1844 qui
729 1791 907 1832 classem
938 1792 1086 1847 viginti
1123 1793 1291 1833 navium
1327 1794 1369 1833 in
1403 1792 1588 1834 Siciliam

188 1864 203 1892 7
232 1855 418 1893 duxerat.
479 1852 643 1893 interim
670 1854 767 1894 dum
798 1854 895 1894 novi
927 1855 1195 1907 magistratus
1222 1856 1464 1896 sortirentur
1494 1871 1590 1910 pro-

231 1915 407 1963 vincias,
449 1915 511 1956 M.
548 1916 733 1956 Baebius
771 1932 796 1956 a
831 1917 1057 1957 Brundisio
1096 1931 1187 1957 cum
1224 1918 1414 1958 omnibus
1458 1918 1587 1972 copiis

231 1978 406 2018 transire
432 1978 475 2018 in
498 1978 675 2033 Epirum
702 1987 764 2019 est
791 1978 929 2019 iussus
957 1987 997 2019 et
1023 1979 1130 2019 eirea
1150 1980 1420 2034 Apolloniam
1447 1981 1586 2034 copias

186 2050 205 2079 8
233 2039 455 2087 continere,
483 2048 523 2081 et
548 2041 610 2081 M.
636 2040 786 2081 Fulvio
812 2041 994 2095 praetori
1020 2042 1178 2082 urbano
1204 2042 1419 2096 negotium
1445 2042 1586 2082 datum

231 2114 307 2151 est,
333 2111 376 2143 ut
403 2103 720 2156 quinqueremes
748 2119 877 2144 novas
905 2105 1205 2159 quinquaginta
1231 2105 1397 2145 faceret.

191 2176 200 2203 1
315 2165 467 2208 XXV.
504 2166 560 2205 Et
586 2167 762 2221 populus
789 2167 956 2219 quidem
982 2167 1199 2207 Romanus
1227 2167 1283 2208 ita
1310 2183 1353 2208 se
1379 2168 1432 2208 ad
1452 2169 1586 2209 omnis

187 2239 204 2266 2
231 2236 402 2267 conatus
427 2227 627 2268 Antiochi
653 2230 941 2283 praeparabat.
990 2229 1119 2270 Nabis
1152 2229 1235 2270 iam
1260 2245 1343 2270 non
1369 2231 1587 2272 differebat

230 2289 404 2337 bellum,
431 2290 505 2330 sed
531 2305 694 2331 summa
719 2291 759 2331 vi
781 2290 994 2344 Gytheum
1022 2291 1292 2346 obpugnabat
1318 2300 1370 2340 et,
1397 2293 1585 2333 infensus

230 2350 414 2391 Achaeis
442 2353 552 2405 quod
577 2352 774 2393 miserant
795 2353 980 2394 obsessis
1002 2354 1268 2407 praesidium,
1297 2370 1418 2409 agros
1446 2370 1585 2396 eorum

187 2422 205 2449 :3
233 2413 431 2453 vastabat.
480 2414 642 2455 Achaei
667 2430 749 2456 non
776 2423 898 2456 antea
924 2416 1014 2456 ausi
1040 2430 1258 2470 capessere
1285 2417 1438 2457 bellum
1465 2432 1585 2470 quam

188 2486 205 2512 4
232 2474 284 2513 ab
304 2474 438 2515 Roma
461 2477 728 2518 revertissent
754 2478 894 2532 legati,
921 2486 966 2518 ut
992 2478 1089 2531 quid
1116 2479 1278 2518 senatui
1303 2479 1483 2533 placeret
1510 2478 1587 2519 sci-

231 2542 334 2582 rent,
354 2546 448 2589 post
467 2539 644 2579 reditum
664 2540 897 2593 legatorum
911 2549 952 2581 et
967 2539 1192 2594 Sicyonem
1208 2541 1427 2581 concilium
1448 2541 1586 2581 edixe—

232 2604 327 2636 runt
366 2605 406 2638 et
431 2598 590 2652 legatos
618 2601 670 2641 ad
696 2601 746 2642 T.
774 2601 1018 2653 Quinctium
1044 2602 1246 2643 miserunt
1274 2604 1343 2655 qui
1369 2603 1585 2643 eonsilium

187 812 205 840 [ὗ
