1799 2900
231 280 243 309 l

226 404 244 433 2

226 528 244 557 3

226 650 246 678 4

228 713 246 742 5

214 1759 252 1788 10

213 1947 247 1976 11

215 2197 252 2225 12

238 2629 256 2658 ‘2

271 154 354 195 246
550 158 704 193 LIBER
729 158 914 202 XXXVI,
940 158 994 192 31.
1013 157 1068 192 32.
1096 160 1196 201 [a.u.
1212 157 1338 202 c.563]

357 262 540 304 XXXI.
578 261 742 303 Eodem
768 267 953 316 tempore
979 269 1019 302 ct
1042 261 1241 302 Messene
1267 261 1308 302 in
1332 261 1627 316 Peloponneso

272 327 323 367 ab
348 324 552 373 Achaeis,
589 323 701 377 quod
739 323 901 364 concilii
933 338 1074 363 eorum
1105 333 1315 364 recusaret
1347 338 1458 372 esse,
1496 323 1628 377 obpu-

273 387 388 427 <mari
410 394 556 441 coepta
577 393 652 427 est.
691 384 883 440 et[enim]
900 385 1005 425 duae
1020 385 1220 433 civitates,
1247 386 1446 426 Messene
1467 394 1505 425 ct
1520 384 1625 434 Elis,

271 458 388 491 extra
414 448 633 489 concilium
653 447 888 488 Achaicum
913 455 1042 495 erant,
1070 462 1163 487 cum
1188 448 1351 488 Aetolis
1379 447 1626 488 sentiebant.

269 511 365 552 Elei
398 518 537 551 tamen
566 518 662 564 post
692 510 883 564 fugatum
914 524 963 550 cx
989 508 1167 550 Graecia
1192 509 1447 550 Antiochum
1478 508 1627 564 legatis

270 573 539 614 Achaeorum
564 571 698 612 lenius
723 571 1044 626 responderant:
1077 571 1250 612 dimisso
1281 571 1488 626 pracsidio
1512 571 1628 625 regio

272 635 538 689 cogitaturos,
565 634 664 687 quid
689 633 766 675 sibi
791 633 1027 674 faciendum
1052 641 1175 674 essct.
1235 634 1426 674 Messeni
1452 635 1540 675 sine
1565 649 1630 675 rc-

273 712 428 753 sponso
446 696 628 737 dimissis
648 696 797 751 legatis
812 704 1028 737 moverant
1046 696 1220 744 bcllum3
1247 695 1478 749 trepidique
1491 711 1630 737 rerum

273 774 461 808 suarum,
500 773 594 799 cum
630 758 712 798 iam
743 773 844 812 ager
875 758 1009 799 effuso
1042 758 1225 798 exercitu
1255 757 1412 812 passim
1442 766 1630 799 ureretur

273 830 490 874 castraque
515 836 643 876 prope
668 820 813 860 urbem
838 819 937 875 poni
964 820 1167 868 viderent,
1194 819 1356 873 legatos
1385 818 1632 860 Chalcidem

272 883 325 923 ad
339 883 389 924 T.
405 882 647 934 Quinctium
668 890 878 924 auctorem
903 881 1104 922 libertatis
1131 881 1344 929 miserunt,
1372 881 1440 934 qui
1466 882 1632 922 nuntia-

272 954 376 994 rent,
398 944 635 985 Messenios
649 944 866 993 Romanis,
888 960 971 984 non
985 943 1182 992 Achaeis,
1204 951 1243 984 et
1259 943 1416 998 aperire
1436 954 1577 998 portas
1592 952 1633 985 et

274 1008 425 1048 dedere
450 1008 596 1048 urbem
620 1015 788 1061 paratos
815 1021 922 1047 esse.
960 1006 1109 1046 auditis
1136 1006 1285 1060 legatis
1307 1006 1516 1061 extemplo
1535 1021 1632 1061 pro-

273 1070 407 1110 fectus
434 1068 675 1121 Quinctius,
708 1084 731 1110 a
756 1068 1016 1122 Megalopoli
1042 1067 1095 1108 ad
1118 1067 1374 1122 Diophanen
1398 1076 1633 1122 praetorem

274 1131 542 1172 Achaeorum
567 1131 691 1179 misit,
719 1130 788 1184 qui
814 1130 1022 1184 extemplo
1048 1130 1244 1170 reducere
1271 1144 1363 1170 eum
1391 1145 1414 1170 a
1432 1130 1632 1171 BIessene

277 1194 505 1235 exercitum
530 1202 568 1234 et
595 1193 735 1234 venire
763 1193 815 1233 ad
841 1208 885 1233 sc
911 1193 1084 1232 iuberet.
1145 1192 1255 1232 dicto
1281 1192 1417 1246 paruit
1441 1191 1631 1246 Diopha-

275 1271 349 1296 nes
372 1264 412 1296 ct
431 1255 565 1296 soluta
585 1255 800 1296 obsidione
817 1255 1034 1309 expeditus
1055 1254 1156 1308 ipse,
1171 1268 1443 1308 praegressus
1467 1268 1630 1308 agmen,

276 1318 385 1358 circa
399 1317 651 1366 Andaniam,
672 1331 847 1371 parvum
867 1315 1064 1370 oppidum
1079 1315 1501 1371 i1itci·]legalopolim
1514 1316 1633 1356 Bles-

277 1394 486 1433 senenque
505 1379 700 1434 positum,
721 1378 918 1430 Quinctio
939 1378 1138 1427 obcurrit3
1165 1387 1204 1418 ct
1225 1392 1317 1418 eum
1339 1392 1486 1418 causas
1503 1379 1633 1432 obpu-

277 1441 485 1496 gnationis
511 1448 749 1495 exponeret,
775 1440 1024 1494 castigatum
1044 1440 1202 1487 leniter,
1230 1440 1341 1492 quod
1367 1448 1523 1480 tantam
1545 1454 1634 1480 rem

278 1503 366 1544 sine
403 1503 646 1544 auctoritate
684 1517 761 1543 sua
791 1511 962 1542 conatus
995 1510 1125 1549 esset,
1164 1501 1369 1541 dimittere
1407 1501 1634 1541 exercitum

276 1564 396 1605 iussit
416 1579 493 1605 nee
512 1578 659 1619 pacem
680 1564 863 1605 omnium
882 1564 992 1604 bono
1011 1571 1172 1618 partam
1194 1563 1371 1603 turbare.
1405 1563 1632 1603 Messeniis

276 1626 513 1681 imperavit,
551 1634 596 1666 ut
628 1626 792 1667 exsules
826 1626 1071 1666 reducerent
1103 1633 1141 1665 et
1172 1624 1441 1664 Achaeorum
1473 1623 1635 1665 concilii

279 1696 437 1729 essent:
465 1688 498 1729 si
513 1703 593 1741 qua
612 1688 813 1729 haberent
828 1687 877 1727 de
893 1687 1042 1740 quibus
1059 1697 1125 1727 aut
1141 1701 1333 1727 recusare
1349 1695 1419 1727 aut
1433 1687 1474 1726 in
1495 1694 1634 1741 poste-

276 1765 369 1790 rum
384 1750 521 1790 caveri
542 1749 621 1791 sibi
641 1750 806 1799 vellent,
823 1748 1070 1791 Corinthun}
1087 1749 1140 1789 ad
1160 1764 1203 1790 se
1220 1748 1418 1789 venirent.
1444 1748 1635 1803 Diopha-

277 1827 358 1853 nen
373 1811 593 1853 concilium
609 1812 873 1853 Achaeorum
890 1811 1098 1865 extemplo
1114 1811 1192 1851 sibi
1207 1811 1405 1865 praebere
1419 1810 1551 1851 iussit.
1577 1809 1636 1850 ibi

278 1875 328 1915 de
344 1874 560 1928 Zacyntho
574 1875 803 1929 intercepta
817 1888 889 1928 per
904 1873 1092 1913 fraudem
1107 1873 1242 1912 insula
1257 1880 1429 1925 questus
1451 1871 1636 1927 postula-

279 1936 350 1986 vit,
376 1944 421 1977 ut
441 1936 727 1977 restitueretur
746 1935 963 1977 Romanis.
1008 1934 1194 1988 Philippi
1213 1934 1498 1975 Blacedonum
1521 1933 1633 1988 regis

278 1998 519 2052 Zacynthus
539 1998 693 2046 fuerat3
721 2012 811 2038 eam
831 1997 1065 2038 mercedem
1079 1996 1354 2050 Amynandro
1381 1995 1564 2043 dederat,
1590 2002 1635 2035 ut

276 2075 350 2115 per
380 2060 673 2100 Athamaniam
700 2060 849 2100 ducere
876 2058 1102 2100 exercitum
1128 2058 1170 2098 in
1196 2058 1450 2112 superiorem
1474 2065 1635 2111 partem

277 2122 470 2162 Aetoliae
484 2122 638 2170 liceret,
648 2136 729 2175 qua
743 2122 1004 2176 expeditione
1020 2120 1161 2161 fractis
1176 2119 1509 2160 animisAetolos
1524 2133 1636 2159 com-

279 2185 381 2239 pulit
397 2185 450 2224 ad
469 2184 692 2239 petendam
706 2198 867 2238 pacem.
898 2183 1173 2237 Amynander
1187 2182 1429 2236 Philippum
1443 2181 1637 2235 Megalo-

278 2247 507 2301 politanum
526 2246 686 2287 insulae
706 2246 926 2301 praefecit3
952 2253 1098 2300 postea
1111 2260 1185 2300 per
1198 2245 1366 2292 bellum,
1389 2258 1469 2296 quo
1486 2258 1530 2284 se
1545 2243 1637 2283 An-

280 2310 416 2351 tiocho
442 2310 643 2350 adversus
669 2309 884 2349 Romanos
911 2308 1137 2356 coniunxit,
1162 2307 1360 2362 Philippo
1387 2306 1439 2346 ad
1465 2319 1637 2345 munera

279 2372 376 2412 belli
397 2380 592 2412 revocato
612 2371 838 2412 Hieroclen
855 2370 1180 2425 Agrigentinum
1202 2382 1486 2409 successorem
1510 2366 1635 2407 misit.

363 2433 570 2474 XXXII.
619 2433 663 2474 Is
700 2441 796 2488 post
835 2433 980 2487 fugam
1017 2433 1068 2472 ab
1106 2430 1400 2485 Thermopylis
1436 2427 1635 2469 Antiochi

281 2494 684 2547 Amynandrumquc
716 2511 740 2535 a
768 2495 966 2549 Philippo
991 2493 1247 2534 Athamania
1277 2491 1462 2547 pulsum,
1495 2489 1634 2530 missis

281 2555 388 2595 ultro
410 2556 461 2595 ad
475 2556 731 2611 Diophanen
751 2565 985 2611 praetorem
999 2556 1267 2596 Achaeorum
1287 2553 1441 2594 nuntiis
1461 2549 1636 2606 pecunia

284 2624 428 2670 pactus
454 2617 630 2657 insulam
650 2617 835 2658 Achaeis
862 2617 1040 2658 tradidit.
1079 2617 1120 2657 id
1145 2615 1373 2671 praemium
1393 2613 1490 2654 belli
1515 2626 1633 2653 suurn
