1799 2900
270 99 354 141 384
524 104 678 139 LlssER
702 104 944 148 XXXVIIII,
972 104 1096 139 1415.
1124 105 1360 148 [a.u.e.5sss]

270 224 397 264 pavor
433 208 580 261 ingens
618 206 744 261 cepit,
783 221 876 246 cum
912 207 1076 261 publico
1107 207 1289 255 nomine,
1328 221 1379 247 ne
1412 206 1510 259 quid
1545 220 1617 246 eae

270 269 570 311 coniurationes
598 276 821 321 coetusque
847 268 1035 308 nocturni
1060 268 1216 309 fraudis
1243 269 1427 309 occultae
1454 275 1522 308 aut
1546 282 1617 322 pe-

268 332 382 371 riculi
410 331 680 386 inportarent,
719 338 805 370 tum
830 330 1023 384 privatim
1048 345 1213 370 suorum
1248 330 1445 382 cuiusque
1472 330 1616 377 vicem,

269 408 320 432 ne
354 392 444 445 quis
483 391 628 431 adfinis
667 391 703 431 ei
733 406 866 431 noxae
899 400 1022 431 esset.
1083 391 1241 432 censuit
1277 400 1413 431 autem
1451 398 1617 431 senatus

268 454 421 507 gratias
448 453 607 494 consuli
640 453 842 506 agendas,
876 453 985 505 quod
1011 467 1101 492 eam
1125 467 1211 492 rem
1238 461 1278 493 et
1303 466 1394 492 eum
1422 450 1619 506 singulari

226 531 243 560 6
270 530 367 555 cura
380 522 420 555 et
435 515 521 555 sine
536 514 618 555 ullo
633 514 810 554 tumultu
831 514 1138 567 investigasset.
1172 514 1455 566 quaestionem
1470 513 1617 554 deinde

271 577 320 617 de
336 576 669 616 Bacchanalibus
697 576 909 628 sacrisque
934 576 1144 615 nocturnis
1171 583 1287 615 extra
1312 575 1497 615 ordinem
1523 589 1619 615 con-

271 638 427 678 sulibus
454 638 670 686 mandant3
697 637 901 677 indicibus
917 636 1099 677 Aebutio
1124 651 1171 676 ac
1184 637 1388 677 Feceniae
1414 651 1465 676 ne
1486 635 1617 675 fraudi

269 715 317 740 ea
342 714 407 740 res
435 699 486 739 sit
512 713 654 739 curare
680 706 720 739 et
741 698 841 739 alios
868 698 1024 738 indices
1044 697 1235 752 praemiis
1262 697 1434 737 invitare
1460 697 1619 746 iubent3

273 761 507 802 sacerdotes
535 775 677 801 corum
703 775 933 808 sacrorum,
966 774 1039 799 seu
1064 759 1141 799 viri
1166 774 1240 799 seu
1264 759 1443 799 feminae
1469 766 1620 808 essent,

269 838 351 864 non
382 823 542 863 Romae
579 822 721 871 modo,
761 822 834 862 sed
870 836 943 875 per
975 820 1113 861 onmia
1148 821 1237 861 fora
1274 828 1313 860 et
1350 819 1620 860 conciliabula

271 885 466 938 conquiri,
493 891 537 924 ut
561 885 604 924 in
624 884 840 925 consulum
866 891 1072 937 potestate
1092 890 1250 930 essent3
1278 881 1383 922 edici
1407 890 1621 936 praeterea

226 959 245 988 S
271 947 312 986 in
337 947 437 986 urbe
463 946 599 987 Roma
624 953 664 986 et
688 960 762 999 per
787 952 916 985 totam
941 944 1106 984 Italiam
1131 943 1265 984 edicta
1289 943 1412 992 mitti,
1439 958 1491 984 ne
1517 943 1621 996 quis,

272 1008 341 1060 qui
364 1007 543 1048 Bacchis
569 1007 753 1047 initiatus
780 1014 908 1055 esset,
941 1006 1074 1046 coisse
1107 1012 1176 1045 aut
1209 1005 1454 1046 convenisse
1487 1019 1624 1045 sacro-

271 1084 362 1109 rum
388 1084 515 1109 causa
545 1069 642 1109 velit
674 1083 755 1108 neu
780 1068 878 1120 quid
911 1067 1003 1107 talis
1035 1067 1095 1107 rei
1126 1067 1289 1106 divinae
1320 1066 1489 1115 fecisse3
1528 1073 1622 1106 ante

272 1131 409 1171 onmia
439 1139 484 1171 ut
515 1131 700 1184 quaestio
726 1130 776 1170 de
809 1129 858 1169 iis
885 1129 1105 1177 habeatur,
1138 1128 1206 1180 qui
1232 1128 1402 1168 coierint
1435 1128 1622 1168 coniura-

273 1193 475 1241 verintve,
503 1207 583 1244 quo
610 1199 798 1245 stuprum
821 1190 1078 1244 flagitiumve
1102 1190 1335 1230 inferretur.
1375 1189 1477 1230 haec
1503 1204 1621 1230 sena-

229 1266 246 1295 9
272 1260 338 1294 tus
376 1254 569 1294 decrevit.
638 1252 829 1293 consules
868 1251 1068 1291 aedilibus
1107 1251 1316 1291 curulibus
1353 1251 1620 1305 imperarunt,

271 1323 315 1355 ut
340 1315 574 1355 sacerdotes
601 1314 688 1354 eius
716 1313 821 1354 sacri
847 1328 989 1353 omnes
1018 1312 1325 1364 conquirerent,
1353 1312 1622 1366 comprehen-

274 1390 424 1428 sosque
449 1376 577 1416 libero
606 1374 792 1416 conclavi
818 1374 870 1414 ad
897 1374 1181 1426 quaestionem
1209 1381 1440 1414 servarent:
1468 1373 1620 1414 aediles

211 1449 249 1478 10
273 1437 405 1491 plebis
432 1437 591 1485 videre,
618 1451 669 1476 ne
696 1450 777 1488 qua
803 1449 920 1475 sacra
944 1436 987 1474 in
1012 1443 1153 1488 operto
1179 1435 1337 1474 fierent.
1398 1434 1620 1475 triumviris

274 1498 516 1552 capitalibus
542 1498 785 1537 mandatum
810 1503 884 1544 est,
912 1504 956 1536 ut
982 1496 1144 1549 vigilias
1172 1495 1439 1549 disponerent
1461 1511 1535 1550 per
1554 1511 1622 1536 ur-

273 1559 368 1599 bem
395 1565 707 1611 servarentque,
739 1572 791 1598 ne
817 1557 886 1610 qui
917 1556 1108 1597 nocturni
1133 1564 1274 1597 coetus
1301 1557 1465 1605 fierent,
1497 1564 1622 1609 utque

273 1621 326 1662 ab
357 1620 558 1661 incendiis
591 1627 823 1668 caveretur,
863 1619 1070 1660 adiutores
1108 1619 1331 1660 triumviris
1364 1619 1622 1672 quinqueviri

272 1683 331 1722 uti
374 1682 432 1723 cis
470 1682 655 1723 Tiberim
692 1696 791 1723 suae
835 1681 1010 1734 quisque
1046 1681 1226 1735 regionis
1264 1681 1461 1722 aedificiis
1503 1695 1622 1736 prae-

274 1754 426 1784 essent.

230 1820 244 1847 1
356 1804 458 1847 XV.
496 1804 568 1845 Ad
592 1804 696 1846 haee
720 1804 858 1846 officia
882 1804 1063 1845 dimissis
1095 1804 1405 1858 magistratibus
1432 1804 1623 1845 consules

270 1867 314 1906 in
337 1874 471 1907 rostra
496 1866 783 1915 escenderunt,
810 1874 850 1907 et
870 1866 1060 1907 contione
1081 1866 1283 1907 advocata
1303 1880 1396 1906 cum
1423 1866 1622 1906 sollemne

273 1943 437 1969 carmen
457 1929 718 1984 precationis,
745 1929 857 1982 quod
880 1928 1059 1983 praefari
1082 1928 1213 1968 solent
1233 1928 1473 1982 priusquam
1492 1943 1623 1982 popu-

272 1991 356 2030 lum
377 1991 650 2044 adloquantur
669 1990 949 2044 magistratus,
970 1990 1199 2044 peregisset
1222 1990 1378 2038 consul,
1399 1989 1455 2029 ita
1475 1989 1622 2043 coepit.

230 2065 248 2093 ‘2
275 2053 394 2092 ‘nulli
418 2067 616 2106 umquam
642 2051 840 2099 contioni,
881 2051 1085 2103 Quirites,
1124 2058 1207 2091 tam
1232 2066 1316 2091 non
1348 2051 1482 2091 solum
1513 2058 1622 2105 apta,

275 2115 348 2155 sed
374 2115 496 2155 etiam
522 2114 758 2155 necessaria
783 2114 885 2154 haec
912 2113 1122 2153 sollemnis
1150 2113 1320 2153 deorum
1347 2113 1622 2167 comprecatio

273 2177 367 2225 fuit,
406 2191 511 2229 quae
548 2192 622 2217 vos
661 2176 902 2217 admoneret
937 2174 1013 2215 hos
1051 2190 1143 2215 esse
1181 2175 1301 2223 deos>‚
1339 2189 1442 2228 quos
1475 2175 1622 2224 colere,

230 2251 248 2280 3
274 2238 460 2278 venerari
486 2238 727 2292 precarique
753 2237 931 2277 maiores
958 2237 1085 2276 vestri
1110 2236 1398 2284 instituissent,
1424 2251 1506 2277 non
1530 2235 1623 2277 illos

274 2300 342 2352 qui
373 2300 512 2354 pravis
544 2307 584 2340 et
617 2299 797 2340 externis
829 2298 1098 2352 religionibus
1137 2305 1278 2352 captas
1316 2305 1474 2338 mentes
1512 2297 1623 2338 velut

275 2361 489 2401 furialibus
511 2361 687 2401 stimulis
709 2361 762 2401 ad
782 2375 903 2401 omne
929 2359 1064 2400 scelus
1087 2367 1126 2400 et
1152 2360 1204 2400 ad
1224 2374 1387 2400 omnem
1411 2359 1624 2399 libidinem

232 2434 250 2462 4
277 2430 458 2476 agerent.
519 2422 710 2475 equidem
735 2436 812 2462 nec
837 2421 936 2474 quid
968 2428 1128 2462 taceam
1153 2435 1230 2461 nec
1256 2428 1457 2473 quatenus
1487 2419 1624 2474 prolo-

276 2497 376 2534 quar
400 2483 577 2524 invenio.
640 2483 675 2523 si
700 2483 854 2536 aliquid
879 2482 1135 2537 ignorabitis,
1161 2497 1212 2522 ne
1238 2482 1374 2522 locum
1397 2481 1623 2535 neglegen-

278 2542 356 2583 tiae
377 2544 483 2591 dem,
510 2544 544 2584 si
558 2544 696 2585 omnia
715 2545 938 2593 nudavere,
959 2559 1010 2584 ne
1024 2543 1196 2583 nimium
1215 2543 1381 2584 terroris
1396 2541 1621 2583 obfundam

225 408 244 437 C!

228 777 243 804 —1
