1799 2900
158 312 194 342 11

157 497 194 527 1⁴2

180 620 191 648 1

176 804 194 833 2

177 987 196 1017 3

179 1545 198 1574 5

180 1668 197 1697 6

182 1853 198 1881 7

180 2097 199 2127 8

182 2223 199 2251 9

166 2466 203 2496 10

222 188 276 228 20
528 192 682 228 LIBER
707 189 859 236 XXXI,
885 191 1008 226 2324.
1037 194 1084 236 [a.
1098 203 1131 226 u.
1147 204 1176 228 c.
1189 193 1272 237 554]

222 299 443 340 redierunt.
505 295 653 350 quodsi
689 301 850 335 tantum
887 294 1062 335 militum
1093 296 1377 337 Romanorum
1412 295 1573 345 fuisset,

220 368 265 401 ut
290 368 330 401 et
356 358 524 400 Chalcis
551 356 680 397 teneri
706 364 745 397 et
770 372 852 397 non
879 357 1012 397 deseri
1038 358 1290 411 praesidium
1316 358 1575 398 Athenarum

221 422 443 478 potuisset,
481 434 635 473 magna
670 433 737 459 res
776 418 977 473 principio
1010 419 1150 460 statim
1180 419 1296 468 belli,
1335 419 1503 460 Chalcis
1536 427 1577 460 et

222 483 403 537 Euripus
430 481 624 536 adempta
655 480 743 534 regi
775 480 924 521 forent.
984 496 1081 520 nam
1105 489 1150 521 ut
1182 488 1290 521 terra
1315 482 1576 536 Thermopy-

222 546 353 585 larum
375 544 592 597 angustiae
609 542 842 589 Graeciam,
869 543 925 583 ita
944 543 1046 583 mari
1072 544 1223 584 fretum
1241 543 1383 599 Euripi
1410 544 1575 584 claudit.

306 606 510 646 XXIIII.
558 604 829 646 Demetriade
855 612 941 645 tum
965 605 1186 661 Philippus
1213 614 1310 646 erat.
1368 620 1448 659 quo
1483 621 1575 646 cum

221 675 329 709 esset
374 668 562 708 nuntiata
599 667 737 707 clades
782 667 917 707 sociae
964 667 1097 716 urbis,
1147 682 1396 720 quamquam
1440 683 1577 709 serum

221 729 419 770 auxilium
451 729 623 784 perditis
657 736 764 778 erat,
791 736 948 777 tamen,
975 743 1080 782 quae
1107 729 1297 783 proxima
1323 730 1474 771 auxilio
1501 738 1576 779 est,

221 792 420 832 ultionem
451 798 616 846 petens,
654 806 749 831 cum
782 791 986 845 expeditis
1019 790 1198 843 quinque
1229 790 1395 831 milibus
1428 799 1467 831 et
1496 799 1579 833 tre-

222 854 351 894 centis
378 854 584 906 equitibus
618 853 827 907 extemplo
860 853 1071 906 profectus
1103 866 1227 891 cursu
1256 867 1385 906 prope
1413 852 1579 893 Chalci-

221 917 315 957 dem
354 916 566 957 contendit
602 915 927 969 haudquaquam
963 915 1113 955 dubius
1151 914 1328 969 obprimi
1364 915 1578 956 Romanos

221 993 358 1033 posse.
419 994 443 1019 a
474 992 555 1031 qua
586 977 807 1018 destitutus
841 992 915 1032 spe
951 991 1028 1017 nec
1059 976 1280 1030 quicquam
1314 976 1425 1017 aliud
1455 991 1580 1030 quam

222 1041 275 1081 ad
311 1040 495 1081 deforme
533 1040 817 1095 spectaculum
855 1040 1077 1080 semirutae
1115 1053 1163 1079 ac
1206 1039 1404 1080 fumantis
1444 1039 1579 1081 sociae

221 1103 334 1143 urbis
368 1117 461 1143 cum
492 1103 694 1151 venisset,
732 1103 875 1157 paucis
912 1102 982 1142 vix
1014 1102 1083 1155 qui
1115 1102 1338 1156 sepelirent
1368 1101 1476 1143 bello
1508 1102 1581 1142 ab-

223 1172 410 1218 sumptos
442 1164 615 1213 relictis,
655 1179 784 1217 aeque
815 1164 966 1218 raptim
999 1178 1046 1204 ae
1072 1171 1259 1212 venerat,
1292 1172 1579 1219 transgressus

224 1234 349 1281 ponte
368 1226 573 1280 Euripum
599 1241 672 1280 per
691 1226 911 1267 Boeotiam
930 1226 1122 1265 Athenas
1150 1225 1275 1274 ducit,
1301 1226 1391 1281 pari
1416 1227 1579 1280 incepto

224 1289 323 1329 haut
355 1288 563 1343 disparem
595 1296 788 1328 eventum
819 1295 933 1328 ratus
965 1302 1276 1342 responsurum.
1337 1296 1378 1328 et
1408 1303 1580 1342 respon-

224 1351 372 1400 disset,
410 1351 452 1391 ni
491 1351 724 1406 speculator
758 1374 815 1380 —-
850 1350 1188 1391 hemerodromos
1227 1357 1377 1390 vocant
1415 1349 1578 1399 Graeci,

223 1413 371 1467 ingens
398 1413 464 1452 die
489 1428 571 1453 uno
598 1427 721 1453 cursu
747 1413 978 1453 emetientis
1007 1412 1187 1467 spatium
1203 1436 1253 1441 —
1275 1412 1578 1466 contemplatus

222 1475 384 1529 regium
411 1490 560 1529 agmen
587 1489 637 1515 ex
659 1475 828 1529 specula
847 1475 1025 1528 quadam
1051 1489 1322 1528 praegressus
1348 1482 1469 1514 noete
1494 1489 1580 1514 me-

224 1537 292 1577 dia
326 1537 518 1577 Athenas
555 1536 827 1590 pervenisset.
899 1536 1009 1576 idem
1051 1536 1107 1576 ibi
1145 1551 1315 1576 somnus
1353 1536 1581 1588 eademque

223 1598 489 1653 neglegentia
520 1605 624 1646 erat,
663 1612 768 1651 quae
796 1596 1040 1638 Chalcidem
1073 1597 1160 1638 dies
1188 1605 1281 1638 ante
1307 1611 1461 1652 paucos
1488 1612 1583 1651 pro-

225 1660 396 1700 diderat.
457 1659 623 1700 excitati
649 1659 792 1699 nuntio
818 1659 979 1713 trepido
1006 1666 1046 1699 et
1070 1666 1235 1713 praetor
1260 1657 1582 1699 Atheniensium

224 1730 265 1762 et
300 1721 537 1775 Dioxippus
580 1720 815 1775 praefectus
862 1720 1041 1761 cohortis
1085 1721 1275 1761 mercede
1318 1720 1582 1761 militantium

225 1783 471 1824 auxiliorum
497 1782 734 1823 convocatis
761 1782 803 1822 in
828 1782 965 1822 forum
989 1782 1188 1823 militibus
1215 1782 1314 1822 tuba
1340 1782 1505 1837 signum
1530 1797 1582 1822 ex

227 1859 319 1885 aree
345 1844 433 1884 dari
457 1844 612 1893 iubent,
638 1851 682 1883 ut
708 1843 838 1885 hostis
865 1844 1013 1884 adesse
1039 1858 1183 1885 omnes
1211 1844 1376 1884 seirent.
1425 1844 1482 1884 ita
1505 1859 1582 1884 un-

225 1906 347 1959 dique
373 1906 425 1946 ad
449 1913 604 1960 portas,
631 1905 684 1945 ad
708 1920 847 1946 muros
874 1905 1120 1945 discurrunt.
1159 1920 1313 1960 paucas
1338 1911 1434 1960 post
1459 1905 1580 1945 horas

223 1967 465 2022 Philippus,
504 1967 713 2020 aliquanto
751 1974 889 2007 tamen
920 1974 1015 2007 ante
1051 1967 1205 2015 lucem,
1244 1967 1580 2021 adpropinquans

225 2029 315 2069 urbi
338 2029 570 2084 conspectis
597 2028 820 2069 luminibus
842 2028 995 2069 crebris
1018 2036 1058 2068 et
1076 2029 1242 2069 fremitu
1265 2028 1480 2069 hominum
1502 2036 1582 2068 tre-

225 2091 470 2146 pidantium,
496 2098 541 2131 ut
567 2091 608 2130 in
635 2090 705 2131 tali
730 2090 927 2139 tumultu,
955 2091 1149 2131 exaudito
1176 2090 1369 2131 sustinuit
1395 2091 1516 2145 signa
1541 2097 1582 2130 et

227 2153 441 2194 considere
468 2167 516 2193 ac
547 2152 840 2205 conquiescere
873 2167 1023 2206 agmen
1055 2152 1176 2192 iussit
1200 2152 1241 2192 vi
1266 2159 1408 2206 aperta
1432 2166 1583 2206 propa-

226 2215 308 2255 lam
343 2230 512 2264 usurus,
551 2214 716 2268 quando
749 2229 895 2269 parum
926 2214 1044 2254 dolus
1076 2214 1301 2268 profuerat.
1362 2214 1414 2253 ab
1441 2213 1580 2268 dipylo

227 2277 414 2317 accessit.
474 2284 593 2331 porta
624 2291 690 2325 ea,
729 2275 842 2316 velut
871 2275 913 2315 in
938 2290 1007 2316 ore
1033 2275 1147 2316 urbis
1173 2275 1328 2330 posita,
1354 2275 1484 2315 maior
1510 2274 1582 2314 ali-

228 2345 381 2390 quanto
406 2339 694 2393 patentiorque
720 2352 843 2390 quam
864 2344 1024 2378 ceterae
1046 2344 1109 2378 est
1134 2344 1173 2377 et
1199 2337 1306 2377 intra
1331 2352 1421 2377 eam
1448 2344 1583 2377 extra-

228 2413 305 2451 que
331 2400 438 2440 latae
465 2400 555 2440 viae
582 2406 690 2448 sunt,
717 2406 760 2439 ut
787 2406 828 2439 et
852 2399 1049 2454 oppidani
1075 2399 1262 2453 derigere
1289 2399 1418 2439 aciem
1445 2413 1468 2439 a
1493 2398 1582 2438 foro

230 2460 281 2499 ad
305 2468 465 2514 portam
490 2469 663 2515 possent
688 2467 726 2501 et
753 2468 869 2501 extra
892 2460 1011 2501 limes
1032 2459 1143 2500 mille
1169 2460 1298 2500 ferme
1318 2474 1468 2514 passus
1494 2459 1584 2499 lon-

229 2536 327 2574 gus,
364 2521 405 2561 in
430 2523 684 2563 Academiae
722 2522 987 2576 gymnasium
1018 2522 1175 2569 ferens,
1213 2521 1340 2576 pediti
1374 2521 1583 2574 equitique

229 2582 410 2622 hostium
435 2583 608 2623 liberum
631 2584 809 2638 spatium
828 2584 1058 2637 praeberet.
1090 2598 1138 2624 eo
1158 2583 1287 2624 limite
1302 2582 1582 2622 Athenienses

231 2657 325 2683 cum
353 2644 481 2683 Attali
513 2645 718 2698 praesidio
745 2651 784 2684 et
811 2644 977 2684 cohorte
1002 2644 1203 2699 Dioxippi
1236 2644 1321 2684 acie
1354 2643 1460 2683 intra
1489 2658 1581 2697 por-
