<?xml version="1.0" encoding="UTF-8"?>
<!DOCTYPE html PUBLIC "-//W3C//DTD XHTML 1.0 Transitional//EN"
    "http://www.w3.org/TR/xhtml1/DTD/xhtml1-transitional.dtd">
<html xmlns="http://www.w3.org/1999/xhtml" xml:lang="en" lang="en">
 <head>
  <title>
</title>
<meta http-equiv="Content-Type" content="text/html;charset=utf-8" />
  <meta name='ocr-system' content='tesseract 3.04.00' />
  <meta name='ocr-capabilities' content='ocr_page ocr_carea ocr_par ocr_line ocrx_word'/>
</head>
<body>
  <div class='ocr_page' id='page_1' title='image "./aburbeconditalib03livyuoft_0137.png"; bbox 0 0 1799 2900; ppageno 0'>
   <div class='ocr_carea' id='block_1_1' title="bbox 444 172 1509 229">
    <p class='ocr_par' dir='ltr' id='par_1_1' title="bbox 444 172 1509 229">
     <span class='ocr_line' id='line_1_1' title="bbox 444 172 1509 229; baseline -0.002 -11"><span class='ocrx_word' id='word_1_1' title='bbox 444 184 599 219; x_wconf 84' lang='lat' dir='ltr'>LIBER</span> <span class='ocrx_word' id='word_1_2' title='bbox 623 185 791 227; x_wconf 77' lang='lat' dir='ltr'>XXXII,</span> <span class='ocrx_word' id='word_1_3' title='bbox 819 185 974 220; x_wconf 84' lang='lat'>13—15.</span> <span class='ocrx_word' id='word_1_4' title='bbox 1002 187 1051 229; x_wconf 74' lang='lat' dir='ltr'>[a.</span> <span class='ocrx_word' id='word_1_5' title='bbox 1068 183 1203 228; x_wconf 79' lang='lat' dir='ltr'>e.198]</span> <span class='ocrx_word' id='word_1_6' title='bbox 1454 172 1509 216; x_wconf 81' lang='lat'>57</span> 
     </span>
    </p>
   </div>
   <div class='ocr_carea' id='block_1_2' title="bbox 128 285 1580 2677">
    <p class='ocr_par' dir='ltr' id='par_1_2' title="bbox 155 285 1580 959">
     <span class='ocr_line' id='line_1_2' title="bbox 157 285 1578 343; baseline -0.001 -12"><span class='ocrx_word' id='word_1_7' title='bbox 157 297 198 331; x_wconf 90' lang='lat' dir='ltr'>et</span> <span class='ocrx_word' id='word_1_8' title='bbox 235 288 459 330; x_wconf 80' lang='lat' dir='ltr'>Celathara</span> <span class='ocrx_word' id='word_1_9' title='bbox 500 288 613 328; x_wconf 79' lang='lat' dir='ltr'>vicos</span> <span class='ocrx_word' id='word_1_10' title='bbox 656 296 899 343; x_wconf 83' lang='lat' dir='ltr'>expugnant</span> <span class='ocrx_word' id='word_1_11' title='bbox 942 288 1232 343; x_wconf 83' lang='lat' dir='ltr'>diripiuntque.</span> <span class='ocrx_word' id='word_1_12' title='bbox 1298 285 1510 327; x_wconf 81' lang='lat' dir='ltr'>Acharras</span> <span class='ocrx_word' id='word_1_13' title='bbox 1538 298 1578 329; x_wconf 82' lang='lat'>13</span> 
     </span>
     <span class='ocr_line' id='line_1_3' title="bbox 157 349 1512 406; baseline -0.001 -14"><span class='ocrx_word' id='word_1_14' title='bbox 157 366 230 406; x_wconf 88' lang='lat' dir='ltr'>per</span> <span class='ocrx_word' id='word_1_15' title='bbox 255 350 507 392; x_wconf 83' lang='lat' dir='ltr'>deditionem</span> <span class='ocrx_word' id='word_1_16' title='bbox 531 358 789 405; x_wconf 87' lang='lat' dir='ltr'>receperunt.</span> <span class='ocrx_word' id='word_1_17' title='bbox 850 351 1020 405; x_wconf 70' lang='lat' dir='ltr'>Xyniae</span> <span class='ocrx_word' id='word_1_18' title='bbox 1048 351 1170 391; x_wconf 78' lang='lat' dir='ltr'>simili</span> <span class='ocrx_word' id='word_1_19' title='bbox 1195 357 1308 391; x_wconf 87' lang='lat' dir='ltr'>metu</span> <span class='ocrx_word' id='word_1_20' title='bbox 1333 365 1358 390; x_wconf 86' lang='lat' dir='ltr'>a</span> <span class='ocrx_word' id='word_1_21' title='bbox 1382 349 1512 391; x_wconf 88' lang='lat' dir='ltr'>culto-</span> 
     </span>
     <span class='ocr_line' id='line_1_4' title="bbox 156 412 1574 467; baseline -0.002 -14"><span class='ocrx_word' id='word_1_22' title='bbox 156 413 269 453; x_wconf 82' lang='lat' dir='ltr'>ribus</span> <span class='ocrx_word' id='word_1_23' title='bbox 298 413 485 453; x_wconf 78' lang='lat' dir='ltr'>desertae</span> <span class='ocrx_word' id='word_1_24' title='bbox 512 420 619 452; x_wconf 89' lang='lat' dir='ltr'>sunt.</span> <span class='ocrx_word' id='word_1_25' title='bbox 680 412 758 453; x_wconf 98' lang='grc'>1100</span> <span class='ocrx_word' id='word_1_26' title='bbox 784 413 951 453; x_wconf 89' lang='lat' dir='ltr'>sedibus</span> <span class='ocrx_word' id='word_1_27' title='bbox 985 413 1069 454; x_wconf 91' lang='lat' dir='ltr'>suis</span> <span class='ocrx_word' id='word_1_28' title='bbox 1096 420 1257 454; x_wconf 82' lang='lat' dir='ltr'>extorre</span> <span class='ocrx_word' id='word_1_29' title='bbox 1290 427 1439 467; x_wconf 92' lang='lat' dir='ltr'>agmen</span> <span class='ocrx_word' id='word_1_30' title='bbox 1469 412 1512 452; x_wconf 92' lang='lat' dir='ltr'>in</span> <span class='ocrx_word' id='word_1_31' title='bbox 1539 422 1574 451; x_wconf 76' lang='lat'>14</span> 
     </span>
     <span class='ocr_line' id='line_1_5' title="bbox 155 473 1514 529; baseline -0.001 -14"><span class='ocrx_word' id='word_1_32' title='bbox 155 474 410 529; x_wconf 79' lang='lat' dir='ltr'>praesidium</span> <span class='ocrx_word' id='word_1_33' title='bbox 434 473 594 522; x_wconf 79' lang='lat' dir='ltr'>incidit,</span> <span class='ocrx_word' id='word_1_34' title='bbox 622 474 731 527; x_wconf 83' lang='lat' dir='ltr'>quod</span> <span class='ocrx_word' id='word_1_35' title='bbox 757 474 810 514; x_wconf 87' lang='lat' dir='ltr'>ad</span> <span class='ocrx_word' id='word_1_36' title='bbox 836 474 1141 523; x_wconf 80' lang='lat' dir='ltr'>Thaumacum,</span> <span class='ocrx_word' id='word_1_37' title='bbox 1174 489 1254 527; x_wconf 92' lang='lat' dir='ltr'>quo</span> <span class='ocrx_word' id='word_1_38' title='bbox 1281 473 1403 515; x_wconf 91' lang='lat' dir='ltr'>tutior</span> <span class='ocrx_word' id='word_1_39' title='bbox 1427 473 1514 514; x_wconf 87' lang='lat' dir='ltr'>fru-</span> 
     </span>
     <span class='ocr_line' id='line_1_6' title="bbox 157 536 1514 590; baseline -0.001 -13"><span class='ocrx_word' id='word_1_40' title='bbox 157 536 354 577; x_wconf 88' lang='lat' dir='ltr'>mentatio</span> <span class='ocrx_word' id='word_1_41' title='bbox 391 543 521 584; x_wconf 87' lang='lat' dir='ltr'>esset,</span> <span class='ocrx_word' id='word_1_42' title='bbox 560 536 803 585; x_wconf 84' lang='lat' dir='ltr'>ducebatur3</span> <span class='ocrx_word' id='word_1_43' title='bbox 847 536 1056 577; x_wconf 80' lang='lat' dir='ltr'>incondita</span> <span class='ocrx_word' id='word_1_44' title='bbox 1090 537 1340 590; x_wconf 79' lang='lat' dir='ltr'>inermisque</span> <span class='ocrx_word' id='word_1_45' title='bbox 1376 536 1514 576; x_wconf 89' lang='lat' dir='ltr'>multi-</span> 
     </span>
     <span class='ocr_line' id='line_1_7' title="bbox 158 597 1513 652; baseline 0.001 -14"><span class='ocrx_word' id='word_1_46' title='bbox 158 598 257 638; x_wconf 88' lang='lat' dir='ltr'>tudo</span> <span class='ocrx_word' id='word_1_47' title='bbox 288 597 418 638; x_wconf 79' lang='lat' dir='ltr'>mixta</span> <span class='ocrx_word' id='word_1_48' title='bbox 447 597 590 638; x_wconf 81' lang='lat' dir='ltr'>inbelli</span> <span class='ocrx_word' id='word_1_49' title='bbox 621 598 741 638; x_wconf 89' lang='lat' dir='ltr'>turba</span> <span class='ocrx_word' id='word_1_50' title='bbox 773 599 824 638; x_wconf 90' lang='lat' dir='ltr'>ab</span> <span class='ocrx_word' id='word_1_51' title='bbox 856 599 1023 639; x_wconf 87' lang='lat' dir='ltr'>armatis</span> <span class='ocrx_word' id='word_1_52' title='bbox 1055 613 1177 639; x_wconf 85' lang='lat' dir='ltr'>caesa</span> <span class='ocrx_word' id='word_1_53' title='bbox 1207 606 1282 639; x_wconf 90' lang='lat' dir='ltr'>est.</span> <span class='ocrx_word' id='word_1_54' title='bbox 1342 598 1513 652; x_wconf 72' lang='lat' dir='ltr'>Xyniae</span> 
     </span>
     <span class='ocr_line' id='line_1_8' title="bbox 159 658 1511 715; baseline 0.001 -16"><span class='ocrx_word' id='word_1_55' title='bbox 159 659 347 700; x_wconf 80' lang='lat' dir='ltr'>desertae</span> <span class='ocrx_word' id='word_1_56' title='bbox 397 659 656 713; x_wconf 86' lang='lat' dir='ltr'>diripiuntur.</span> <span class='ocrx_word' id='word_1_57' title='bbox 730 658 952 714; x_wconf 68' lang='lat' dir='ltr'>Cyphaera</span> <span class='ocrx_word' id='word_1_58' title='bbox 999 660 1095 701; x_wconf 90' lang='lat' dir='ltr'>inde</span> <span class='ocrx_word' id='word_1_59' title='bbox 1141 660 1283 701; x_wconf 86' lang='lat' dir='ltr'>Aetoli</span> <span class='ocrx_word' id='word_1_60' title='bbox 1331 660 1511 715; x_wconf 88' lang='lat' dir='ltr'>capiunt,</span> 
     </span>
     <span class='ocr_line' id='line_1_9' title="bbox 157 721 1580 776; baseline -0.002 -14"><span class='ocrx_word' id='word_1_61' title='bbox 157 729 357 776; x_wconf 82' lang='lat' dir='ltr'>oportune</span> <span class='ocrx_word' id='word_1_62' title='bbox 399 721 606 775; x_wconf 81' lang='lat' dir='ltr'>Dolopiae</span> <span class='ocrx_word' id='word_1_63' title='bbox 649 721 853 762; x_wconf 83' lang='lat' dir='ltr'>inminens</span> <span class='ocrx_word' id='word_1_64' title='bbox 903 722 1130 762; x_wconf 85' lang='lat' dir='ltr'>castellum.</span> <span class='ocrx_word' id='word_1_65' title='bbox 1214 722 1316 763; x_wconf 88' lang='lat' dir='ltr'>haec</span> <span class='ocrx_word' id='word_1_66' title='bbox 1362 722 1512 776; x_wconf 88' lang='lat' dir='ltr'>raptim</span> <span class='ocrx_word' id='word_1_67' title='bbox 1541 730 1580 760; x_wconf 82' lang='lat'>15</span> 
     </span>
     <span class='ocr_line' id='line_1_10' title="bbox 156 783 1514 838; baseline 0 -15"><span class='ocrx_word' id='word_1_68' title='bbox 156 783 264 823; x_wconf 85' lang='lat' dir='ltr'>intra</span> <span class='ocrx_word' id='word_1_69' title='bbox 306 797 460 837; x_wconf 89' lang='lat' dir='ltr'>paucos</span> <span class='ocrx_word' id='word_1_70' title='bbox 504 783 590 823; x_wconf 89' lang='lat' dir='ltr'>dies</span> <span class='ocrx_word' id='word_1_71' title='bbox 635 783 687 823; x_wconf 88' lang='lat' dir='ltr'>ab</span> <span class='ocrx_word' id='word_1_72' title='bbox 724 783 887 824; x_wconf 88' lang='lat' dir='ltr'>Aetolis</span> <span class='ocrx_word' id='word_1_73' title='bbox 931 792 1062 838; x_wconf 86' lang='lat' dir='ltr'>gesta.</span> <span class='ocrx_word' id='word_1_74' title='bbox 1128 797 1205 824; x_wconf 88' lang='lat' dir='ltr'>nec</span> <span class='ocrx_word' id='word_1_75' title='bbox 1239 783 1514 837; x_wconf 74' lang='lat' dir='ltr'>Amynander</span> 
     </span>
     <span class='ocr_line' id='line_1_11' title="bbox 158 844 1513 900; baseline 0.001 -16"><span class='ocrx_word' id='word_1_76' title='bbox 158 853 279 897; x_wconf 89' lang='lat' dir='ltr'>atque</span> <span class='ocrx_word' id='word_1_77' title='bbox 305 844 566 885; x_wconf 83' lang='lat' dir='ltr'>Athamanes</span> <span class='ocrx_word' id='word_1_78' title='bbox 598 852 695 900; x_wconf 89' lang='lat' dir='ltr'>post</span> <span class='ocrx_word' id='word_1_79' title='bbox 725 845 879 886; x_wconf 88' lang='lat' dir='ltr'>famam</span> <span class='ocrx_word' id='word_1_80' title='bbox 912 860 1137 900; x_wconf 85' lang='lat' dir='ltr'>prosperae</span> <span class='ocrx_word' id='word_1_81' title='bbox 1167 860 1333 900; x_wconf 80' lang='lat' dir='ltr'>pugnae</span> <span class='ocrx_word' id='word_1_82' title='bbox 1357 846 1513 887; x_wconf 86' lang='lat' dir='ltr'>Roma-</span> 
     </span>
     <span class='ocr_line' id='line_1_12' title="bbox 157 906 586 959; baseline 0 -13"><span class='ocrx_word' id='word_1_83' title='bbox 157 921 301 947; x_wconf 88' lang='lat' dir='ltr'>norum</span> <span class='ocrx_word' id='word_1_84' title='bbox 330 906 586 959; x_wconf 79' lang='lat' dir='ltr'>quieverunt.</span> 
     </span>
    </p>

    <p class='ocr_par' dir='ltr' id='par_1_3' title="bbox 128 967 1557 1640">
     <span class='ocr_line' id='line_1_13' title="bbox 241 967 1555 1023; baseline 0 -14"><span class='ocrx_word' id='word_1_85' title='bbox 241 968 395 1009; x_wconf 84' lang='lat' dir='ltr'>XIIII.</span> <span class='ocrx_word' id='word_1_86' title='bbox 446 967 644 1009; x_wconf 88' lang='lat' dir='ltr'>Ceterum</span> <span class='ocrx_word' id='word_1_87' title='bbox 674 969 948 1022; x_wconf 66' lang='lat' dir='ltr'>Amynander</span> <span class='ocrx_word' id='word_1_88' title='bbox 978 969 1072 1021; x_wconf 89' lang='lat' dir='ltr'>quia</span> <span class='ocrx_word' id='word_1_89' title='bbox 1106 983 1180 1009; x_wconf 88' lang='lat' dir='ltr'>suo</span> <span class='ocrx_word' id='word_1_90' title='bbox 1211 968 1330 1008; x_wconf 89' lang='lat' dir='ltr'>militi</span> <span class='ocrx_word' id='word_1_91' title='bbox 1366 985 1513 1023; x_wconf 88' lang='lat' dir='ltr'>parum</span> <span class='ocrx_word' id='word_1_92' title='bbox 1542 977 1555 1005; x_wconf 84' lang='lat' dir='ltr'>l</span> 
     </span>
     <span class='ocr_line' id='line_1_14' title="bbox 156 1029 1512 1085; baseline 0.001 -15"><span class='ocrx_word' id='word_1_93' title='bbox 156 1030 330 1078; x_wconf 87' lang='lat' dir='ltr'>fidebat,</span> <span class='ocrx_word' id='word_1_94' title='bbox 363 1029 491 1084; x_wconf 85' lang='lat' dir='ltr'>petito</span> <span class='ocrx_word' id='word_1_95' title='bbox 519 1045 543 1069; x_wconf 91' lang='lat' dir='ltr'>a</span> <span class='ocrx_word' id='word_1_96' title='bbox 568 1030 735 1070; x_wconf 90' lang='lat' dir='ltr'>consule</span> <span class='ocrx_word' id='word_1_97' title='bbox 761 1030 923 1070; x_wconf 91' lang='lat' dir='ltr'>modico</span> <span class='ocrx_word' id='word_1_98' title='bbox 948 1030 1155 1084; x_wconf 87' lang='lat' dir='ltr'>praesidio</span> <span class='ocrx_word' id='word_1_99' title='bbox 1182 1044 1274 1070; x_wconf 90' lang='lat' dir='ltr'>cum</span> <span class='ocrx_word' id='word_1_100' title='bbox 1295 1030 1512 1085; x_wconf 85' lang='lat' dir='ltr'>Gomphos</span> 
     </span>
     <span class='ocr_line' id='line_1_15' title="bbox 156 1090 1514 1145; baseline 0 -13"><span class='ocrx_word' id='word_1_101' title='bbox 156 1099 336 1145; x_wconf 87' lang='lat' dir='ltr'>peteret,</span> <span class='ocrx_word' id='word_1_102' title='bbox 369 1091 567 1145; x_wconf 88' lang='lat' dir='ltr'>oppidum</span> <span class='ocrx_word' id='word_1_103' title='bbox 592 1090 779 1144; x_wconf 86' lang='lat' dir='ltr'>protinus</span> <span class='ocrx_word' id='word_1_104' title='bbox 806 1091 971 1130; x_wconf 89' lang='lat' dir='ltr'>nomine</span> <span class='ocrx_word' id='word_1_105' title='bbox 996 1091 1226 1139; x_wconf 84' lang='lat' dir='ltr'>Phaecam,</span> <span class='ocrx_word' id='word_1_106' title='bbox 1261 1091 1383 1131; x_wconf 88' lang='lat' dir='ltr'>situm</span> <span class='ocrx_word' id='word_1_107' title='bbox 1408 1092 1514 1132; x_wconf 90' lang='lat' dir='ltr'>inter</span> 
     </span>
     <span class='ocr_line' id='line_1_16' title="bbox 159 1152 1514 1207; baseline 0.001 -15"><span class='ocrx_word' id='word_1_108' title='bbox 159 1152 376 1207; x_wconf 86' lang='lat' dir='ltr'>Gomphos</span> <span class='ocrx_word' id='word_1_109' title='bbox 403 1153 628 1204; x_wconf 79' lang='lat' dir='ltr'>faucesque</span> <span class='ocrx_word' id='word_1_110' title='bbox 655 1160 867 1205; x_wconf 80' lang='lat' dir='ltr'>angustas,</span> <span class='ocrx_word' id='word_1_111' title='bbox 895 1166 1000 1204; x_wconf 91' lang='lat' dir='ltr'>quae</span> <span class='ocrx_word' id='word_1_112' title='bbox 1027 1153 1079 1191; x_wconf 88' lang='lat' dir='ltr'>ab</span> <span class='ocrx_word' id='word_1_113' title='bbox 1100 1152 1354 1192; x_wconf 83' lang='lat' dir='ltr'>Athamania</span> <span class='ocrx_word' id='word_1_114' title='bbox 1379 1153 1514 1194; x_wconf 88' lang='lat' dir='ltr'>Thes-</span> 
     </span>
     <span class='ocr_line' id='line_1_17' title="bbox 157 1213 1556 1269; baseline 0.001 -16"><span class='ocrx_word' id='word_1_115' title='bbox 157 1214 302 1254; x_wconf 84' lang='lat' dir='ltr'>saliam</span> <span class='ocrx_word' id='word_1_116' title='bbox 328 1214 535 1262; x_wconf 89' lang='lat' dir='ltr'>dirimunt,</span> <span class='ocrx_word' id='word_1_117' title='bbox 563 1214 602 1253; x_wconf 75' lang='lat' dir='ltr'>vi</span> <span class='ocrx_word' id='word_1_118' title='bbox 629 1213 749 1267; x_wconf 87' lang='lat' dir='ltr'>cepit.</span> <span class='ocrx_word' id='word_1_119' title='bbox 787 1213 882 1254; x_wconf 85' lang='lat' dir='ltr'>inde</span> <span class='ocrx_word' id='word_1_120' title='bbox 899 1213 1116 1268; x_wconf 72' lang='lat' dir='ltr'>Gomphos</span> <span class='ocrx_word' id='word_1_121' title='bbox 1144 1215 1327 1263; x_wconf 84' lang='lat' dir='ltr'>adortus,</span> <span class='ocrx_word' id='word_1_122' title='bbox 1354 1222 1395 1255; x_wconf 90' lang='lat' dir='ltr'>et</span> <span class='ocrx_word' id='word_1_123' title='bbox 1418 1222 1514 1269; x_wconf 84' lang='lat' dir='ltr'>post</span> <span class='ocrx_word' id='word_1_124' title='bbox 1539 1222 1556 1251; x_wconf 80' lang='lat'>‘2</span> 
     </span>
     <span class='ocr_line' id='line_1_18' title="bbox 155 1275 1515 1328; baseline 0.001 -13"><span class='ocrx_word' id='word_1_125' title='bbox 155 1276 310 1328; x_wconf 83' lang='lat' dir='ltr'>aliquot</span> <span class='ocrx_word' id='word_1_126' title='bbox 336 1275 423 1316; x_wconf 90' lang='lat' dir='ltr'>dies</span> <span class='ocrx_word' id='word_1_127' title='bbox 451 1291 612 1316; x_wconf 87' lang='lat' dir='ltr'>summa</span> <span class='ocrx_word' id='word_1_128' title='bbox 637 1275 677 1315; x_wconf 77' lang='lat' dir='ltr'>vi</span> <span class='ocrx_word' id='word_1_129' title='bbox 704 1282 866 1316; x_wconf 89' lang='lat' dir='ltr'>tuentes</span> <span class='ocrx_word' id='word_1_130' title='bbox 888 1276 1045 1324; x_wconf 88' lang='lat' dir='ltr'>urbem,</span> <span class='ocrx_word' id='word_1_131' title='bbox 1073 1290 1166 1315; x_wconf 92' lang='lat' dir='ltr'>cum</span> <span class='ocrx_word' id='word_1_132' title='bbox 1192 1276 1273 1316; x_wconf 93' lang='lat' dir='ltr'>iam</span> <span class='ocrx_word' id='word_1_133' title='bbox 1301 1276 1434 1317; x_wconf 85' lang='lat' dir='ltr'>scalas</span> <span class='ocrx_word' id='word_1_134' title='bbox 1462 1277 1515 1316; x_wconf 90' lang='lat' dir='ltr'>ad</span> 
     </span>
     <span class='ocr_line' id='line_1_19' title="bbox 154 1337 1511 1392; baseline 0.001 -14"><span class='ocrx_word' id='word_1_135' title='bbox 154 1337 317 1379; x_wconf 89' lang='lat' dir='ltr'>moenia</span> <span class='ocrx_word' id='word_1_136' title='bbox 342 1337 555 1386; x_wconf 77' lang='lat' dir='ltr'>erexisset,</span> <span class='ocrx_word' id='word_1_137' title='bbox 582 1352 630 1378; x_wconf 93' lang='lat' dir='ltr'>eo</span> <span class='ocrx_word' id='word_1_138' title='bbox 651 1338 817 1378; x_wconf 89' lang='lat' dir='ltr'>demum</span> <span class='ocrx_word' id='word_1_139' title='bbox 838 1347 949 1378; x_wconf 88' lang='lat' dir='ltr'>metu</span> <span class='ocrx_word' id='word_1_140' title='bbox 969 1338 1149 1392; x_wconf 82' lang='lat' dir='ltr'>perpulit</span> <span class='ocrx_word' id='word_1_141' title='bbox 1169 1338 1222 1378; x_wconf 87' lang='lat' dir='ltr'>ad</span> <span class='ocrx_word' id='word_1_142' title='bbox 1247 1338 1511 1379; x_wconf 90' lang='lat' dir='ltr'>deditionem.</span> 
     </span>
     <span class='ocr_line' id='line_1_20' title="bbox 155 1399 1557 1454; baseline 0.001 -15"><span class='ocrx_word' id='word_1_143' title='bbox 155 1399 257 1440; x_wconf 88' lang='lat' dir='ltr'>haec</span> <span class='ocrx_word' id='word_1_144' title='bbox 294 1399 458 1440; x_wconf 87' lang='lat' dir='ltr'>traditio</span> <span class='ocrx_word' id='word_1_145' title='bbox 491 1399 780 1454; x_wconf 86' lang='lat' dir='ltr'>Gomphorum</span> <span class='ocrx_word' id='word_1_146' title='bbox 816 1399 1028 1454; x_wconf 87' lang='lat' dir='ltr'>ingentem</span> <span class='ocrx_word' id='word_1_147' title='bbox 1066 1407 1264 1440; x_wconf 88' lang='lat' dir='ltr'>terrorem</span> <span class='ocrx_word' id='word_1_148' title='bbox 1296 1400 1511 1441; x_wconf 87' lang='lat' dir='ltr'>Thessalis</span> <span class='ocrx_word' id='word_1_149' title='bbox 1539 1414 1557 1443; x_wconf 84' lang='lat'>3</span> 
     </span>
     <span class='ocr_line' id='line_1_21' title="bbox 128 1461 1514 1516; baseline 0.001 -15"><span class='ocrx_word' id='word_1_150' title='bbox 128 1461 302 1503; x_wconf 84' lang='grc'>’111111111.</span> <span class='ocrx_word' id='word_1_151' title='bbox 353 1461 546 1502; x_wconf 87' lang='lat' dir='ltr'>dedidere</span> <span class='ocrx_word' id='word_1_152' title='bbox 573 1461 768 1516; x_wconf 85' lang='lat' dir='ltr'>deinceps</span> <span class='ocrx_word' id='word_1_153' title='bbox 796 1476 888 1502; x_wconf 88' lang='lat' dir='ltr'>sese</span> <span class='ocrx_word' id='word_1_154' title='bbox 914 1461 983 1514; x_wconf 90' lang='lat' dir='ltr'>qui</span> <span class='ocrx_word' id='word_1_155' title='bbox 1009 1462 1198 1516; x_wconf 76' lang='lat' dir='ltr'>Argenta</span> <span class='ocrx_word' id='word_1_156' title='bbox 1226 1461 1378 1515; x_wconf 91' lang='lat' dir='ltr'>quique</span> <span class='ocrx_word' id='word_1_157' title='bbox 1402 1462 1514 1503; x_wconf 90' lang='lat' dir='ltr'>Phe-</span> 
     </span>
     <span class='ocr_line' id='line_1_22' title="bbox 154 1523 1514 1578; baseline 0 -14"><span class='ocrx_word' id='word_1_158' title='bbox 154 1524 305 1564; x_wconf 88' lang='lat' dir='ltr'>rinium</span> <span class='ocrx_word' id='word_1_159' title='bbox 335 1531 376 1564; x_wconf 86' lang='lat' dir='ltr'>et</span> <span class='ocrx_word' id='word_1_160' title='bbox 400 1523 616 1564; x_wconf 85' lang='lat' dir='ltr'>Timarum</span> <span class='ocrx_word' id='word_1_161' title='bbox 647 1531 686 1564; x_wconf 92' lang='lat' dir='ltr'>et</span> <span class='ocrx_word' id='word_1_162' title='bbox 717 1524 909 1578; x_wconf 64' lang='lat' dir='ltr'>Ligynas</span> <span class='ocrx_word' id='word_1_163' title='bbox 942 1532 982 1564; x_wconf 93' lang='lat' dir='ltr'>et</span> <span class='ocrx_word' id='word_1_164' title='bbox 1016 1523 1282 1578; x_wconf 65' lang='lat' dir='ltr'>Strymonem</span> <span class='ocrx_word' id='word_1_165' title='bbox 1314 1533 1353 1565; x_wconf 90' lang='lat' dir='ltr'>et</span> <span class='ocrx_word' id='word_1_166' title='bbox 1384 1525 1514 1565; x_wconf 85' lang='lat' dir='ltr'>Lam-</span> 
     </span>
     <span class='ocr_line' id='line_1_23' title="bbox 154 1585 1212 1640; baseline -0.001 -14"><span class='ocrx_word' id='word_1_167' title='bbox 154 1600 276 1639; x_wconf 85' lang='lat' dir='ltr'>psum</span> <span class='ocrx_word' id='word_1_168' title='bbox 301 1585 454 1626; x_wconf 89' lang='lat' dir='ltr'>habent</span> <span class='ocrx_word' id='word_1_169' title='bbox 481 1585 641 1638; x_wconf 90' lang='lat' dir='ltr'>aliaque</span> <span class='ocrx_word' id='word_1_170' title='bbox 667 1586 837 1626; x_wconf 85' lang='lat' dir='ltr'>castella</span> <span class='ocrx_word' id='word_1_171' title='bbox 861 1586 977 1626; x_wconf 78' lang='lat' dir='ltr'>iuxta</span> <span class='ocrx_word' id='word_1_172' title='bbox 1001 1586 1212 1640; x_wconf 86' lang='lat' dir='ltr'>ignobilia.</span> 
     </span>
    </p>

    <p class='ocr_par' dir='ltr' id='par_1_4' title="bbox 154 1646 1557 2626">
     <span class='ocr_line' id='line_1_24' title="bbox 240 1646 1557 1700; baseline 0.002 -15"><span class='ocrx_word' id='word_1_173' title='bbox 240 1646 355 1686; x_wconf 86' lang='lat' dir='ltr'>Dum</span> <span class='ocrx_word' id='word_1_174' title='bbox 401 1647 662 1687; x_wconf 82' lang='lat' dir='ltr'>Athamanes</span> <span class='ocrx_word' id='word_1_175' title='bbox 709 1647 933 1700; x_wconf 87' lang='lat' dir='ltr'>Aetolique</span> <span class='ocrx_word' id='word_1_176' title='bbox 988 1648 1179 1688; x_wconf 87' lang='lat' dir='ltr'>submoto</span> <span class='ocrx_word' id='word_1_177' title='bbox 1231 1647 1513 1688; x_wconf 84' lang='lat' dir='ltr'>Macedonum</span> <span class='ocrx_word' id='word_1_178' title='bbox 1538 1660 1557 1688; x_wconf 71' lang='lat'>4</span> 
     </span>
     <span class='ocr_line' id='line_1_25' title="bbox 156 1707 1514 1762; baseline 0.001 -15"><span class='ocrx_word' id='word_1_179' title='bbox 156 1716 269 1747; x_wconf 86' lang='lat' dir='ltr'>metu</span> <span class='ocrx_word' id='word_1_180' title='bbox 293 1707 334 1747; x_wconf 89' lang='lat' dir='ltr'>in</span> <span class='ocrx_word' id='word_1_181' title='bbox 361 1707 494 1748; x_wconf 84' lang='lat' dir='ltr'>alicua</span> <span class='ocrx_word' id='word_1_182' title='bbox 518 1708 690 1749; x_wconf 75' lang='lat' dir='ltr'>victoria</span> <span class='ocrx_word' id='word_1_183' title='bbox 721 1724 838 1748; x_wconf 90' lang='lat' dir='ltr'>suam</span> <span class='ocrx_word' id='word_1_184' title='bbox 868 1709 1066 1762; x_wconf 89' lang='lat' dir='ltr'>praedam</span> <span class='ocrx_word' id='word_1_185' title='bbox 1091 1709 1248 1749; x_wconf 83' lang='lat' dir='ltr'>faciunt</span> <span class='ocrx_word' id='word_1_186' title='bbox 1274 1709 1514 1749; x_wconf 84' lang='lat' dir='ltr'>Thessalia-</span> 
     </span>
     <span class='ocr_line' id='line_1_26' title="bbox 156 1769 1513 1822; baseline 0.001 -14"><span class='ocrx_word' id='word_1_187' title='bbox 156 1783 235 1822; x_wconf 90' lang='lat' dir='ltr'>que</span> <span class='ocrx_word' id='word_1_188' title='bbox 272 1770 324 1809; x_wconf 92' lang='lat' dir='ltr'>ab</span> <span class='ocrx_word' id='word_1_189' title='bbox 361 1769 492 1810; x_wconf 89' lang='lat' dir='ltr'>tribus</span> <span class='ocrx_word' id='word_1_190' title='bbox 531 1769 652 1809; x_wconf 82' lang='lat' dir='ltr'>simul</span> <span class='ocrx_word' id='word_1_191' title='bbox 690 1770 958 1818; x_wconf 80' lang='lat' dir='ltr'>exercitibus,</span> <span class='ocrx_word' id='word_1_192' title='bbox 996 1770 1153 1810; x_wconf 89' lang='lat' dir='ltr'>incerta</span> <span class='ocrx_word' id='word_1_193' title='bbox 1189 1785 1310 1822; x_wconf 90' lang='lat' dir='ltr'>quem</span> <span class='ocrx_word' id='word_1_194' title='bbox 1350 1770 1513 1811; x_wconf 89' lang='lat' dir='ltr'>hostem</span> 
     </span>
     <span class='ocr_line' id='line_1_27' title="bbox 157 1831 1557 1884; baseline 0.002 -14"><span class='ocrx_word' id='word_1_195' title='bbox 157 1846 332 1884; x_wconf 84' lang='lat' dir='ltr'>quemve</span> <span class='ocrx_word' id='word_1_196' title='bbox 359 1831 516 1871; x_wconf 85' lang='lat' dir='ltr'>socium</span> <span class='ocrx_word' id='word_1_197' title='bbox 542 1831 745 1880; x_wconf 89' lang='lat' dir='ltr'>crederet,</span> <span class='ocrx_word' id='word_1_198' title='bbox 772 1841 976 1879; x_wconf 76' lang='lat' dir='ltr'>vastatur,</span> <span class='ocrx_word' id='word_1_199' title='bbox 1004 1832 1147 1871; x_wconf 84' lang='lat' dir='ltr'>consul</span> <span class='ocrx_word' id='word_1_200' title='bbox 1173 1832 1382 1879; x_wconf 88' lang='lat' dir='ltr'>faucibus,</span> <span class='ocrx_word' id='word_1_201' title='bbox 1409 1846 1510 1884; x_wconf 88' lang='lat' dir='ltr'>quas</span> <span class='ocrx_word' id='word_1_202' title='bbox 1538 1845 1557 1873; x_wconf 75' lang='lat'>5</span> 
     </span>
     <span class='ocr_line' id='line_1_28' title="bbox 157 1893 1510 1947; baseline 0.001 -15"><span class='ocrx_word' id='word_1_203' title='bbox 157 1893 258 1946; x_wconf 85' lang='lat' dir='ltr'>fuga</span> <span class='ocrx_word' id='word_1_204' title='bbox 284 1893 467 1933; x_wconf 86' lang='lat' dir='ltr'>hostium</span> <span class='ocrx_word' id='word_1_205' title='bbox 493 1902 727 1947; x_wconf 87' lang='lat' dir='ltr'>aperuerat,</span> <span class='ocrx_word' id='word_1_206' title='bbox 760 1893 801 1932; x_wconf 91' lang='lat' dir='ltr'>in</span> <span class='ocrx_word' id='word_1_207' title='bbox 826 1893 1039 1947; x_wconf 81' lang='lat' dir='ltr'>regionem</span> <span class='ocrx_word' id='word_1_208' title='bbox 1064 1893 1183 1947; x_wconf 81' lang='lat' dir='ltr'>Epiri</span> <span class='ocrx_word' id='word_1_209' title='bbox 1209 1900 1510 1947; x_wconf 77' lang='lat' dir='ltr'>ti·a11sgresst1S‚</span> 
     </span>
     <span class='ocr_line' id='line_1_29' title="bbox 156 1953 1512 2009; baseline 0.001 -15"><span class='ocrx_word' id='word_1_210' title='bbox 156 1955 234 1994; x_wconf 89' lang='lat' dir='ltr'>etsi</span> <span class='ocrx_word' id='word_1_211' title='bbox 260 1955 388 2008; x_wconf 90' lang='lat' dir='ltr'>probe</span> <span class='ocrx_word' id='word_1_212' title='bbox 416 1954 510 2003; x_wconf 84' lang='lat' dir='ltr'>scit,</span> <span class='ocrx_word' id='word_1_213' title='bbox 550 1955 613 1994; x_wconf 89' lang='lat' dir='ltr'>eui</span> <span class='ocrx_word' id='word_1_214' title='bbox 645 1954 751 2009; x_wconf 89' lang='lat' dir='ltr'>parti</span> <span class='ocrx_word' id='word_1_215' title='bbox 778 1953 974 2009; x_wconf 89' lang='lat' dir='ltr'>Charopo</span> <span class='ocrx_word' id='word_1_216' title='bbox 999 1954 1184 2009; x_wconf 88' lang='lat' dir='ltr'>principe</span> <span class='ocrx_word' id='word_1_217' title='bbox 1211 1963 1384 2009; x_wconf 82' lang='lat' dir='ltr'>excepto</span> <span class='ocrx_word' id='word_1_218' title='bbox 1409 1955 1512 2009; x_wconf 85' lang='lat' dir='ltr'>Epi-</span> 
     </span>
     <span class='ocr_line' id='line_1_30' title="bbox 154 2016 1556 2069; baseline 0.002 -13"><span class='ocrx_word' id='word_1_219' title='bbox 154 2023 269 2056; x_wconf 86' lang='lat' dir='ltr'>rotae</span> <span class='ocrx_word' id='word_1_220' title='bbox 295 2016 510 2066; x_wconf 73' lang='lat' dir='ltr'>favissent,</span> <span class='ocrx_word' id='word_1_221' title='bbox 538 2023 689 2064; x_wconf 81' lang='lat' dir='ltr'>tamen,</span> <span class='ocrx_word' id='word_1_222' title='bbox 717 2017 814 2069; x_wconf 90' lang='lat' dir='ltr'>quia</span> <span class='ocrx_word' id='word_1_223' title='bbox 839 2017 890 2057; x_wconf 92' lang='lat' dir='ltr'>ab</span> <span class='ocrx_word' id='word_1_224' title='bbox 917 2017 1198 2057; x_wconf 80' lang='lat' dir='ltr'>satisfaciendi</span> <span class='ocrx_word' id='word_1_225' title='bbox 1225 2031 1387 2069; x_wconf 90' lang='lat' dir='ltr'>quoque</span> <span class='ocrx_word' id='word_1_226' title='bbox 1414 2032 1512 2058; x_wconf 89' lang='lat' dir='ltr'>cura</span> <span class='ocrx_word' id='word_1_227' title='bbox 1538 2029 1556 2059; x_wconf 85' lang='grc'>6</span> 
     </span>
     <span class='ocr_line' id='line_1_31' title="bbox 155 2077 1510 2133; baseline 0.001 -15"><span class='ocrx_word' id='word_1_228' title='bbox 155 2077 356 2132; x_wconf 84' lang='lat' dir='ltr'>imperata</span> <span class='ocrx_word' id='word_1_229' title='bbox 381 2078 501 2119; x_wconf 79' lang='lat' dir='ltr'>enixe</span> <span class='ocrx_word' id='word_1_230' title='bbox 527 2079 663 2119; x_wconf 86' lang='lat' dir='ltr'>faeere</span> <span class='ocrx_word' id='word_1_231' title='bbox 689 2079 813 2126; x_wconf 71' lang='lat' dir='ltr'>videt,</span> <span class='ocrx_word' id='word_1_232' title='bbox 841 2094 891 2119; x_wconf 78' lang='lat' dir='ltr'>ex</span> <span class='ocrx_word' id='word_1_233' title='bbox 912 2079 1119 2133; x_wconf 86' lang='lat' dir='ltr'>praesenti</span> <span class='ocrx_word' id='word_1_234' title='bbox 1139 2094 1208 2119; x_wconf 88' lang='lat' dir='ltr'>eos</span> <span class='ocrx_word' id='word_1_235' title='bbox 1230 2079 1366 2132; x_wconf 89' lang='lat' dir='ltr'>potius</span> <span class='ocrx_word' id='word_1_236' title='bbox 1388 2093 1510 2132; x_wconf 90' lang='lat' dir='ltr'>quam</span> 
     </span>
     <span class='ocr_line' id='line_1_32' title="bbox 156 2140 1512 2195; baseline 0.002 -16"><span class='ocrx_word' id='word_1_237' title='bbox 156 2154 207 2180; x_wconf 85' lang='lat' dir='ltr'>ex</span> <span class='ocrx_word' id='word_1_238' title='bbox 237 2140 459 2193; x_wconf 88' lang='lat' dir='ltr'>praeterito</span> <span class='ocrx_word' id='word_1_239' title='bbox 494 2141 683 2181; x_wconf 78' lang='lat' dir='ltr'>aestimat</span> <span class='ocrx_word' id='word_1_240' title='bbox 715 2141 857 2181; x_wconf 88' lang='lat' dir='ltr'>habitu</span> <span class='ocrx_word' id='word_1_241' title='bbox 884 2150 924 2181; x_wconf 89' lang='lat' dir='ltr'>ct</span> <span class='ocrx_word' id='word_1_242' title='bbox 949 2156 997 2181; x_wconf 87' lang='lat' dir='ltr'>ea</span> <span class='ocrx_word' id='word_1_243' title='bbox 1021 2141 1113 2195; x_wconf 85' lang='lat' dir='ltr'>ipsa</span> <span class='ocrx_word' id='word_1_244' title='bbox 1144 2140 1340 2181; x_wconf 82' lang='lat' dir='ltr'>facilitate</span> <span class='ocrx_word' id='word_1_245' title='bbox 1366 2141 1512 2182; x_wconf 75' lang='lat' dir='ltr'>veniae</span> 
     </span>
     <span class='ocr_line' id='line_1_33' title="bbox 157 2200 1554 2256; baseline 0.003 -17"><span class='ocrx_word' id='word_1_246' title='bbox 157 2200 315 2241; x_wconf 88' lang='lat' dir='ltr'>animos</span> <span class='ocrx_word' id='word_1_247' title='bbox 337 2216 476 2242; x_wconf 87' lang='lat' dir='ltr'>eorum</span> <span class='ocrx_word' id='word_1_248' title='bbox 497 2202 537 2241; x_wconf 90' lang='lat' dir='ltr'>in</span> <span class='ocrx_word' id='word_1_249' title='bbox 559 2210 771 2256; x_wconf 90' lang='lat' dir='ltr'>posterum</span> <span class='ocrx_word' id='word_1_250' title='bbox 791 2202 994 2243; x_wconf 89' lang='lat' dir='ltr'>conciliat.</span> <span class='ocrx_word' id='word_1_251' title='bbox 1032 2202 1170 2242; x_wconf 86' lang='lat' dir='ltr'>missis</span> <span class='ocrx_word' id='word_1_252' title='bbox 1192 2202 1340 2242; x_wconf 86' lang='lat' dir='ltr'>deinde</span> <span class='ocrx_word' id='word_1_253' title='bbox 1355 2203 1510 2243; x_wconf 89' lang='lat' dir='ltr'>nuntiis</span> <span class='ocrx_word' id='word_1_254' title='bbox 1538 2215 1554 2243; x_wconf 88' lang='grc'>7</span> 
     </span>
     <span class='ocr_line' id='line_1_34' title="bbox 158 2260 1512 2315; baseline 0.002 -14"><span class='ocrx_word' id='word_1_255' title='bbox 158 2260 403 2315; x_wconf 64' lang='grc' dir='ltr'>0010)Ὑὶ1111,</span> <span class='ocrx_word' id='word_1_256' title='bbox 430 2270 475 2302; x_wconf 87' lang='grc'>111</span> <span class='ocrx_word' id='word_1_257' title='bbox 500 2264 710 2304; x_wconf 88' lang='lat' dir='ltr'>onerariae</span> <span class='ocrx_word' id='word_1_258' title='bbox 736 2279 863 2304; x_wconf 74' lang='lat' dir='ltr'>naves</span> <span class='ocrx_word' id='word_1_259' title='bbox 890 2264 931 2304; x_wconf 90' lang='grc'>111</span> <span class='ocrx_word' id='word_1_260' title='bbox 959 2264 1093 2304; x_wconf 84' lang='lat' dir='ltr'>sinum</span> <span class='ocrx_word' id='word_1_261' title='bbox 1120 2263 1307 2304; x_wconf 81' lang='lat' dir='ltr'>venirent</span> <span class='ocrx_word' id='word_1_262' title='bbox 1331 2264 1512 2305; x_wconf 83' lang='lat' dir='ltr'>Ambra-</span> 
     </span>
     <span class='ocr_line' id='line_1_35' title="bbox 158 2322 1510 2378; baseline 0.003 -16"><span class='ocrx_word' id='word_1_263' title='bbox 158 2322 284 2371; x_wconf 88' lang='lat' dir='ltr'>cium,</span> <span class='ocrx_word' id='word_1_264' title='bbox 321 2323 411 2377; x_wconf 89' lang='lat' dir='ltr'>ipse</span> <span class='ocrx_word' id='word_1_265' title='bbox 447 2339 693 2378; x_wconf 86' lang='lat' dir='ltr'>progressus</span> <span class='ocrx_word' id='word_1_266' title='bbox 730 2325 902 2366; x_wconf 87' lang='lat' dir='ltr'>modieis</span> <span class='ocrx_word' id='word_1_267' title='bbox 939 2325 1153 2365; x_wconf 88' lang='lat' dir='ltr'>itineribus</span> <span class='ocrx_word' id='word_1_268' title='bbox 1191 2333 1335 2378; x_wconf 90' lang='lat' dir='ltr'>quarto</span> <span class='ocrx_word' id='word_1_269' title='bbox 1368 2326 1433 2366; x_wconf 89' lang='lat' dir='ltr'>die</span> <span class='ocrx_word' id='word_1_270' title='bbox 1469 2327 1510 2366; x_wconf 90' lang='lat' dir='ltr'>in</span> 
     </span>
     <span class='ocr_line' id='line_1_36' title="bbox 156 2383 1554 2440; baseline 0.004 -17"><span class='ocrx_word' id='word_1_271' title='bbox 156 2392 295 2424; x_wconf 89' lang='lat' dir='ltr'>monte</span> <span class='ocrx_word' id='word_1_272' title='bbox 333 2383 523 2426; x_wconf 89' lang='lat' dir='ltr'>Cercetio</span> <span class='ocrx_word' id='word_1_273' title='bbox 559 2386 697 2440; x_wconf 89' lang='lat' dir='ltr'>posuit</span> <span class='ocrx_word' id='word_1_274' title='bbox 734 2394 885 2435; x_wconf 84' lang='lat' dir='ltr'>eastra,</span> <span class='ocrx_word' id='word_1_275' title='bbox 925 2387 1069 2427; x_wconf 88' lang='lat' dir='ltr'>eodem</span> <span class='ocrx_word' id='word_1_276' title='bbox 1105 2388 1380 2440; x_wconf 70' lang='lat' dir='ltr'>Amynandro</span> <span class='ocrx_word' id='word_1_277' title='bbox 1417 2402 1510 2428; x_wconf 88' lang='lat' dir='ltr'>cum</span> <span class='ocrx_word' id='word_1_278' title='bbox 1535 2399 1554 2429; x_wconf 85' lang='grc'>8</span> 
     </span>
     <span class='ocr_line' id='line_1_37' title="bbox 158 2445 1511 2503; baseline 0.003 -17"><span class='ocrx_word' id='word_1_279' title='bbox 158 2445 242 2486; x_wconf 88' lang='grc'>51115</span> <span class='ocrx_word' id='word_1_280' title='bbox 269 2446 431 2486; x_wconf 79' lang='lat' dir='ltr'>auxiliis</span> <span class='ocrx_word' id='word_1_281' title='bbox 455 2447 607 2495; x_wconf 86' lang='lat' dir='ltr'>adeito,</span> <span class='ocrx_word' id='word_1_282' title='bbox 646 2463 729 2487; x_wconf 89' lang='lat' dir='ltr'>non</span> <span class='ocrx_word' id='word_1_283' title='bbox 755 2456 839 2488; x_wconf 89' lang='lat' dir='ltr'>tam</span> <span class='ocrx_word' id='word_1_284' title='bbox 873 2448 1021 2488; x_wconf 73' lang='lat' dir='ltr'>virium</span> <span class='ocrx_word' id='word_1_285' title='bbox 1047 2448 1134 2489; x_wconf 90' lang='lat' dir='ltr'>eius</span> <span class='ocrx_word' id='word_1_286' title='bbox 1163 2464 1290 2503; x_wconf 85' lang='lat' dir='ltr'>egens</span> <span class='ocrx_word' id='word_1_287' title='bbox 1318 2464 1441 2502; x_wconf 90' lang='lat' dir='ltr'>quam</span> <span class='ocrx_word' id='word_1_288' title='bbox 1464 2458 1511 2490; x_wconf 90' lang='lat' dir='ltr'>ut</span> 
     </span>
     <span class='ocr_line' id='line_1_38' title="bbox 157 2508 1509 2566; baseline 0.003 -19"><span class='ocrx_word' id='word_1_289' title='bbox 157 2508 283 2548; x_wconf 91' lang='lat' dir='ltr'>duces</span> <span class='ocrx_word' id='word_1_290' title='bbox 303 2508 344 2547; x_wconf 93' lang='grc'>111</span> <span class='ocrx_word' id='word_1_291' title='bbox 359 2508 620 2548; x_wconf 87' lang='lat' dir='ltr'>Thessaliam</span> <span class='ocrx_word' id='word_1_292' title='bbox 642 2509 825 2550; x_wconf 88' lang='lat' dir='ltr'>haberet.</span> <span class='ocrx_word' id='word_1_293' title='bbox 875 2510 927 2550; x_wconf 89' lang='lat' dir='ltr'>ab</span> <span class='ocrx_word' id='word_1_294' title='bbox 953 2511 1099 2550; x_wconf 87' lang='lat' dir='ltr'>eodem</span> <span class='ocrx_word' id='word_1_295' title='bbox 1124 2511 1296 2551; x_wconf 86' lang='lat' dir='ltr'>consilio</span> <span class='ocrx_word' id='word_1_296' title='bbox 1322 2519 1361 2551; x_wconf 91' lang='lat' dir='ltr'>et</span> <span class='ocrx_word' id='word_1_297' title='bbox 1386 2511 1509 2566; x_wconf 89' lang='lat' dir='ltr'>pleri-</span> 
     </span>
     <span class='ocr_line' id='line_1_39' title="bbox 158 2569 1277 2626; baseline 0.004 -18"><span class='ocrx_word' id='word_1_298' title='bbox 158 2583 235 2622; x_wconf 92' lang='lat' dir='ltr'>que</span> <span class='ocrx_word' id='word_1_299' title='bbox 262 2569 528 2623; x_wconf 83' lang='lat' dir='ltr'>Epirotarum</span> <span class='ocrx_word' id='word_1_300' title='bbox 553 2570 770 2611; x_wconf 81' lang='lat' dir='ltr'>Voluntarii</span> <span class='ocrx_word' id='word_1_301' title='bbox 795 2571 901 2611; x_wconf 85' lang='lat' dir='ltr'>iuter</span> <span class='ocrx_word' id='word_1_302' title='bbox 929 2571 1080 2611; x_wconf 81' lang='lat' dir='ltr'>auxilia</span> <span class='ocrx_word' id='word_1_303' title='bbox 1106 2572 1277 2626; x_wconf 85' lang='lat' dir='ltr'>accepti.</span> 
     </span>
    </p>

    <p class='ocr_par' dir='ltr' id='par_1_5' title="bbox 243 2630 1544 2677">
     <span class='ocr_line' id='line_1_40' title="bbox 243 2630 1544 2677; baseline 0.005 -7"><span class='ocrx_word' id='word_1_304' title='bbox 243 2630 343 2673; x_wconf 86' lang='lat' dir='ltr'>XV.</span> <span class='ocrx_word' id='word_1_305' title='bbox 390 2631 575 2672; x_wconf 86' lang='lat' dir='ltr'>Primam</span> <span class='ocrx_word' id='word_1_306' title='bbox 610 2632 756 2673; x_wconf 88' lang='lat' dir='ltr'>urbem</span> <span class='ocrx_word' id='word_1_307' title='bbox 784 2632 1030 2674; x_wconf 84' lang='lat' dir='ltr'>Thessaliae</span> <span class='ocrx_word' id='word_1_308' title='bbox 1060 2633 1298 2674; x_wconf 88' lang='lat' dir='ltr'>Phaloriam</span> <span class='ocrx_word' id='word_1_309' title='bbox 1334 2640 1397 2674; x_wconf 86' lang='lat' dir='ltr'>est</span> <span class='ocrx_word' id='word_1_310' title='bbox 1434 2633 1504 2674; x_wconf 85' lang='lat' dir='ltr'>ad-</span> <span class='ocrx_word' id='word_1_311' title='bbox 1531 2647 1544 2677; x_wconf 88' lang='lat'>1</span> 
     </span>
    </p>
   </div>
  </div>
 </body>
</html>
