1799 2900
263 110 346 152 208
551 115 705 150 LIBER
730 115 895 159 xxxv,
922 114 1067 149 38-40.
1095 115 1334 160 [a.u.e.562]

202 237 240 267 10
268 223 319 263 ab
345 219 545 262 Romanis
578 218 719 259 venire
751 232 862 259 sese:
901 218 1179 272 splendidiore
1215 232 1325 258 nunc
1356 233 1426 259 eos
1459 225 1618 268 catena,

265 284 338 324 sed
364 282 493 322 multo
525 280 715 335 graviore
748 280 908 320 vinctos
941 294 1053 330 esse,
1086 294 1208 333 quam
1243 294 1335 320 cum
1366 279 1619 334 praesidium

263 345 547 386 Macedonum
572 344 615 383 in
640 357 733 383 arce
759 342 1016 383 habuissent.
1078 357 1121 383 se
1149 358 1246 383 vero
1271 358 1425 397 negare
1453 342 1621 384 Chalci-

265 408 414 447 denses
453 413 524 446 aut
561 405 716 446 servire
752 404 825 445 ulli
862 412 931 445 aut
967 405 1174 459 praesidio
1207 405 1450 458 cuiusquam
1483 420 1618 460 egere.

201 485 233 514 11
264 470 321 510 ita
347 468 525 523 digressi
551 482 603 508 ex
628 467 846 520 conloquio
867 466 992 522 legati
1019 467 1072 507 ad
1097 482 1213 516 suos3
1240 467 1383 508 Thoas
1410 477 1449 508 et
1464 467 1619 515 Aetoli,

263 540 305 572 ut
333 531 402 584 qui
434 545 549 585 spem
584 544 748 570 omnem
780 529 821 569 in
847 544 895 570 eo
926 537 972 570 ut
1001 529 1212 584 inproviso
1238 529 1517 584 obprimerent
1548 529 1621 569 ha-

199 606 234 636 12
264 594 464 641 buissent,
492 592 544 632 ad
569 592 722 632 iustum
748 591 902 632 bellum
923 591 1358 646 obpugnationemque
1378 591 1491 631 urbis
1518 590 1621 631 mari

263 670 309 696 ac
348 663 455 696 terra
494 654 677 694 munitae
714 653 1038 706 haudquaquam
1082 668 1203 707 pares
1243 653 1411 692 domum
1446 653 1619 693 rediere.

201 732 238 761 13
266 717 546 770 Euthymidas
582 724 804 770 postquam
845 723 979 755 castra
1022 715 1285 770 popularium
1321 715 1373 754 ad
1411 713 1622 768 Salganea

263 796 356 822 esse
382 779 675 834 profectosque
691 778 868 819 Aetolos
895 778 1065 827 audivit,
1092 785 1133 817 et
1157 777 1247 831 ipse
1273 791 1296 816 a
1316 776 1473 816 Thebis
1488 776 1623 817 Athe—

198 856 236 885 14
263 859 337 883 nas
363 842 502 892 rediit3
532 850 572 882 et
585 841 831 882 Herodorus
859 855 951 880 cum
977 856 1050 895 per
1070 839 1227 892 aliquot
1253 839 1340 879 dies
1366 839 1549 879 intentus
1570 839 1622 879 ab

264 905 462 945 Atalante
489 905 656 959 signum
680 903 934 956 nequiquam
955 909 1254 957 exspectasset,
1280 901 1409 941 missa
1435 900 1623 956 specula-

262 967 367 1009 toria
404 982 529 1015 nave,
568 973 611 1006 ut
646 966 745 1019 quid
781 980 922 1006 morae
953 974 1065 1006 esset
1099 965 1240 1013 sciret,
1277 971 1500 1019 postquam
1534 978 1623 1004 rem

264 1030 461 1070 omissam
482 1030 532 1069 ab
560 1028 681 1069 sociis
709 1028 824 1076 vidit,
852 1027 1096 1076 Thronium,
1118 1027 1228 1067 unde
1250 1034 1438 1074 venerat,
1460 1026 1621 1080 repetit.

220 1104 234 1132 1
347 1091 643 1133 XXXVIIII.
684 1090 904 1141 Quinctius
921 1104 1084 1142 quoque
1105 1089 1169 1129 his
1185 1088 1335 1128 auditis
1352 1088 1403 1128 ab
1421 1086 1622 1128 Corintho

263 1153 433 1193 veniens
459 1153 650 1200 navibus,
676 1152 719 1192 111
735 1152 948 1193 Chalcidis
970 1152 1130 1205 Euripo
1151 1150 1333 1190 Eumeni
1358 1149 1448 1203 regi
1473 1150 1622 1189 obcur-

218 1228 236 1256 2
262 1215 327 1256 rit.
387 1215 542 1269 placuit
574 1214 823 1268 quingentos
860 1213 1012 1253 milites
1049 1212 1246 1267 praesidii
1283 1226 1409 1252 causa
1438 1211 1623 1264 ,relinqui

219 1289 237 1317 3
265 1276 466 1318 Chalcide
493 1277 543 1317 ab
557 1277 746 1316 Eumene
772 1290 883 1330 rege,
910 1275 1047 1329 ipsum
1063 1274 1254 1315 Athenas
1280 1274 1351 1314 ire.
1385 1273 1621 1324 Quinctius,

265 1354 345 1392 quo
371 1339 581 1394 profectus
615 1346 719 1386 erat,
746 1337 1060 1378 Demetriadem
1093 1337 1322 1385 contendit,
1353 1344 1467 1376 ratus
1495 1335 1622 1376 Chal-

265 1401 398 1441 cidem
423 1401 640 1441 liberatam
671 1400 870 1440 momenti
903 1399 1059 1452 aliquid
1093 1399 1204 1453 apud
1228 1399 1455 1452 hlagnetas
1482 1398 1534 1437 ad
1558 1412 1623 1438 re-

219 1476 238 1503 4
262 1463 486 1517 petendam
512 1462 752 1502 societatem
776 1461 1012 1502 Romanam
1038 1461 1255 1500 facturam.
1293 1466 1334 1499 et
1356 1466 1403 1499 ut
1426 1459 1622 1513 praesidii

263 1524 418 1577 aliquid
456 1531 565 1564 esset
605 1539 704 1564 suae
748 1523 876 1577 partis
916 1522 1172 1570 hominibus,
1209 1522 1404 1561 Eunomo
1442 1521 1622 1575 praetori

262 1586 562 1627 Thessalorum
590 1586 775 1640 scripsit,
807 1593 852 1625 ut
880 1592 1057 1625 armaret
1082 1584 1357 1631 iuventutem,
1385 1591 1425 1624 et
1448 1583 1622 1625 Villium

264 1649 317 1689 ad
340 1648 656 1689 Demetriadem
686 1647 900 1702 praemisit
935 1647 987 1687 ad
1025 1646 1289 1700 temptandos
1322 1645 1502 1695 animos,
1539 1661 1620 1687 non

264 1710 400 1759 aliter,
435 1711 515 1750 nisi
545 1725 641 1765 pars
669 1710 807 1763 aliqua
830 1709 1048 1750 inclinaret
1074 1709 1126 1748 ad
1156 1716 1394 1762 respectum
1423 1707 1622 1762 pristinae

219 1786 237 1814 5
265 1772 488 1820 societatis,
515 1787 602 1812 rem
628 1772 919 1825 adgressurus.
957 1771 1110 1813 Villius
1134 1769 1421 1823 quinqueremi
1441 1784 1547 1810 nave
1570 1769 1623 1810 ad

264 1835 416 1875 ostium
438 1842 581 1888 portus
604 1842 665 1874 est
685 1834 887 1874 invectus.
927 1849 976 1874 eo
991 1833 1209 1873 multitudo
1224 1832 1473 1886 Magnetum
1487 1832 1621 1873 omnis

263 1911 356 1937 011111
383 1911 427 1937 50
454 1896 689 1945 effudisset,
717 1895 921 1949 quaesivit
948 1895 1121 1944 Villius,
1148 1903 1285 1934 utrum
1311 1894 1363 1934 ad
1389 1894 1543 1934 amicos
1570 1909 1622 1934 an

218 1972 235 2001 6
263 1959 315 1999 ad
341 1958 472 1999 hostis
501 1973 593 1999 sese
619 1958 785 1998 venisse
810 1958 993 1998 mallent.
1053 1957 1269 2011 respondit
1291 1956 1620 2010 Magnetarches

260 2020 539 2075 Eurylochus,
567 2020 619 2060 ad
638 2020 793 2061 amicos
815 2019 981 2060 venisse
1003 2034 1116 2060 eum:
1144 2019 1218 2059 sed
1241 2018 1466 2059 abstineret
1485 2026 1621 2073 portu,

262 2091 303 2123 et⁴
333 2083 485 2123 sineret
515 2083 740 2137 Magnetas
772 2082 814 2122 in
847 2082 1066 2122 concordia
1097 2088 1138 2121 ct
1175 2081 1363 2121 libertate
1396 2095 1508 2129 esse,
1546 2095 1622 2121 nec

219 2159 235 2187 7
262 2161 335 2200 1101·
355 2145 562 2198 conloquii
590 2145 771 2200 speciem
790 2144 1096 2184 multitudinem
1124 2143 1375 2184 sollicitaret.
1409 2143 1621 2185 altercatio

261 2207 370 2256 inde,
396 2223 479 2248 non
500 2222 634 2248 sermo
656 2207 745 2256 fuit,
773 2221 867 2247 cum
882 2207 1097 2247 Romanus
1118 2213 1163 2246 ut
1183 2205 1368 2260 ingratos
1389 2205 1623 2260 increparet

261 2268 486 2323 Magnetas
530 2269 853 2322 inminentisque
901 2268 1159 2323 praediceret
1200 2268 1359 2316 clades,
1401 2267 1621 2308 multitudo

264 2332 522 2385 obstreperet.
541 2346 650 2371 nunc
672 2339 874 2380 senatum,
895 2346 1006 2371 nunc
1020 2330 1263 2382 Quinctium
1279 2330 1527 2370 accusando.
1565 2329 1622 2370 ita

219 2403 238 2433 8
264 2392 375 2433 irrito
402 2393 566 2447 incepto
580 2394 733 2436 Villius
760 2395 812 2434 ad
828 2393 1071 2445 Quinctium
1098 2407 1189 2433 sese
1215 2392 1384 2447 recepit.
1423 2399 1463 2432 at
1489 2391 1622 2443 Quin-

264 2457 368 2496 ctius
406 2458 549 2498 nuntio
589 2458 641 2498 ad
678 2466 911 2512 praetorem
948 2458 1096 2506 misso,
1129 2464 1174 2497 ut
1205 2456 1421 2496 reduceret
1453 2455 1621 2495 domum

267 2518 420 2572 copias,
448 2519 535 2572 ipse
561 2520 737 2560 navibus
766 2519 1013 2561 Corinthum
1040 2519 1173 2559 rediit.

226 2591 237 2623 t
348 2579 556 2620 XXXX.
599 2582 823 2622 Abstulere
850 2597 916 2622 me
944 2582 1053 2622 velut
1081 2581 1131 2621 de
1165 2580 1298 2635 spatio
1326 2578 1528 2620 Graeciae
1552 2592 1618 2619 res
