1799 2900
507 134 661 169 LIBER
686 135 870 179 XXXVI,
896 136 950 169 40.
971 135 1027 169 41.
1057 137 1105 179 [a.
1121 133 1255 179 c.191]
1481 122 1563 165 253

214 240 255 281 in
279 238 492 294 provincia
517 239 722 279 neminem
748 239 999 292 reliquisset,
1036 239 1216 280 Romam
1241 237 1398 279 venerit
1423 237 1475 277 ad
1500 251 1567 278 ce-

213 301 456 342 lebrandum
483 300 663 341 consulis
691 301 968 355 triumphum?
1005 315 1178 353 quorum
1198 299 1372 339 militum
1398 298 1432 340 si
1457 306 1498 340 et
1520 299 1562 339 in
1589 314 1606 342 7

214 364 293 404 alia
316 363 531 418 provincia
556 377 682 418 opera
707 363 766 402 uti
793 371 959 403 senatus
985 362 1101 411 velit,
1134 369 1225 402 utro
1250 362 1416 402 tandem
1442 361 1564 402 modo

211 425 485 480 promptiores
512 424 564 465 ad
589 424 699 464 aliud
724 425 950 479 periculum
975 438 1209 477 novumque
1233 424 1416 465 laborem
1435 425 1564 465 ituros

213 487 371 536 eredat,
411 486 445 527 si
469 487 679 542 persoluta
705 487 762 528 eis
791 487 877 528 sine
904 487 1197 528 detractatione
1222 487 1368 542 prioris
1394 487 1566 542 periculi

212 549 447 602 laborisque
472 562 630 590 merces
658 549 727 597 sit,
767 565 819 589 an
845 549 877 589 si
904 565 1020 604 spem
1045 565 1118 604 pro
1148 564 1192 590 re
1224 549 1403 590 ferentes
1431 549 1566 589 dimit-

212 618 301 652 tant
323 611 407 651 iam
434 611 562 651 semel
587 611 628 651 in
653 611 785 665 prima
817 626 889 665 spe
921 611 1142 666 deceptos?
1178 626 1274 651 nam
1306 611 1416 664 quod
1442 611 1495 651 ad
1520 626 1564 652 se
1589 619 1609 650 8

213 673 412 721 adfflneat,
442 672 520 713 sibi
544 673 699 727 gloriae
724 673 766 712 in
792 688 955 714 omnem
981 673 1108 713 vitam
1133 673 1201 713 illo
1228 673 1292 713 die
1320 672 1418 714 satis
1440 687 1565 725 quae-

214 734 338 775 situm
377 749 486 781 esse,
526 748 605 787 quo
639 749 682 775 sc
713 735 846 774 virum
878 734 1078 789 optimum
1113 734 1336 775 iudicatum
1370 735 1422 774 ad
1458 734 1565 774 acci-

211 797 406 852 piendam
442 805 615 836 matrem
647 797 816 837 Idaeam
853 796 1034 837 misisset
1070 804 1251 837 senatus.
1318 796 1396 837 hoc
1433 796 1563 845 titulo,
1591 808 1608 838 9

212 858 289 899 etsi
309 872 385 898 nec
406 858 643 898 consulatus
664 872 741 899 nec
762 858 992 912 triumphus
1014 859 1200 907 addatur,
1228 859 1327 899 satis
1348 858 1566 899 honestam

212 921 537 973 honoratamque
561 920 611 960 P.
640 918 846 974 Scipionis
871 920 1046 960 Nasicae
1072 921 1295 975 imaginem
1320 921 1421 961 fore.
1474 919 1566 960 uni-
1594 931 1632 961 10

212 997 356 1023 versus
379 990 545 1022 senatus
566 996 648 1021 non
669 982 758 1035 ipse
777 981 899 1021 modo
921 982 973 1021 ad
993 982 1297 1022 decernendum
1312 982 1565 1036 triumphum

212 1044 438 1092 consensit,
466 1044 539 1084 sed
565 1043 687 1083 etiarn
706 1043 914 1082 tribunum
940 1043 1073 1097 plebis
1096 1043 1336 1084 auctoritate
1359 1058 1433 1083 sua
1453 1057 1564 1083 com-

210 1107 313 1161 pulit
338 1107 391 1146 ad
420 1105 708 1146 remittendam
741 1104 1092 1145 intercessionem.
1141 1105 1190 1146 P.
1222 1104 1440 1146 Cornelius
1468 1120 1564 1146 con-
1593 1117 1628 1146 11

211 1167 274 1207 5111
307 1166 572 1221 triumphavit
604 1167 654 1206 dc
684 1167 800 1207 Bois.
865 1167 908 1206 in
939 1181 987 1207 eo
1025 1166 1232 1220 triumpho
1266 1166 1438 1207 Gallicis
1477 1182 1565 1208 car-

209 1229 343 1283 pentis
370 1243 483 1268 arma
514 1227 717 1281 signaque
750 1236 789 1268 et
816 1228 948 1282 spolia
972 1229 1105 1269 omnis
1132 1228 1295 1282 generis
1323 1229 1499 1269 travexit
1524 1239 1565 1270 et

209 1305 310 1331 vasa
341 1305 468 1331 aenea
501 1289 681 1338 Gallica,
720 1298 758 1330 et
791 1304 884 1331 cum
917 1290 1090 1345 captivis
1122 1291 1329 1332 nobilibus
1365 1306 1563 1344 equorum

207 1366 371 1406 quoque
398 1359 611 1406 captorum
636 1366 808 1406 gregem
833 1352 1026 1393 traduxit.
1065 1367 1211 1393 aureos
1238 1360 1404 1406 torques
1431 1360 1564 1393 trans·
1592 1363 1630 1393 12

206 1413 300 1454 tulit
324 1413 434 1454 mille
461 1413 784 1467 quadringentos
818 1414 1082 1469 septuaginta
1110 1429 1257 1463 unum,
1297 1415 1348 1455 ad
1373 1414 1450 1455 hoc
1477 1415 1565 1455 auri

208 1475 346 1530 pondo
373 1476 550 1515 ducenta
575 1476 850 1530 quadraginta
877 1484 1055 1530 septem,
1095 1477 1254 1531 argenti
1279 1476 1421 1517 infecti
1446 1477 1565 1517 facti-

209 1551 287 1589 que
314 1536 355 1576 in
381 1536 553 1577 Gallicis
580 1538 712 1586 vasis,
750 1553 833 1578 non
865 1537 1025 1578 infabre
1059 1552 1133 1578 suo
1165 1553 1278 1579 more
1303 1538 1443 1587 factis,
1481 1538 1563 1579 duo

208 1597 320 1638 milia
346 1606 529 1638 trecenta
554 1599 827 1653 quadraginta
853 1600 1009 1654 pondo,
1041 1599 1276 1654 bigatorum
1300 1615 1563 1640 nummorum

209 1659 385 1700 ducenta
421 1659 589 1714 triginta
626 1669 830 1712 quattuor.
902 1661 1099 1701 militibus
1138 1661 1208 1714 qui
1238 1675 1402 1701 currum
1433 1660 1563 1701 secuti
1590 1673 1630 1703 13

210 1727 305 1760 sunt
336 1728 531 1761 centenos
564 1721 730 1762 vicenos
763 1721 910 1775 quinos
945 1737 1060 1763 asses
1094 1722 1251 1771 divisit,
1289 1722 1442 1777 duplex
1467 1737 1562 1763 cen-

208 1782 375 1830 turioni,
408 1783 555 1838 triplex
583 1783 721 1836 equiti.
782 1791 951 1838 postero
977 1784 1042 1824 die
1070 1785 1259 1824 contione
1286 1784 1486 1825 advocata
1511 1784 1562 1824 dc
1590 1795 1630 1825 14

207 1844 330 1884 rebus
357 1845 409 1884 ab
436 1859 479 1885 se
505 1845 634 1898 gestis
662 1852 700 1885 et
727 1845 776 1885 de
802 1845 950 1885 iniuria
970 1845 1121 1885 tribuni
1148 1845 1255 1886 bello
1283 1845 1415 1886 alieno
1437 1860 1481 1886 50
1500 1845 1563 1885 in-

207 1905 393 1960 ligantis‚
430 1914 476 1946 ut
501 1921 600 1947 suae
633 1907 826 1947 victoriae
858 1907 993 1947 fructu
1025 1922 1068 1947 se
1094 1907 1321 1956 fraudaret,
1360 1921 1453 1948 cum
1478 1907 1562 1948 dis-

208 1967 424 2015 seruisset,
450 1968 601 2009 milites
629 1977 916 2009 exauctoratos
943 1969 1109 2009 dimisit.

290 2029 524 2071 XXXXI.
584 2030 700 2070 Dum
725 2030 827 2071 haec
852 2031 893 2070 in
918 2031 1038 2071 Italia
1070 2038 1287 2085 geruntur,
1324 2030 1559 2071 Antiochus
1589 2043 1602 2071 1

206 2091 365 2145 Ephesi
386 2106 554 2132 securus
576 2093 798 2133 admodum
825 2093 874 2133 de
902 2093 1008 2133 bello
1028 2093 1219 2134 Romano
1241 2100 1328 2133 erat
1349 2100 1560 2146 tamquam

206 2167 288 2192 non
314 2153 545 2193 transituris
572 2154 613 2194 in
637 2154 786 2194 Asiam
811 2154 1026 2195 Romanis.
1083 2169 1207 2207 quam
1234 2155 1496 2195 securitatem
1522 2155 1559 2196 ei

206 2229 357 2267 magna
387 2230 483 2268 pars
516 2215 739 2255 amicorum
771 2224 839 2256 aut
875 2231 949 2270 per
985 2230 1165 2256 errorem
1197 2223 1267 2256 aut
1303 2216 1560 2257 adsentando

206 2275 397 2316 faciebat.
456 2277 669 2316 Hannibal
694 2292 818 2324 unus,
858 2277 972 2317 cuius
1001 2292 1048 2318 eo
1075 2285 1258 2331 tempore
1284 2278 1349 2318 vel
1381 2278 1560 2318 maxima

207 2337 316 2391 apud
340 2352 480 2391 regem
508 2338 727 2378 auctoritas
755 2346 859 2385 erat,
886 2339 1018 2392 magis
1041 2340 1181 2379 mirari
1205 2355 1247 2380 se
1275 2340 1421 2389 aiebat,
1450 2341 1560 2393 quod

206 2414 285 2438 non
323 2398 405 2439 iam
442 2399 482 2438 in
508 2399 615 2439 Asia
645 2410 783 2440 essent
814 2400 1010 2448 Romani,
1061 2415 1183 2454 quam
1215 2410 1409 2442 venturos
1443 2402 1561 2442 dubi-

207 2468 310 2500 tare:
336 2461 504 2515 propius
531 2476 623 2501 esse
649 2476 699 2501 cx
722 2460 899 2502 Graecia
922 2462 963 2502 in
977 2463 1126 2503 Asiam
1152 2478 1275 2516 quam
1301 2479 1350 2504 ex
1372 2464 1492 2505 Italia
1516 2464 1559 2504 iu
1583 2473 1602 2502 3

207 2521 427 2562 Graeciam
458 2522 628 2563 traicere
659 2531 700 2564 et
730 2523 858 2564 multo
883 2524 1079 2565 maiorem
1111 2539 1279 2566 causam
1303 2526 1557 2568 Antiochum

206 2598 330 2637 quam
355 2583 529 2625 Aetolos
557 2599 662 2626 csse.
716 2598 849 2638 neque
875 2585 984 2626 enim
1009 2587 1112 2627 mari
1139 2587 1274 2629 minus
1301 2602 1424 2642 quam
1450 2597 1558 2630 terra

1586 2286 1604 2314 [Ο
