1799 2900
274 160 352 199 106
596 163 747 197 Lama
771 162 957 207 xxxm,
983 163 1037 197 28.
1066 165 1113 207 [a.
1130 175 1163 197 u.
1180 174 1208 198 ο.
1224 163 1306 207 558]

267 276 542 310 reverteretur
574 267 743 307 domum
777 266 1026 307 temulentus
1058 266 1405 321 prosequentibus
1432 267 1624 308 mollibus

223 346 241 375 3
268 331 379 379 viris,
407 330 476 383 qui
500 329 580 370 ioci
606 343 732 369 causa
758 328 948 368 convivio
973 328 1125 369 celebri
1150 328 1440 378 interfuerant,
1473 330 1524 370 ab
1553 344 1625 370 sex

268 392 455 440 armatis,
494 405 669 444 quorum
696 398 778 430 tres
805 389 958 438 Italici,
997 397 1080 430 tres
1106 390 1248 431 Aetoli
1279 398 1414 438 erant,
1453 391 1626 431 eircum-

267 461 414 493 ventus
442 452 654 494 occiditur.
716 452 818 505 fuga
842 452 1040 492 comitum
1066 459 1107 492 et
1131 451 1339 504 quiritatio
1364 452 1475 492 facta
1499 461 1539 493 et.
1564 462 1626 493 tu-

266 515 418 555 multus
456 529 529 569 per
567 522 695 555 totam
732 514 875 553 urbem
914 513 1232 553 discurrentium
1263 527 1357 553 cum
1387 514 1625 554 luminibus.

220 591 240 619 4
265 591 532 631 percussores
560 576 750 630 proxima
775 583 894 630 porta
920 584 1154 616 evaserunt.
1215 575 1305 615 luce
1331 575 1464 630 prima
1489 576 1626 617 contio

265 639 460 691 frequens
488 638 600 678 velut
626 653 677 678 ex
704 646 798 678 ante
824 637 978 677 indicto
1005 645 1074 677 aut
1105 651 1206 678 voce
1231 637 1448 690 praeconis
1475 651 1627 678 convo-

222 715 239 741 .·›
266 708 358 740 eata
383 700 425 739 in
451 700 612 740 theatro
639 706 738 739 erat.
800 699 938 753 palam
965 699 1016 739 ab
1043 714 1118 739 suo
1145 699 1342 739 comitatu
1368 707 1408 739 et
1433 699 1626 739 obscenis

264 763 344 802 illis
378 762 476 802 viris
509 762 741 802 fremebant
771 761 1056 809 interfectum,
1095 760 1242 800 animis
1275 768 1413 800 autem
1447 761 1627 815 Zeuxip-

221 838 238 866 o·
265 839 363 879 pum
389 832 600 865 auctorem
627 823 892 864 destinabant
924 823 1076 863 caedis.
1137 822 1179 861 in
1210 822 1445 876 praesentia
1474 822 1626 876 placuit

266 885 563 940 comprehendi
593 901 664 926 eos
698 885 768 938 qui
806 885 928 925 simul
965 884 1144 924 fuissent
1175 884 1546 937 quaestionemque
1577 898 1628 924 ex

222 962 236 989 7
266 948 328 988 his
361 948 517 989 haberi.
579 948 649 1000 qui
681 948 778 987 dum
812 954 1083 1000 quaeruntur,
1123 946 1385 1000 Zeuxippus,
1423 945 1629 987 constanti

265 1011 402 1051 animo
432 1010 645 1051 avertendi
672 1011 724 1050 ab
751 1025 795 1050 se
821 1009 1004 1049 criminis
1037 1022 1164 1048 causa
1194 1008 1237 1048 in
1268 1008 1503 1049 contionem
1534 1023 1629 1063 pro-

265 1088 455 1126 gressus,
495 1087 631 1112 errare
669 1073 726 1111 ait
760 1072 970 1119 homines,
1009 1071 1079 1123 qui
1116 1078 1200 1111 tam
1238 1078 1420 1111 atrocem
1457 1070 1628 1111 caedem

221 1146 239 1175 8
265 1134 471 1188 pertinere
496 1134 550 1173 ad
574 1134 665 1174 illos
701 1134 916 1174 semiviros
949 1134 1182 1181 crederent,
1220 1132 1432 1185 multaque
1463 1133 1506 1173 in
1537 1147 1628 1173 eam

266 1204 426 1249 partem
447 1196 715 1249 probabiliter
736 1202 1049 1249 argumentatus
1072 1194 1220 1247 quibus
1240 1195 1365 1234 fidem
1385 1202 1486 1248 aput
1505 1208 1629 1247 quos-

267 1258 363 1297 dam
388 1257 498 1305 fecit,
525 1272 764 1310 numquam,
792 1257 826 1297 si
853 1257 931 1297 sibi
957 1256 1147 1297 conscius
1171 1263 1295 1303 esset,
1322 1256 1558 1295 oblaturum
1584 1270 1628 1296 sc

267 1319 519 1359 multitudini
566 1319 872 1360 mentionemve
922 1319 1008 1359 eius
1059 1318 1196 1358 caedis
1240 1318 1353 1358 nullo
1395 1318 1628 1359 lacessente

224 1394 241 1423 9
268 1382 475 1421 facturum
506 1381 649 1422 fuisse.
717 1381 785 1421 alii
822 1396 905 1421 non
938 1380 1145 1428 dubitare,
1183 1379 1431 1434 inpudenter
1463 1381 1630 1421 obviam

267 1444 426 1484 crimini
459 1444 594 1484 eundo
634 1443 907 1497 suspitionem
945 1442 1086 1483 averti.
1149 1444 1245 1483 torti
1279 1450 1376 1496 post
1411 1443 1535 1497 paulo
1568 1443 1630 1483 in-

267 1513 422 1553 sontes,
446 1520 540 1545 cum
561 1505 713 1545 seirent
734 1505 814 1558 ipsi
835 1504 948 1551 nihil,
971 1504 1163 1558 opinione
1184 1504 1368 1544 omnium
1388 1519 1462 1558 pro
1478 1504 1628 1545 indicio

268 1568 531 1621 Zeuxippum
551 1576 591 1607 et,
604 1567 870 1607 Pisistratum
892 1566 1211 1606 nominaverunt
1230 1565 1342 1605 nullo
1363 1566 1537 1615 adiecto,
1558 1579 1630 1606 cur

204 1640 241 1668 10
268 1630 372 1670 scire
393 1629 615 1682 quicquam
637 1629 886 1675 viderentur,
913 1636 1172 1681 argumento.
1224 1627 1465 1681 Zeuxippus
1490 1635 1629 1668 tamen

267 1706 359 1731 cum
388 1690 630 1731 Stratonida
656 1690 836 1743 quodam
861 1698 982 1729 noete
1008 1689 1192 1743 perfugit
1217 1689 1476 1743 Tanagram,
1511 1705 1629 1730 suam

266 1753 400 1807 magis
433 1752 731 1793 conscientiam
763 1767 886 1805 quam
919 1751 1119 1791 indicium
1150 1750 1366 1791 hominum
1391 1750 1544 1791 nullius
1570 1750 1629 1791 rei

202 1827 236 1854 11
267 1815 529 1855 consciorum
553 1824 758 1854 metuens.
796 1814 1043 1854 Pisistratus
1072 1813 1220 1868 spretis
1247 1812 1453 1853 indicibus
1469 1812 1628 1853 Thebis

264 1877 430 1917 mansit.
494 1892 639 1917 servus
668 1884 755 1917 erat
781 1876 1006 1930 Zeuxippi,
1035 1876 1160 1916 totius
1187 1875 1463 1915 internuntius
1490 1883 1528 1915 et
1553 1875 1630 1914 mi-

265 1941 394 1980 nister
418 1940 491 1987 rei,
519 1954 641 1992 quem
661 1940 841 1979 indicem
860 1939 1106 1979 Pisistratus
1129 1938 1278 1978 timens
1301 1952 1349 1978 eo
1370 1937 1462 1992 ipso
1483 1937 1628 1979 timore

266 2003 318 2043 ad
347 2002 547 2042 indicium
578 2002 794 2056 protraxit.
855 2001 1012 2041 litteras
1039 2000 1093 2040 ad
1119 1999 1383 2053 Zeuxippum
1409 1999 1551 2048 mittit,
1584 2006 1628 2039 ut

201 2080 239 2108 12
267 2080 433 2105 servum
460 2064 672 2104 conscium
699 2063 878 2104 tolleret:
905 2078 987 2103 non
1008 2071 1093 2103 tam
1112 2062 1308 2102 idoneum
1334 2062 1387 2101 ad
1413 2061 1629 2101 celandam

265 2142 352 2166 rem
383 2141 477 2166 eum
509 2126 639 2165 videri
671 2125 751 2166 sibi
783 2140 905 2177 quam
939 2125 991 2165 ad
1023 2124 1230 2177 agendam
1260 2123 1396 2163 fuerit.
1457 2123 1532 2164 has
1559 2123 1629 2176 qui

201 2202 239 2230 13
266 2189 415 2229 tulerat
441 2188 598 2228 litteras
624 2188 762 2228 iussus
790 2186 1007 2241 Zeuxippo
1035 2187 1132 2226 dare
1159 2200 1283 2238 quam
1309 2185 1506 2239 primum,
1533 2185 1629 2238 quia

266 2266 349 2291 non
387 2250 525 2291 statim
564 2249 837 2290 conveniendi
874 2249 961 2289 eius
1000 2248 1118 2302 copia
1154 2248 1250 2295 fuit,
1294 2247 1354 2287 illi
1388 2247 1470 2302 ipsi
1508 2262 1628 2288 servo

266 2326 389 2364 quem
420 2327 472 2352 ex
504 2313 694 2352 omnibus
728 2312 895 2351 domino
927 2310 1176 2351 fidissimum
1208 2310 1404 2350 credebat
1434 2310 1559 2350 tradit
1589 2317 1627 2350 et

267 2374 409 2421 adicit,
454 2389 477 2413 a
513 2374 735 2414 Pisistrato
773 2374 823 2413 de
866 2388 910 2413 re
953 2388 1106 2427 magno
1145 2386 1268 2426 opere
1306 2372 1538 2425 pertinente
1576 2371 1626 2411 ad

203 2448 240 2475 11
269 2435 530 2489 Zeuxippum
556 2451 661 2476 esse.
723 2435 977 2475 conscientia
1001 2435 1121 2483 ictus,
1149 2448 1242 2474 cum
1268 2433 1477 2488 extemplo
1503 2433 1628 2473 tradi-

270 2504 404 2535 turum
430 2511 499 2536 eas
527 2498 801 2545 adfirmasset,
829 2497 960 2551 aperit
985 2496 1261 2551 perlectisque
1282 2495 1428 2535 litteris
1449 2495 1625 2549 pavidus

267 2557 434 2597 Thebas
478 2558 631 2611 refugit
674 2568 714 2600 et
752 2559 805 2599 ad
839 2560 1109 2613 magistratus
1146 2557 1343 2598 indicium
1381 2557 1526 2597 defert.
1586 2563 1625 2596 et

269 2617 509 2671 Zeuxippus
548 2620 713 2671 quidem
751 2620 852 2674 fuga
889 2620 997 2661 servi
1034 2627 1170 2660 motus
1208 2618 1524 2665 Anthedonem,
1560 2623 1624 2656 tu-
