1799 2900
466 196 621 230 LIBER
646 195 817 240 XXXII,
846 196 957 231 17—3.
985 198 1034 240 [a.
1051 194 1183 238 e.199]
1447 183 1499 224 47

151 317 243 344 eum
269 300 394 342 ternis
419 299 597 355 pedibus
622 306 742 340 natos
769 314 874 340 esse.
925 316 949 341 a
972 300 1021 340 P.
1045 297 1230 353 Sulpicio
1255 296 1502 352 proconsule

150 380 201 405 ex
236 362 488 403 Macedonia
529 361 689 402 litterae
728 362 910 412 adlatae,
960 362 1002 402 in
1039 362 1188 415 quibus
1225 360 1331 401 inter
1368 366 1504 400 cetera

151 425 348 480 seriptum
386 431 490 472 erat,
528 424 713 464 lauream
749 424 791 463 in
828 424 957 479 puppi
994 424 1111 465 navis
1143 423 1293 478 longae
1325 429 1502 463 enatam.

148 487 330 543 priorum
366 486 650 541 prodigiorum
688 501 814 527 causa
851 494 1018 528 senatus
1056 493 1293 534 censuerat,
1330 492 1374 524 ut
1408 498 1505 524 eon-

151 550 260 591 sules
286 549 509 589 maioribus
542 548 708 597 hostiis,
746 549 893 602 quibus
927 549 1003 589 diis
1038 549 1261 596 videretur,
1301 546 1505 588 sacrifica—

148 619 239 652 rent
249 628 258 660 3
292 611 344 652 ob
371 611 448 652 hoc
473 626 601 651 unum
625 611 860 665 prodigium
886 611 1126 666 haruspices
1152 610 1195 651 in
1221 617 1409 650 senatum
1436 623 1504 649 vo-

149 673 229 713 cati
255 680 377 726 atque
404 688 455 713 ex
480 688 681 727 responso
708 688 851 713 eorum
883 672 1128 728 supplicatio
1153 671 1306 726 populo
1332 670 1373 711 in
1399 669 1507 710 diem

148 750 277 774 unum
302 734 435 775 edicta
461 741 501 774 et
526 735 579 774 ad
605 735 743 775 omnia
768 735 1001 789 pulvinaria
1024 750 1090 775 res
1117 734 1280 774 divinae
1306 733 1453 773 factae.

232 796 291 836 Π.
337 794 707 849 Carthaginienses
735 812 782 837 eo
809 812 918 837 anno
945 804 1164 850 argentum
1188 795 1230 835 in
1256 792 1506 849 stipendium

148 857 374 912 inpositum
399 857 578 912 primum
606 858 785 899 Romam
812 859 1081 899 advexerunt.
1141 858 1183 897 id
1209 856 1305 910 quia
1329 856 1505 911 probum

150 936 233 961 non
258 935 351 961 esse
383 928 622 973 quaestores
643 922 979 962 renuntiaverant
999 920 1390 975 experientibusque
1411 933 1507 972 pars

150 990 296 1035 quarta
322 982 493 1023 decocta
518 990 618 1032 erat,
645 984 820 1037 pecunia
838 984 999 1024 Romae
1024 989 1168 1022 mutua
1194 988 1358 1035 sumpta
1384 980 1510 1020 inter-

150 1044 388 1084 trimentum
415 1044 578 1098 argenti
604 1045 888 1098 expleverunt.
937 1044 1172 1098 petentibus
1201 1043 1362 1091 deinde,
1388 1050 1445 1091 ut,
1473 1041 1508 1081 si

150 1106 232 1146 iam
258 1106 466 1145 videretur
492 1106 672 1154 senatui,
710 1106 877 1146 obsides
911 1105 989 1145 sibi
1015 1105 1304 1152 redderentur,
1344 1110 1510 1144 centum

150 1168 300 1208 redditi
325 1167 510 1216 obsides3
562 1168 611 1208 de
638 1168 805 1216 ceteris,
841 1168 875 1208 si
900 1167 941 1207 in
966 1168 1047 1207 fide
1072 1174 1380 1221 permanerent,
1414 1180 1509 1219 spes

150 1230 273 1270 facta.
333 1229 568 1283 petentibus
594 1230 739 1278 isdem,
767 1229 835 1282 qui
860 1245 942 1270 non
967 1229 1248 1269 reddebantur
1273 1227 1440 1268 obsides
1466 1234 1509 1266 ut

151 1292 202 1332 ab
215 1291 368 1339 Norba,
395 1291 466 1331 ubi
491 1307 636 1346 parum
658 1292 872 1333 commode
900 1298 1052 1339 essent,
1080 1290 1158 1331 alio
1183 1290 1508 1338 traducerentur,

151 1368 408 1402 concessum,
434 1361 478 1394 ut
505 1352 695 1408 Signiam
722 1362 761 1395 et
785 1354 1055 1395 Ferentinum
1081 1352 1317 1393 transirent.
1380 1350 1510 1392 Gadi-

153 1417 258 1458 tanis
285 1416 384 1457 item
408 1417 644 1472 petentibus
671 1418 905 1467 remissum,
932 1432 983 1457 ne
1010 1416 1247 1471 praefectus
1264 1414 1396 1456 Gadis
1418 1413 1511 1454 mit.-

152 1486 306 1520 teretur
342 1479 542 1520 adversus
579 1479 640 1529 id,
679 1481 790 1533 quod
826 1480 875 1520 iis
914 1479 955 1519 in
991 1479 1116 1519 fidem
1153 1477 1296 1532 populi
1332 1475 1512 1517 Romani

153 1540 411 1581 venientibus
456 1556 549 1581 cum
590 1542 644 1582 L.
687 1542 849 1582 Marcio
896 1541 1085 1596 Septimo
1128 1539 1405 1580 convenisset.
1472 1545 1512 1579 et

152 1602 445 1642 Narniensium
470 1602 620 1656 legatis
645 1603 932 1656 querentibus,
972 1603 1023 1643 ad
1048 1617 1266 1642 numerum
1299 1600 1378 1641 sibi
1403 1599 1513 1640 colo-

154 1679 228 1704 nos
260 1678 343 1704 non
374 1678 466 1704 esse
499 1672 539 1704 et
570 1664 765 1705 inmixtos
798 1665 999 1717 quosdam
1032 1680 1114 1705 non
1148 1663 1211 1703 sui
1243 1662 1407 1717 generis
1438 1676 1512 1716 pro

155 1725 310 1766 colonis
338 1740 382 1765 se
407 1740 563 1779 gerere,
591 1741 731 1766 earum
757 1742 893 1766 rerum
920 1741 1046 1766 eausa
1071 1725 1267 1765 tresviros
1295 1738 1433 1764 creare
1458 1723 1511 1762 L.

156 1786 374 1828 Cornelius
402 1787 546 1827 consul
571 1787 722 1829 iussus.
772 1787 897 1828 creati
917 1788 966 1827 P.
989 1795 1028 1827 et
1052 1786 1150 1827 Sex.
1166 1785 1278 1826 Aelii
1297 1809 1353 1812 ——
1369 1783 1511 1824 Paetis

154 1849 231 1890 fuit
262 1849 464 1889 ambobus
503 1863 735 1903 cognomen
765 1873 821 1877 —-
851 1857 891 1889 et
924 1847 1003 1889 Cn.
1039 1847 1258 1889 Cornelius
1289 1845 1512 1886 Lentulus.

155 1911 266 1964 quod
283 1911 584 1952 Narniensibus
607 1912 761 1960 datum,
788 1918 833 1951 ut
855 1911 1094 1951 colonorum
1119 1924 1314 1949 numerus
1342 1922 1513 1962 augere-

156 1982 232 2023 tur,
260 1973 302 2013 id
329 1972 486 2014 Cosani
511 1982 700 2028 petentes
726 1991 808 2015 non
834 1975 1173 2029 impetrzwerunt.

239 2036 320 2076 HI.
368 2036 530 2085 Rebus,
573 2051 678 2089 quae
716 2038 876 2078 Romae
915 2036 1100 2091 agendae
1139 2042 1273 2084 erant,
1317 2033 1512 2089 perfectis

155 2098 346 2138 consules
384 2098 426 2138 in
460 2099 696 2153 provincias
732 2099 922 2154 profecti.
982 2100 1032 2139 P.
1058 2098 1210 2141 Villius
1242 2097 1281 2137 in
1314 2096 1514 2137 Macedo-

154 2159 265 2199 niam
292 2174 385 2199 cum
412 2161 607 2210 venisset,
635 2169 752 2202 atrox
775 2161 922 2201 seditio
944 2161 1118 2201 militum
1140 2160 1222 2200 iam
1243 2166 1337 2199 ante
1356 2157 1515 2198 irritata

155 2235 231 2262 nee
263 2222 362 2262 satis
395 2221 437 2262 in
467 2223 669 2278 principio
702 2238 942 2278 compressa
974 2222 1148 2276 excepit.
1209 2221 1291 2261 duo
1321 2220 1434 2260 milia
1465 2234 1514 2260 ea

157 2282 332 2322 militum
357 2283 484 2332 fuere,
512 2299 616 2336 quae
643 2300 694 2325 ex
714 2285 862 2325 Africa
887 2294 982 2340 post
1008 2284 1215 2325 devictum
1229 2282 1512 2322 Hannibalem

156 2344 199 2383 in
226 2343 428 2393 Siciliam,
466 2345 561 2386 inde
588 2362 694 2387 anno
720 2348 806 2387 fere
831 2354 925 2401 post
957 2347 999 2386 in
1022 2345 1317 2386 Blacedoniam
1342 2359 1416 2399 pro
1442 2359 1514 2384 vo-

158 2405 345 2446 luntariis
378 2415 657 2461 transportata
687 2417 816 2449 erant.
877 2408 919 2448 id
950 2408 1162 2449 voluntate
1194 2407 1349 2447 factum
1387 2421 1514 2461 nega—-

158 2469 276 2508 bant:
310 2468 361 2508 ab
387 2468 561 2509 tribunis
587 2478 826 2510 recusantes
854 2470 895 2509 in
929 2485 1057 2510 naves
1088 2469 1303 2524 inpositos.
1353 2468 1427 2509 sed
1451 2474 1514 2507 ut-

159 2543 352 2582 cumque,
392 2545 464 2570 seu
496 2531 678 2572 iniuncta
710 2547 782 2572 seu
809 2540 1003 2585 suscepta
1027 2532 1134 2572 foret
1158 2530 1320 2579 militia,
1358 2538 1398 2570 et
1424 2544 1513 2570 eam

158 2592 416 2641 exhaustam,
443 2600 483 2634 et
507 2594 631 2634 finem
657 2594 836 2647 aliquem
862 2593 1063 2634 militandi
1088 2593 1176 2634 fieri
1202 2607 1379 2646 aequum
1405 2606 1510 2633 esse.

159 2655 298 2696 multis
331 2655 449 2696 annis
484 2671 575 2697 sese
601 2656 764 2697 Italiam
797 2672 880 2697 non
911 2655 1085 2707 vidisse:
1135 2654 1403 2697 consenuisse
1435 2653 1512 2694 sub

1531 310 1568 339 12

1533 497 1571 526 13

1536 621 1572 650 14

1531 870 1549 898 N-

1538 1551 1555 1580 G

1542 2048 1553 2074 1

1540 2108 1558 2136 2

1539 2232 1557 2261 3

1539 2666 1555 2694 5
