1799 2900
446 144 599 179 LtssER
623 143 846 188 XXXVIII,
873 143 927 178 39.
942 143 996 177 40.
1025 142 1127 187 [ac.
1143 142 1223 187 188]
1429 130 1508 173 351

165 259 321 306 ceptus.
387 247 614 289 civitatium
650 254 787 287 autem
824 247 999 301 cognitis
1038 245 1173 287 causis
1210 245 1352 286 decem
1387 243 1513 299 legati
1540 255 1557 285 7

163 314 285 354 aliam
310 311 483 352 aliarum
514 310 699 350 fecerunt
733 309 1028 350 condicionem.
1090 323 1193 361 quae
1226 306 1515 362 stipendiariae

162 375 250 430 regi
274 373 484 414 Antiocho
510 372 672 412 fuerant
699 379 739 411 et
770 385 863 411 cum
893 371 1046 426 populo
1070 371 1261 411 Romano
1288 376 1514 418 senseram,

162 438 212 478 iis
237 435 523 476 inmunitatem
549 434 766 482 dederunt3
800 447 904 486 quae
929 433 1106 488 partium
1131 432 1330 472 Antiochi
1354 432 1517 471 fuerant
1540 439 1559 470 8

163 505 231 540 aut
259 496 549 552 stipendiariae
564 495 697 536 Attali
722 495 845 549 regis,
873 510 942 535 eas
970 509 1111 535 omnes
1138 494 1315 548 vectigal
1335 493 1516 548 pendere

163 559 341 601 Eumeni
366 559 587 599 iusserunt.
647 557 890 597 nominatim
916 564 1129 611 praeterea
1151 554 1420 609 Colophonis,
1448 554 1516 607 qui

163 622 206 662 in
229 621 352 662 Notio
379 620 584 668 habitant,
617 627 655 660 et
683 617 879 672 Cymaeis
907 627 945 659 et
971 618 1203 671 BIylasenis
1230 617 1516 656 inmunitatem

165 689 475 731 concesserunt,
515 678 778 722 Clazomenis
806 695 929 735 super
959 680 1244 720 inmunitatem
1271 687 1308 720 et
1334 678 1518 732 Drymu-
1543 687 1560 718 9

166 762 254 787 sam
291 746 470 786 insulam
507 745 614 785 dono
652 744 871 792 dederunt,
909 751 949 784 et
978 742 1156 782 Milesiis
1195 756 1314 794 quem
1354 755 1517 781 sacrum

165 808 374 862 adpellant
400 821 544 862 agrum
574 806 862 854 restituerunt,
900 812 940 845 et.
964 804 1186 845 Iliensibus
1212 803 1445 844 Rhoeteum
1478 810 1518 842 et
1545 811 1585 840 10

167 869 413 923 Gergithum
447 868 710 915 addiderunt,
747 882 830 907 non
862 874 945 907 tam
977 867 1029 907 ob
1053 866 1235 906 recentia
1264 865 1348 905 ulla
1372 864 1518 904 merita

167 946 289 985 quam
315 931 519 985 originum
544 929 754 970 memoria.
810 929 955 969 cadem
981 936 1020 968 et
1045 927 1291 968 Dardanum
1315 925 1518 967 liberandi

166 1007 291 1033 causa
323 992 412 1032 fuit.
474 990 603 1032 Chios
636 1005 798 1043 quoque
830 997 868 1030 et
896 988 1148 1043 Smyrnaeos
1180 997 1220 1028 et
1244 988 1515 1041 Erythraeos,
1544 1002 1581 1031 11

165 1069 239 1109 pro
266 1053 461 1108 singulari
492 1053 591 1101 fide,
630 1067 753 1105 quam
779 1066 826 1091 co
858 1051 966 1091 bello
996 1050 1307 1105 praestiterunt,
1346 1056 1386 1090 et
1418 1064 1516 1104 agro

167 1116 373 1156 donarunt
398 1124 437 1156 et
461 1115 502 1154 in
528 1113 639 1155 omni
668 1113 890 1167 praecipuo
915 1112 1070 1152 honore
1102 1112 1345 1152 habuerunt.
1405 1112 1518 1152 Pho-
1545 1125 1585 1154 12

165 1177 408 1217 caeensibus
435 1184 473 1216 et
499 1190 615 1229 ager,
655 1189 776 1227 quem
802 1181 895 1214 ante
920 1174 1074 1214 bellum
1099 1173 1345 1221 habuerant,
1382 1173 1519 1213 reddi-

165 1245 230 1278 tus
257 1246 297 1278 et
322 1245 367 1278 ut
391 1237 552 1292 legibus
585 1235 763 1289 antiquis
795 1243 1006 1276 uterentur
1036 1234 1297 1289 permissum.
1357 1234 1518 1275 Rhodis
1548 1248 1586 1277 13

165 1300 379 1340 adfirmata
405 1314 509 1352 quae
536 1299 632 1339 (lata
655 1298 790 1352 priore
817 1298 981 1339 decreto
1008 1305 1142 1346 erant,
1168 1297 1303 1351 Lycia
1328 1304 1369 1337 et
1395 1294 1520 1338 Caria

166 1362 285 1402 (latae
310 1376 442 1414 usque
475 1361 526 1401 ad
550 1360 826 1401 Maeandrum
859 1374 1022 1400 amnem
1053 1366 1215 1414 praeter
1240 1358 1517 1399 Telmessum.

163 1423 252 1477 regi
283 1423 463 1463 Eumeni
494 1421 804 1463 Chersonesum
841 1421 883 1461 in
913 1422 1084 1475 Europa
1121 1428 1159 1461 et
1192 1420 1517 1474 Lysimachiam,
1546 1433 1586 1462 14

165 1484 351 1533 castella,
378 1484 504 1532 vicos,
532 1499 691 1538 agrum,
718 1483 865 1536 quibus
891 1483 1041 1523 finibus
1067 1490 1253 1523 tenuerat
1267 1483 1516 1530 Antiochus,

166 1546 421 1593 adieccrunt3
469 1545 510 1585 in
540 1545 647 1585 Asia
677 1545 904 1599 Phrygiam
935 1552 1152 1597 utramque
1176 1569 1233 1573 —
1258 1545 1428 1584 alteram
1465 1545 1517 1584 ad
1545 1556 1584 1586 15

164 1607 504 1661 Hellespontum,
542 1607 740 1647 maiorem
776 1607 947 1647 alteram
986 1615 1134 1647 vocant
1164 1630 1220 1634 —
1250 1614 1291 1646 et
1319 1605 1517 1659 BIysiam,

166 1682 289 1721 quam
303 1668 452 1708 Prusia
478 1683 551 1708 rex
577 1669 804 1716 ademerat,
832 1667 868 1708 ei
892 1667 1175 1715 restituerunt3
1203 1675 1243 1707 et
1261 1668 1519 1721 Lycaoniam
1547 1679 1586 1709 16

166 1737 207 1771 et
230 1730 419 1783 Milyada
449 1738 489 1770 et
514 1730 695 1784 Lydiam
727 1738 765 1770 et
796 1729 1037 1770 nominatim
1069 1730 1191 1769 urbes
1219 1729 1369 1769 Trallis
1396 1737 1518 1782 atquc

164 1792 381 1846 Ephesum
408 1799 447 1832 et
460 1792 738 1832 Telmessum.
778 1792 827 1832 de
841 1791 1091 1845 Pamphylia
1116 1791 1389 1845 disceptatum
1415 1791 1520 1832 inter
1548 1803 1585 1831 17

164 1853 399 1894 Eumenem
424 1860 463 1893 et.
487 1853 686 1893 Antiochi
711 1854 871 1907 legatos
903 1867 997 1893 cum
1023 1860 1151 1900 esset,
1190 1852 1284 1905 quia
1308 1868 1403 1907 pars
1431 1853 1517 1893 eius

166 1915 284 1963 citra,
327 1931 422 1970 pars
454 1915 560 1956 ultra
586 1915 770 1955 Taurum
804 1922 884 1964 est,
922 1915 1082 1969 integra
1114 1915 1166 1955 ad
1197 1924 1384 1955 senatum
1414 1913 1517 1970 [res]

165 1985 343 2017 relcltur.

249 2038 456 2080 XXXX.
522 2039 597 2079 His
634 2039 871 2080 foederibus
905 2038 1163 2092 decretisque
1195 2038 1301 2079 datis
1333 2038 1516 2079 Manlius
1546 2051 1559 2079 1

168 2115 261 2141 cum
297 2101 438 2142 decem
475 2101 623 2155 legatis
661 2102 853 2154 omnique
892 2102 1073 2142 exercitu
1111 2102 1163 2141 ad
1198 2101 1518 2155 Hellespontum

166 2162 374 2216 profectus
402 2163 582 2204 evocatis
610 2178 657 2203 eo
683 2164 837 2218 regulis
865 2162 1081 2204 Gallorum
1107 2163 1240 2217 leges,
1273 2162 1420 2215 quibus
1448 2178 1519 2216 pa-

168 2237 256 2264 cem
278 2237 369 2263 cum
384 2225 572 2264 Eumene
594 2233 823 2273 servarent,
851 2225 972 2273 dixit3
999 2225 1272 2272 denuntiavit,
1301 2232 1342 2263 ut
1362 2239 1518 2264 morem
1544 2234 1562 2263 ‘2

166 2285 346 2339 vagandi
373 2299 465 2324 cum
492 2286 614 2325 armis
640 2285 802 2325 finirent
834 2300 1109 2339 agrorumque
1142 2300 1307 2325 suorum
1332 2285 1516 2325 terminis

168 2361 212 2387 se
238 2346 508 2387 continerent.
558 2347 778 2387 contractis
805 2347 953 2387 deinde
979 2362 1029 2387 cx
1054 2347 1165 2387 omni
1192 2362 1261 2386 ora
1281 2347 1456 2387 navibus
1478 2354 1517 2387 et
1543 2359 1561 2389 3

166 2408 367 2448 Eumenis
406 2407 528 2448 etiam
567 2408 699 2448 classe
729 2423 803 2462 per
828 2408 1091 2448 Athenaeum
1122 2408 1291 2449 fratrem
1323 2409 1432 2463 regis
1466 2408 1517 2448 ab

166 2469 298 2510 Elaea
323 2470 518 2518 adducta,
552 2469 690 2524 copias
718 2485 860 2510 omnes
886 2469 929 2509 in
952 2470 1166 2524 Europam
1192 2471 1362 2510 traiecit.
1422 2470 1518 2511 inde
1543 2483 1561 2511 4

166 2546 240 2586 per
266 2530 576 2572 Chersonesum
601 2531 773 2572 modicis
804 2531 1017 2572 itineribus
1049 2548 1174 2586 grave
1205 2533 1360 2587 praeda
1384 2533 1516 2573 omnis

166 2593 330 2647 generis
368 2607 518 2648 agmen
552 2593 720 2634 trahens
758 2593 1052 2648 Lysimachiae
1090 2594 1240 2635 stativa
1275 2594 1436 2644 habuit,
1472 2601 1517 2634 ut
