1799 2900
248 155 331 198 350
507 162 661 196 LIBER
685 161 912 207 XXXVIII,
939 161 992 196 38.
1011 162 1065 196 39.
1094 164 1189 205 [au.
1207 162 1331 206 ωδε]

248 274 328 315 est,
365 267 407 306 id
443 264 728 317 conquirendi,
772 265 1049 318 cognoscendi
1079 265 1373 319 repetendique
1404 264 1503 306 item
1533 266 1597 307 ius

247 336 348 369 esto.
398 327 432 367 si
457 341 559 379 quas
585 327 722 374 urbes,
749 340 850 379 quas
877 326 979 366 tradi
1007 336 1179 380 oportet,
1206 327 1247 366 hi
1268 336 1420 376 tenent,
1447 328 1596 380 quibus

246 389 480 429 Antiochus
507 389 637 437 dedit,
664 397 704 429 et
729 404 780 428 ex
805 388 867 428 his
893 389 1098 442 praesidia
1119 389 1308 429 deducito
1329 389 1467 442 utique
1488 399 1597 431 recte

182 466 220 494 13
246 451 458 490 tradantur
483 457 637 491 curato.
698 450 856 503 argenti
889 450 1006 504 probi
1038 451 1190 491 talenta
1214 451 1356 491 Attica
1381 452 1597 493 duodecim

246 511 357 551 milia
394 512 489 552 dato
525 511 632 552 intra
668 511 884 552 duodecim
915 526 1044 552 annos
1075 512 1342 566 pensionibus
1376 513 1517 566 aequis
1543 537 1597 542 ——

245 574 444 613 talentum
469 588 520 614 ne
546 574 680 613 minus
712 574 850 628 pondo
881 574 1090 627 octoginta
1115 574 1314 614 Romanis
1345 575 1596 629 ponderibus

244 636 397 690 pendat
421 660 476 664 —
502 644 541 676 et
567 636 688 676 tritici
714 636 940 689 quingenta
965 636 1238 689 quadraginta
1263 637 1374 677 milia
1399 637 1594 678 modium.

180 711 219 740 11
244 697 422 738 Eumeni
442 698 528 752 regi
549 698 701 737 talenta
720 704 903 737 trecenta
923 697 1220 751 quinquaginta
1239 697 1345 738 intra
1370 698 1597 751 quinquen-

244 759 356 798 nium
383 759 479 799 dato
506 769 545 800 et
570 774 643 813 pro
670 759 895 806 frumento,
928 759 1038 811 quod
1064 759 1322 800 astimatione
1348 760 1410 807 fit,
1443 761 1598 801 talenta

181 833 220 863 15
247 829 412 860 eentum
438 821 583 875 viginti
610 829 781 875 septem.
842 821 1007 861 obsides
1033 820 1233 862 Romanis
1266 821 1411 875 viginti
1437 822 1531 862 dato
1557 830 1596 863 et

244 882 417 923 triennio
454 890 627 931 mutatO,
672 897 723 923 ne
759 882 938 923 minores
977 886 1171 923 octonum
1208 883 1361 923 densim
1398 898 1596 924 annorum

180 958 219 987 16
246 959 325 984 neu
349 944 525 984 maiores
552 944 723 997 quinnm
749 945 1072 998 quadragenum.
1135 944 1168 984 si
1199 944 1267 997 qui
1294 944 1499 985 sociorum
1523 959 1597 999 po—

243 1006 328 1061 puli
354 1006 533 1047 Romani
556 1007 663 1047 ultro
694 1006 847 1047 bellum
877 1006 1056 1046 inferent
1079 1006 1308 1054 Antiocho,
1347 1007 1429 1047 vim
1460 1007 1500 1048 vi
1533 1023 1596 1048 ar-

245 1068 362 1108 cendi
387 1069 449 1108 ius
476 1076 583 1117 esto,
616 1069 712 1108 dum
739 1083 789 1109 ne
816 1083 939 1121 quam
962 1069 1106 1109 urbem
1132 1077 1201 1109 aut
1226 1069 1321 1109 belli
1347 1069 1434 1110 iure
1459 1077 1595 1110 teneat

179 1143 216 1172 17
244 1138 313 1170 aut
337 1130 378 1169 in
404 1131 623 1170 amicitiam
650 1131 834 1185 accipiat.
896 1131 1196 1171 controversias
1230 1131 1334 1171 inter
1365 1146 1409 1171 sc
1435 1131 1522 1172 iure
1548 1145 1594 1172 ac

180 1203 218 1234 18
244 1191 392 1232 iudicio
424 1192 654 1246 disceptent
690 1200 777 1240 aut,
817 1192 851 1232 si
892 1192 1077 1244 utrisque
1109 1193 1305 1246 placebit,
1342 1193 1477 1233 bello.'
1543 1193 1593 1234 de

243 1253 478 1293 Hannibale
493 1254 635 1294 Poeno
662 1268 701 1293 ct
719 1254 871 1294 Aetolo
889 1254 1078 1294 Thoante
1100 1262 1139 1293 et
1157 1254 1448 1295 Mnasimacho
1462 1255 1594 1294 Acar-

242 1329 348 1354 nane
375 1322 413 1354 et
441 1314 786 1355 Chalcidensibus
812 1315 1022 1355 Eubulida
1052 1323 1092 1355 et
1119 1316 1295 1356 Philone
1328 1316 1525 1356 dedendis
1551 1316 1593 1356 in

244 1376 321 1417 hoc
346 1391 508 1430 quoquc
539 1378 704 1418 foedere
730 1378 984 1432 adscriptum
1010 1385 1091 1427 est3
1130 1386 1169 1418 et
1195 1387 1239 1418 ut
1265 1378 1298 1418 si
1325 1378 1422 1430 quid
1447 1386 1593 1432 postea

242 1439 362 1487 addi,
412 1439 520 1480 demi
562 1440 761 1480 mutarive
805 1439 1052 1494 placuisset,
1099 1447 1144 1479 ut
1184 1440 1225 1480 id
1268 1441 1382 1481 salvo
1426 1440 1592 1482 foedere

242 1501 369 1540 fieret.

199 1574 214 1602 1
326 1561 617 1609 XXXVIIII.
669 1561 827 1603 Consul
858 1562 1006 1602 iuravit
1032 1562 1071 1601 in
1098 1562 1175 1602 hoc
1201 1562 1366 1611 foedus3
1411 1563 1462 1603 ab
1493 1578 1591 1618 rege

242 1623 309 1675 qni
335 1623 545 1677 exigerent
571 1624 855 1664 iusiurandum
880 1624 1055 1678 profecti
1075 1624 1126 1675 Q.
1149 1624 1360 1664 Minucius
1384 1624 1589 1666 Thermus

196 1696 214 1725 2
241 1692 281 1725 et
305 1685 357 1724 L.
383 1685 587 1734 BIanlius,
626 1685 693 1738 qui
720 1694 805 1725 tum
832 1686 936 1726 forte
967 1686 1019 1725 ab
1045 1686 1254 1726 Oroandis
1279 1686 1411 1727 rediit.
1472 1694 1511 1727 et
1537 1686 1590 1739 Q.

238 1746 370 1787 Fabio
401 1747 611 1795 Labeoni,
649 1748 719 1800 qui
750 1747 872 1788 classi
902 1756 1108 1801 praeerat,
1153 1747 1333 1802 scripsit,
1371 1756 1413 1788 ut
1439 1748 1592 1789 Patara

240 1808 445 1862 extemplo
472 1809 818 1863 proficisceretur,
846 1824 1031 1862 quaeque
1057 1810 1114 1849 ibi
1132 1825 1259 1850 naves
1280 1810 1418 1864 regiae
1438 1818 1589 1858 essent,

195 1882 213 1911 3
241 1870 474 1910 concideret
505 1879 798 1924 cremar-etque.
858 1872 1068 1926 profectus
1101 1872 1153 1912 ab
1183 1871 1355 1925 Epheso
1393 1872 1592 1925 quinqua-

239 1932 354 1985 ginta
378 1939 506 1972 tectas
532 1948 658 1973 naves
686 1941 754 1972 aut
781 1934 957 1973 concidit
982 1942 1050 1973 aut
1076 1933 1269 1974 incendit.
1329 1933 1591 1974 Telmessum

239 1992 383 2034 eadem
421 1994 680 2048 expeditione
718 1995 867 2035 territis
906 1995 1041 2035 subito
1079 1995 1258 2035 adventu
1296 1995 1439 2035 elassis
1475 1995 1590 2050 oppi-

195 2066 214 2094 4
240 2055 357 2095 danis
383 2057 540 2110 recipit.
591 2072 641 2097 ex
667 2057 799 2110 Lycia
824 2057 1011 2111 protinus
1037 2057 1160 2097 iussis
1187 2057 1238 2096 ab
1263 2057 1434 2111 Epheso
1461 2057 1589 2110 sequi,

239 2118 307 2169 qui
342 2117 398 2157 ibi
432 2118 563 2157 relicti
598 2128 731 2167 erant,
780 2133 854 2173 per
889 2118 1045 2159 insulas
1082 2119 1124 2158 in
1162 2118 1382 2159 Graeciam
1419 2119 1589 2159 traiecit.

237 2179 416 2219 Athenis
442 2194 595 2234 paucos
622 2188 804 2221 moratus
831 2180 937 2229 dies,
977 2181 1072 2221 dum
1098 2181 1317 2221 Piraeeum
1344 2181 1395 2221 ab
1418 2181 1590 2236 Epheso

238 2255 365 2281 naves
392 2242 595 2289 venirent,
623 2250 750 2282 totam
775 2242 870 2282 inde
896 2242 1072 2283 classem
1097 2242 1138 2282 in
1162 2243 1326 2283 Italiam
1352 2242 1527 2282 reduxit.

195 2313 214 2342 5
324 2301 401 2343 Cn.
416 2303 600 2343 BIanlius
627 2318 720 2343 cum
746 2304 851 2344 inter
871 2312 1024 2353 cetera,
1052 2319 1155 2357 quae
1176 2304 1415 2358 accipienda
1435 2305 1486 2344 ab
1499 2305 1589 2344 An-

239 2363 374 2404 tiocho
401 2373 533 2411 crant,
571 2365 813 2420 elephantos
840 2379 1002 2418 quoque
1029 2366 1257 2420 accepisset
1290 2366 1478 2418 donoque
1502 2366 1588 2405 Eu-

238 2426 347 2465 meni
368 2427 499 2466 omnis
521 2427 716 2475 dedisset,
743 2442 889 2468 causas
912 2428 1059 2468 deinde
1081 2428 1307 2468 civitatium
1328 2427 1464 2467 multis
1484 2427 1588 2467 inter

196 2496 213 2525 6
239 2501 366 2526 novas
391 2503 456 2528 res
483 2489 656 2529 turbatis
684 2489 889 2543 cognovit.
950 2498 989 2530 et
1016 2490 1256 2530 Ariarathes
1290 2504 1363 2530 rex
1388 2498 1502 2543 parte
1528 2488 1587 2527 di-

238 2547 362 2586 midia
387 2549 584 2601 pecuniae
610 2550 834 2604 imperatae
862 2551 1059 2591 beneficio
1078 2551 1294 2598 Eumenis,
1322 2550 1385 2590 cui
1411 2550 1585 2603 despon-

241 2607 353 2647 derat
390 2624 462 2662 per
492 2624 562 2650 eos
594 2610 681 2651 dies
713 2612 857 2660 filiam,
893 2613 1068 2652 remissa
1099 2613 1139 2652 in
1171 2611 1391 2652 amicitiam
1428 2618 1490 2651 est
1519 2622 1584 2650 ac-
