1799 2900
463 191 616 226 LIBER
640 193 825 237 XXXIII,
852 193 994 227 10—12.
1023 195 1072 237 [a.
1088 192 1125 227 C.
1141 193 1222 236 197]
1459 184 1511 224 91

163 294 382 352 [quinque]
411 302 544 350 capta.
593 310 645 336 ex
669 295 894 337 victoribus
922 295 1173 351 septingenti
1197 296 1326 336 ferme
1352 295 1511 336 cecide-

162 365 269 398 runt.
319 357 353 398 si
371 357 540 399 Valerio
566 357 636 409 qui
661 358 813 406 credat,
841 358 1023 398 omnium
1047 373 1184 398 rerum
1207 357 1412 398 inmodice
1436 371 1512 396 nu-

163 434 322 460 merum
352 418 538 473 augenti,
578 419 852 472 quadraginta
882 420 994 460 milia
1024 419 1204 460 hostium
1236 434 1284 460 eo
1315 419 1380 459 die
1417 426 1512 459 sunt

163 495 303 530 caesa3
331 489 451 535 capta
474 504 531 508 —
554 479 612 520 ibi
638 481 863 521 modestius
889 481 1151 521 mendacium
1177 489 1239 521 est
1258 504 1309 509 —
1333 480 1512 533 quinque

162 543 275 584 milia
311 542 581 597 septingenti,
621 542 740 596 signa
771 543 962 583 militaria
993 543 1171 583 ducenta
1200 542 1512 594 undequinqua-

163 605 289 660 ginta.
351 604 552 645 Claudius
586 618 748 656 quoque
785 605 866 645 duo
903 612 944 645 et
978 605 1146 659 triginta
1182 604 1295 644 milia
1331 604 1511 644 hostium

164 681 285 707 caesa
311 666 464 715 scribit,
491 674 612 720 capta
637 674 829 718 quattuor
854 666 965 707 milia
991 674 1031 706 et
1055 674 1275 706 trecentos.
1327 681 1403 706 nos
1430 680 1512 706 non

163 728 332 768 minimo
368 727 631 782 potissimum
668 743 838 768 numero
877 727 1144 776 credidimus,
1181 727 1256 768 sed
1290 726 1514 780 Polybium

165 790 295 830 secuti
327 805 488 838 sumus,
524 804 607 829 non
640 789 842 830 incertum
868 798 1078 831 auctorem
1103 804 1195 829 cum
1221 789 1405 829 omnium
1428 788 1514 829 Ro-

165 866 377 891 manarum
402 866 537 891 rerum
565 861 651 890 tum
675 851 896 906 praecipue
922 852 963 891 in
991 851 1167 892 Graecia
1191 858 1416 905 gestarum.

248 912 332 953 XI.
380 913 599 966 Philippus
633 913 828 953 conlectis
861 928 911 953 ex
936 913 1054 966 fuga,
1093 913 1162 965 qui
1191 912 1314 952 variis
1347 912 1512 952 casibus

163 989 328 1028 pugnae
361 974 549 1028 dissipati
580 975 757 1028 vestigia
789 974 876 1014 eius
910 974 1039 1014 secuti
1076 974 1256 1022 fuerant,
1294 973 1514 1026 missisque

165 1036 358 1076 Larisam
395 1036 447 1076 ad
485 1035 801 1076 commentarios
838 1035 975 1089 regios
1014 1036 1336 1084 comburendos,
1384 1050 1436 1075 ne
1471 1036 1515 1075 in

165 1097 346 1138 hostium
377 1097 563 1137 venirent
593 1105 859 1150 potestatem,
897 1096 939 1135 in
970 1096 1263 1136 Elacedoniam
1297 1097 1512 1136 concessit.

165 1159 384 1210 Quinctius
405 1158 578 1212 captivis
603 1158 839 1212 praedaque
867 1158 1111 1198 venundatis
1136 1156 1338 1212 [partim]‚
1364 1158 1514 1212 partim

164 1220 283 1260 militi
320 1220 528 1260 concessis
566 1219 760 1259 Larisam
797 1227 860 1259 est
896 1219 1126 1273 profectUS,
1171 1219 1371 1259 hautdum
1415 1220 1514 1260 satis

164 1296 317 1336 gnarus
344 1295 468 1334 quam
491 1281 704 1335 regionem
730 1281 903 1335 petisset
934 1296 1009 1321 rex
1034 1281 1185 1334 quidve
1210 1290 1388 1335 pararet.
1448 1295 1516 1321 ca-

165 1343 360 1383 duceator
385 1357 433 1383 eo
458 1343 596 1397 regius
618 1343 741 1391 venit,
769 1342 906 1398 specie
927 1352 971 1383 ut
995 1343 1179 1383 indutiae
1205 1352 1357 1392 essent,
1385 1343 1515 1384 donec

165 1405 403 1445 tollerentur
428 1405 481 1445 ad
506 1405 760 1459 sepulturam
787 1405 856 1458 qui
881 1405 922 1445 in
949 1405 1035 1446 acie
1061 1405 1321 1454 cecidissent,
1347 1420 1391 1446 re
1417 1420 1516 1446 vera

164 1467 217 1507 ad
241 1467 462 1522 petendam
487 1467 651 1507 veniam
675 1467 824 1521 legatis
850 1467 1075 1507 mittendis.
1112 1475 1331 1520 utrumque
1358 1467 1410 1507 ab
1429 1467 1515 1507 Ro-

164 1543 287 1569 mano
317 1528 595 1582 impetratum.
657 1529 818 1569 adiecta
850 1528 973 1569 etiam
1004 1529 1074 1569 illa
1104 1544 1204 1577 vox,
1242 1530 1351 1569 bono
1377 1529 1514 1569 animo

166 1604 258 1630 esse
282 1605 424 1644 regem
448 1598 493 1630 ut
516 1590 688 1638 iuberet,
715 1605 820 1643 quae
840 1591 1019 1630 maxime
1037 1591 1213 1631 Aetolos
1236 1590 1516 1631 obfenditiam

166 1651 360 1691 tumentis
405 1652 695 1704 querentisque
736 1660 939 1692 mutatum
988 1652 1158 1693 victoria
1204 1652 1515 1706 imperatorem:

167 1721 260 1753 ante
291 1728 476 1767 pugnam
506 1714 644 1754 omnia
674 1729 826 1768 magna
855 1728 1065 1767 parvaque
1092 1714 1395 1754 communicare
1422 1728 1514 1753 cum

167 1774 289 1816 sociis
323 1776 507 1824 solitu1n3
557 1790 667 1816 nunc
692 1777 876 1816 omnium
902 1787 1091 1830 expertes
1119 1776 1385 1816 consiliorum
1409 1791 1515 1825 esse,

168 1852 242 1878 suo
267 1837 403 1892 ipsum
428 1838 595 1879 arbitrio
622 1850 768 1879 cuncta
794 1853 936 1892 agere,
976 1853 1069 1878 cum
1093 1838 1289 1892 Philippo
1314 1838 1397 1878 iam
1422 1854 1516 1892 gra-

140 1936 146 1941 .
167 1899 246 1940 tiae
270 1900 455 1954 privatae
479 1900 616 1941 locum
642 1915 858 1954 quaerere,
895 1907 941 1940 ut
967 1901 1069 1940 dura
1100 1908 1221 1953 atque
1247 1915 1395 1954 aspera
1419 1900 1518 1941 belli

165 1962 307 2003 Aetoli
333 1962 609 2010 exhauserint,
636 1963 750 2016 pacis
777 1963 950 2016 gratiam
978 1970 1018 2002 et
1042 1962 1220 2002 fructum
1234 1962 1449 2002 Romanus
1474 1962 1517 2002 in

166 2039 210 2064 se
236 2032 381 2064 vertat.
430 2032 471 2064 et
494 2024 594 2064 haut
620 2025 743 2064 dubie
769 2025 1005 2064 decesserat
1029 2023 1078 2064 iis
1105 2023 1361 2076 aliquantum
1386 2023 1513 2064 hono-

164 2086 240 2134 riS;
289 2085 363 2126 sed
393 2100 464 2126 cur
494 2086 814 2141 neglegerentur
843 2085 1102 2139 ignorabant.
1163 2084 1281 2125 donis
1313 2084 1423 2138 regis
1454 2085 1517 2124 in-

165 2147 320 2188 minere
357 2148 580 2189 credebant
616 2148 757 2188 invicti
790 2148 841 2188 ab
873 2163 921 2188 ea
952 2147 1176 2201 cupiditate
1208 2146 1333 2186 animi
1364 2146 1515 2198 virum3

167 2209 240 2249 sed
271 2216 312 2248 et
344 2211 615 2250 suscensebat
645 2225 728 2250 non
758 2209 948 2249 inmerito
974 2209 1136 2249 Aetolis
1163 2209 1215 2249 ob
1240 2207 1516 2248 insatiabilem

166 2269 404 2310 aviditatem
435 2271 614 2324 praedae
648 2279 686 2311 et
709 2271 997 2324 adrogantiam
1029 2285 1170 2311 eorum
1202 2270 1397 2310 victoriae
1428 2269 1518 2324 glo-

165 2331 269 2371 riam
292 2331 334 2371 in
360 2346 404 2372 se
428 2332 694 2386 rapientium,
733 2347 837 2384 quae
868 2332 1049 2371 vanitate
1082 2347 1156 2372 sua
1187 2331 1370 2371 omnium
1396 2346 1515 2371 aures

166 2393 426 2441 obfendebat,
443 2401 482 2433 et
500 2393 697 2447 Philippo
718 2393 893 2440 sublato,
920 2393 1062 2433 fractis
1084 2393 1230 2446 opibus
1252 2392 1517 2434 Macedonici

164 2454 283 2508 regni
306 2455 481 2495 Aetolos
508 2454 722 2495 habendos
750 2454 951 2495 Graeciae
978 2455 1166 2495 dominos
1194 2455 1401 2495 cernebat.
1462 2455 1514 2495 ob

166 2531 236 2557 eas
274 2531 420 2556 causas
462 2516 592 2556 multa
635 2516 797 2565 sedulo,
840 2524 886 2556 ut
921 2516 1086 2557 viliores
1122 2516 1380 2570 levioresque
1417 2524 1515 2571 aput

166 2579 298 2619 omnis
324 2586 465 2619 essent
489 2586 528 2618 et
553 2578 802 2625 viderentur,
829 2578 1019 2618 faciebat.

250 2640 357 2680 XII.
395 2640 586 2682 Indutiae
608 2640 842 2694 quindecim
869 2641 1027 2682 dierum
1054 2640 1173 2681 datae
1198 2640 1308 2681 hosti
1334 2647 1450 2681 erant
1474 2648 1512 2681 et

1540 1167 1557 1196 [ὗ

1541 2217 1560 2247 8

1542 2340 1559 2369 9

1542 2463 1581 2493 10

1542 2651 1552 2679 l
