1799 2900
279 69 363 110 400
571 76 725 111 LIBER
750 77 992 122 xxxvnn,
1018 78 1072 113 31.
1101 81 1148 123 [a.
1164 79 1338 124 u.0.509]

280 194 426 234 gnare3
463 186 504 220 et
528 193 659 231 usque
685 179 823 233 plures
850 180 1198 235 confertioresque
1230 183 1388 224 medios
1413 185 1629 239 urgebant.

236 255 255 283 4
279 242 336 282 ibi
360 249 580 295 postquam
604 241 791 282 laborare
818 241 948 282 aciem
974 242 1223 297 Calpurnius
1249 254 1413 299 praetor
1439 247 1552 296 vidit,
1579 246 1629 287 T.

281 302 554 354 Quinctilium
577 304 737 344 Varum
763 310 803 343 et
826 303 880 343 L.
900 303 1136 344 Iuventium
1156 305 1362 347 Thalnam
1392 308 1552 361 legatos
1579 308 1631 348 ad

236 377 254 406 5
281 364 465 417 singulas
503 363 686 417 legiones
720 364 997 406 adhortandas
1029 381 1203 420 propere
1234 368 1375 417 mittit,
1413 370 1560 410 docere
1591 377 1632 410 et

280 440 446 465 monere
472 425 585 465 iubet
609 425 650 465 in
676 425 754 465 illis
783 440 899 479 spem
924 441 1088 468 omnem
1114 428 1304 469 vincendi
1329 438 1369 470 et
1392 431 1631 472 retinendae

279 486 509 541 Hispaniae
535 501 647 527 esse:
681 487 714 526 si
740 487 798 527 illi
823 487 913 528 loco
939 489 1104 538 cedant,
1130 491 1337 531 neminem
1362 492 1449 533 eius
1476 492 1632 533 exerci-

277 555 343 589 tus
375 564 458 589 non
489 549 611 589 modo
642 549 824 598 Italiam,
869 550 942 590 sed
972 565 1023 591 ne
1056 551 1164 605 Tagi
1195 553 1361 605 quidem
1397 554 1631 595 ulteriorem

233 623 251 652 6
277 610 408 664 ripam
436 624 610 663 usquam
642 611 838 651 visurum.
900 611 989 666 ipse
1021 626 1114 652 cum
1139 614 1343 666 equitibus
1376 615 1549 655 (hlarum
1575 616 1632 656 le-

279 672 448 725 gionum
481 671 696 725 paululum
728 672 1025 713 circumvectus
1057 673 1098 713 in
1125 688 1300 715 cuneum
1326 675 1526 725 hostium,
1564 677 1631 729 qui

236 748 251 775 7
277 732 457 773 mediam
482 734 657 787 urgebat
681 733 830 782 aciem,
857 735 908 774 ab
929 735 1056 775 latere
1075 736 1256 776 incurrit.
1300 736 1519 788 Quinctius
1540 753 1633 778 cum

279 794 363 835 suis
390 795 596 848 equitibus
629 796 803 836 alterum
835 796 1015 837 hostium
1046 797 1153 838 latus
1179 798 1348 839 invadit.
1411 799 1485 839 sed
1508 799 1631 854 longe

279 855 412 897 acrius
452 855 723 911 Calpurniani
761 857 918 910 equites
957 859 1218 913 pugnabant,
1263 867 1301 900 et
1338 868 1502 914 praetor
1538 870 1632 902 ante

234 931 253 961 S
279 917 400 966 alios3
427 933 523 958 nam
548 925 589 959 et
613 918 769 973 primus
795 918 958 960 hostem
983 921 1186 974 percussit
1212 928 1251 961 et
1275 920 1331 962 ita
1357 937 1400 962 se
1425 922 1634 963 inmiscuit

234 995 251 1024 9
277 980 444 1029 mediis,
471 988 513 1020 ut
542 980 610 1020 vix
635 981 764 1021 utrius
790 981 918 1036 partis
945 989 1054 1022 essct
1080 982 1195 1023 nosci
1219 990 1378 1037 posset3
1410 990 1450 1024 et
1475 985 1632 1037 equites

277 1041 476 1096 praetoris
504 1042 654 1083 eximia
680 1043 829 1084 virtute
860 1050 900 1084 et
930 1044 1114 1097 equitum
1143 1045 1303 1099 pedites
1336 1046 1498 1086 accensi
1524 1054 1631 1088 sunt.

237 1132 241 1135 -
278 1105 409 1158 pudor
440 1105 566 1146 movit
597 1106 751 1160 primos
782 1106 1061 1156 centuriones,
1106 1107 1175 1159 qui
1204 1107 1311 1148 inter
1342 1108 1423 1148 tela
1452 1108 1632 1150 hostium

278 1174 508 1220 praetorem
536 1175 851 1221 conspexerunt.
906 1168 1044 1221 itaque
1069 1183 1216 1222 urgere
1243 1169 1462 1223 signiferos
1488 1186 1562 1225 pro
1588 1186 1631 1212 sc

279 1228 470 1281 quisque,
508 1229 648 1269 iubere
674 1229 824 1270 inferre
851 1229 970 1283 signa
995 1238 1035 1270 et
1060 1231 1278 1271 confestim
1304 1231 1474 1271 militem
1501 1233 1629 1285 sequi.

215 1303 253 1332 10
278 1298 499 1331 renovatur
523 1291 575 1331 ab
600 1291 791 1331 omnibus
817 1292 988 1341 clamor,
1026 1292 1189 1347 inpetus
1220 1293 1266 1333 fit
1291 1293 1402 1334 velut
1433 1309 1484 1334 ex
1511 1310 1631 1349 supe-

277 1351 383 1392 riore
408 1352 511 1393 loco.
549 1352 660 1393 haud
686 1367 804 1393 secus
830 1369 928 1408 ergo
954 1368 1078 1406 quam
1099 1354 1289 1395 torrentis
1310 1356 1432 1396 modo
1454 1356 1631 1396 fundunt

280 1421 547 1467 sternuntque
573 1415 805 1469 perculsos,
837 1429 913 1455 nec
939 1415 1132 1455 sustineri
1158 1415 1225 1455 alii
1251 1431 1374 1470 super
1399 1417 1501 1458 alios
1527 1418 1631 1458 infe-

215 1489 251 1518 11
280 1482 417 1515 rentes
444 1490 536 1516 sese
560 1484 749 1529 possunt.
787 1476 994 1530 fugientes
1021 1477 1062 1516 in
1088 1484 1223 1517 castra
1246 1477 1404 1530 equites
1424 1479 1630 1533 persecuti

279 1543 374 1575 sunt
398 1544 437 1576 et
461 1536 653 1591 permixti
685 1538 828 1578 turbae
860 1537 1039 1578 hostium
1070 1538 1176 1578 intra
1206 1539 1360 1579 vallum
1389 1548 1632 1594 penetrave-

277 1604 389 1646 runt,
426 1597 497 1637 ubi
522 1598 574 1638 ab
600 1598 751 1639 relictis
784 1599 825 1638 in
856 1599 1062 1653 praesidio
1089 1606 1315 1640 castrorum
1346 1601 1548 1655 proelium
1571 1601 1633 1641 in-

281 1666 526 1708 stauratum3
576 1660 705 1700 coacti
745 1667 839 1701 sunt
875 1660 1053 1702 Romani
1092 1661 1250 1714 equites
1293 1662 1544 1704 descendere
1581 1678 1632 1704 ex

213 1734 251 1764 12
278 1721 408 1774 equis.
469 1721 758 1762 dimicantibus
785 1722 833 1763 iis
859 1723 968 1777 legio
1000 1723 1142 1776 quinta
1175 1724 1431 1778 supervenit,
1469 1725 1630 1774 deinde,

214 1796 252 1825 13
277 1793 322 1825 ut
346 1799 532 1837 quaeque
556 1794 794 1840 potuerant,
820 1786 962 1840 copiae
989 1786 1237 1827 adfluebant.
1286 1787 1512 1827 caeduntur
1535 1803 1632 1842 pas-

280 1846 355 1886 sim
376 1846 556 1901 Hispani
581 1862 654 1902 per
679 1854 765 1888 tota
789 1855 944 1897 castra,
972 1862 1047 1888 nec
1072 1847 1164 1901 plus
1191 1862 1315 1900 quam
1339 1856 1530 1901 quattuor
1555 1849 1631 1888 mi-

276 1909 331 1949 lia
357 1909 569 1950 hominum
601 1910 849 1964 effugerunt.
909 1910 1004 1950 inde
1035 1910 1112 1950 tria
1142 1910 1254 1950 milia
1279 1911 1383 1959 fere,
1421 1912 1492 1964 qui
1517 1927 1630 1952 arma

277 1972 548 2020 retinuerant,
576 1980 757 2012 montem
783 1972 1058 2026 propinquum
1085 1980 1300 2027 ceperunt,
1326 1972 1436 2013 mille
1462 1972 1631 2013 semier-

215 2045 253 2074 14
278 2048 366 2074 mes
391 2033 571 2074 maxime
595 2049 668 2087 per
693 2049 816 2088 agros
841 2034 969 2089 palati
995 2040 1102 2074 sunt.
1164 2049 1289 2088 supra
1320 2034 1488 2088 triginta
1512 2034 1630 2087 quin-

278 2111 357 2150 que
393 2096 506 2137 milia
536 2096 717 2137 hostium
747 2097 927 2146 fuerant,
970 2112 1022 2137 ex
1053 2096 1200 2149 quibus
1233 2104 1316 2136 tam
1353 2096 1504 2151 exigua
1533 2111 1629 2151 pars

214 2168 252 2197 15
278 2173 442 2212 pugnae
469 2159 685 2213 superfuit.
729 2159 848 2212 signa
873 2166 994 2213 capta
1019 2165 1183 2198 centum
1207 2157 1376 2211 triginta
1402 2158 1495 2198 duo.
1544 2158 1631 2199 Ro-

278 2219 388 2259 mani
414 2221 596 2273 sociique
622 2220 744 2275 paulo
770 2220 863 2274 plus
897 2219 1080 2260 sexcenti
1112 2228 1152 2260 et
1177 2219 1491 2274 provincialium
1516 2219 1631 2260 auxi-

214 2281 423 2322 loliorum
461 2290 625 2322 centum
663 2281 962 2336 quinquaginta
999 2282 1128 2322 ferme
1163 2281 1410 2322 ceciderunt.
1477 2280 1628 2321 tribuni

280 2342 453 2382 militum
479 2343 658 2396 quinque
685 2343 825 2384 amissi
851 2351 891 2384 et
915 2343 1036 2397 pauci
1062 2343 1218 2395 equites
1234 2342 1413 2383 Romani
1437 2351 1628 2383 cruentae

279 2404 455 2444 maxime
488 2405 682 2446 victoriae
714 2405 894 2459 speciem
924 2406 1122 2445 fecerunt.
1182 2404 1224 2444 in
1255 2405 1398 2444 castris
1436 2403 1627 2452 hostium,

280 2465 375 2516 quia
399 2465 500 2519 ipsis
528 2466 705 2520 spatium
732 2482 807 2507 sua
832 2466 1136 2507 communiendi
1167 2481 1249 2506 non
1277 2466 1428 2514 fuerat,
1465 2479 1628 2505 manse-

217 2536 254 2566 17
280 2532 386 2566 runt.
446 2542 520 2580 pro
556 2528 745 2568 contione
781 2535 947 2582 postero
984 2527 1050 2568 die
1087 2527 1240 2567 laudati
1272 2526 1492 2580 donatique
1523 2542 1547 2566 a
1578 2524 1626 2566 C.
