1799 2900
529 119 682 153 LIBER
707 120 913 163 XXXVII,
940 120 971 154 3.
991 120 1024 154 4.
1055 122 1103 164 [a.
1119 118 1253 163 0190]
1479 109 1559 150 261

215 238 293 277 (1116
331 223 433 263 duos
470 222 621 262 liberos
660 222 846 262 homines
889 222 1158 263 exanimatos.
1230 230 1338 263 terra
1373 221 1483 276 apud
1519 235 1563 261 se

215 284 397 339 pluvisse
423 284 650 323 Tusculani
674 284 936 332 nuntiabant,
963 292 1002 325 et
1026 284 1192 325 Reatini
1218 284 1371 324 mulam
1396 283 1436 323 in
1462 297 1562 337 agro

216 360 290 385 suo
309 345 533 399 peperisse.
573 360 620 385 ea
645 354 876 399 procurata,
904 346 1162 398 Latinaeque
1182 346 1433 386 instauratae
1453 343 1564 397 quod
1590 357 1607 385 4

216 407 496 446 Laurentibus
531 406 685 455 carnis,
723 420 828 458 quae
861 407 948 446 dari
986 407 1127 455 debet,
1165 407 1261 447 data
1297 422 1380 447 non
1415 407 1562 446 fuerat.

217 468 460 523 supplicatio
494 483 655 521 quoque
691 484 830 509 earum
861 469 1107 523 religionum
1133 484 1258 509 causa
1283 469 1378 516 fuit,
1415 468 1564 521 quibus
1591 480 1609 508 5

217 530 293 570 diis
325 530 547 570 decemviri
585 546 634 570 ex
672 530 785 570 libris
817 538 862 570 ut
898 531 1012 571 fieret
1043 531 1270 571 ediderunt.
1331 531 1473 570 decem
1504 529 1566 569 in·
1591 542 1609 571 6

217 592 359 647 genui,
387 593 530 632 decem
556 592 756 646 virgines,
783 592 947 647 patrimi
973 607 1116 633 omnes
1142 592 1420 644 matrimique,
1448 591 1501 631 ad
1524 590 1567 630 id

218 653 461 694 sacrificium
494 654 685 702 adhibiti,
725 662 764 694 et
797 654 1017 694 decemviri
1050 662 1169 694 nocte
1200 654 1447 694 lactentibus
1478 667 1566 692 rem

217 715 398 755 divinam
424 716 622 756 fecerunt.
681 716 731 756 P.
761 715 979 756 Cornelius
1009 715 1149 770 Scipio
1174 715 1400 755 Africanus
1433 714 1567 769 prius·
1594 726 1610 754 7

218 792 339 829 quam
365 777 706 831 proficisceretur,
732 777 933 817 fornicem
952 778 994 816 in
1009 776 1215 831 Capitolio
1237 777 1435 817 adversus
1457 775 1567 815 viam

218 853 298 890 qua
323 838 364 877 in
394 838 645 892 Capitolium
671 839 924 886 escenditur,
952 853 1044 878 eum
1071 838 1201 892 signis
1228 846 1386 892 septem
1413 835 1566 877 auratis

218 909 256 940 et
296 899 410 951 equis
443 901 603 941 duobus
636 908 675 940 et
711 914 942 940 marmorea
968 900 1048 941 duo
1084 899 1200 940 labra
1236 908 1330 939 ante
1367 898 1568 939 fornicem

217 961 367 1016 posuit.

301 1024 383 1063 Per
409 1023 577 1063 eosdem
603 1024 689 1063 dles
715 1023 921 1077 principes
948 1023 1193 1063 Aetolorum
1219 1030 1302 1062 tres
1328 1030 1369 1063 et
1394 1021 1569 1074 quadra·
1595 1033 1613 1061 8

218 1086 345 1139 ginta,
372 1085 476 1124 inter
491 1098 593 1136 quos
608 1085 876 1124 Damocritus
893 1091 933 1124 61
951 1084 1077 1124 frater
1091 1084 1178 1124 eius
1195 1091 1322 1131 erant,
1345 1084 1395 1123 ab
1410 1083 1569 1122 duabus

219 1146 455 1186 cohortibus
483 1146 620 1186 missis
648 1161 671 1185 a
695 1146 770 1186 M'.
795 1146 931 1186 Acilio
952 1146 1129 1186 Romam
1157 1145 1320 1185 deducti
1347 1153 1386 1184 et
1417 1144 1459 1183 in
1483 1144 1571 1183 lau-

219 1207 366 1247 tumias
394 1207 566 1247 coniecti
593 1216 700 1247 sunt.
762 1207 952 1247 cohortes
987 1207 1081 1247 inde
1109 1207 1160 1247 ad
1187 1206 1410 1246 exercitum
1436 1206 1570 1245 redire

218 1269 270 1308 L.
288 1267 506 1308 Cornelius
522 1269 666 1309 consul
691 1268 822 1309 iussit.
861 1268 987 1322 legati
1009 1269 1059 1308 ab
1073 1268 1316 1309 Ptolemaeo
1339 1274 1379 1307 61
1394 1266 1572 1320 Cleopa·
1597 1278 1614 1307 9

219 1338 281 1369 tra
305 1330 475 1384 regibus
492 1330 698 1384 Aegypti,
724 1330 980 1384 gratulantes
1007 1330 1118 1383 quod
1142 1329 1217 1370 M’.
1238 1329 1400 1369 Acilius
1427 1327 1571 1368 consul

219 1392 474 1432 Antiochum
499 1407 640 1445 regem
667 1391 845 1432 Graecia
870 1391 1098 1446 expulisset
1123 1398 1324 1432 venerunt
1350 1390 1571 1430 adhortan-
1601 1401 1639 1430 10

220 1461 377 1506 tesque,
403 1462 447 1492 ut
472 1453 512 1492 in
534 1453 681 1493 Asiam
706 1453 931 1493 exercitum
957 1453 1193 1493 traicerent:
1220 1451 1357 1493 omnia
1382 1451 1574 1506 perculsa

220 1524 332 1555 metu
356 1530 438 1554 non
469 1515 511 1554 in
535 1515 642 1555 Asia
666 1515 808 1563 modo,
845 1515 918 1555 sed
943 1515 1067 1555 etiam
1091 1514 1133 1554 in
1160 1514 1282 1567 Syria
1308 1528 1418 1561 esse3
1450 1527 1571 1566 reges

221 1576 408 1630 Aegypti
433 1577 484 1616 ad
510 1591 558 1616 ea
577 1591 680 1628 quae
708 1576 939 1617 censuisset
958 1584 1126 1617 senatus
1152 1583 1318 1630 paratos
1340 1575 1440 1615 fore.
1479 1588 1572 1627 gra·
1600 1585 1636 1614 11

223 1638 302 1678 tiae
328 1638 494 1691 regibus
522 1645 649 1686 actae,
675 1638 823 1692 legatis
850 1653 1020 1678 munera
1047 1637 1135 1677 dari
1159 1637 1292 1684 iussa,
1319 1636 1361 1675 in
1387 1634 1572 1688 singulos

223 1703 465 1752 quaternum
491 1699 648 1739 milium
676 1700 793 1739 aeris.

307 1762 411 1801 ΗΠ.
449 1762 501 1801 L.
518 1760 735 1802 Cornelius
752 1760 895 1801 consul
909 1759 1100 1815 peractis,
1117 1774 1221 1812 quae
1236 1759 1394 1799 Romae
1413 1757 1574 1811 agenda
1602 1771 1616 1799 1

225 1831 356 1870 eraut,
390 1838 463 1876 pro
490 1823 678 1863 contione
706 1823 850 1870 edixit,
885 1830 929 1861 ut
954 1821 1124 1869 milites,
1163 1835 1264 1873 quos
1296 1820 1384 1874 ipse
1410 1819 1451 1858 in
1478 1834 1575 1872 sup-

223 1885 476 1939 plementum
503 1885 737 1939 scripsisset
764 1884 914 1937 quique
941 1884 983 1923 in
996 1883 1170 1923 Bruttiis
1199 1897 1291 1922 eum
1306 1883 1360 1921 A.
1378 1879 1572 1921 Cornelio

224 1954 488 2001 propraetore
515 1956 666 1995 essent,
693 1957 738 1987 ut
762 1946 789 1985 ii
815 1960 958 1985 omnes
985 1945 1121 1984 idibus
1138 1943 1417 1995 Quinctilibus
1437 1943 1575 1982 Brun-

225 2008 375 2047 disium
408 2008 686 2048 convenirent.
751 2008 850 2048 item
883 2015 964 2047 tres
996 2006 1157 2060 legatos
1195 2004 1441 2050 nominavit,
1476 2002 1573 2043 Sex.

227 2069 443 2122 Digitium,
470 2070 523 2110 L.
549 2070 789 2124 Apustium,
818 2068 867 2109 C.
893 2068 1130 2109 Fabricium
1158 2067 1402 2113 Luscinum,
1429 2064 1498 2118 qui
1524 2079 1575 2104 ex

226 2144 297 2169 ora
322 2131 525 2171 maritima
556 2131 734 2183 undique
761 2131 878 2170 navis
903 2129 1174 2169 Brundisium
1205 2127 1504 2175 contraherent,
1537 2133 1577 2165 ct

227 2191 415 2231 omnibus
441 2192 521 2231 iam
548 2193 700 2246 paratis
727 2192 946 2246 paludatus
975 2192 1027 2230 ab
1053 2190 1154 2230 urbe
1180 2197 1240 2229 est
1268 2188 1491 2243 profectus.
1524 2187 1575 2227 ad
1601 2200 1619 2228 3

227 2252 405 2304 quinque
432 2253 541 2293 milia
569 2253 911 2300 voluntariorum,
938 2252 1117 2292 Romani
1145 2251 1345 2302 sociique,
1372 2250 1439 2302 qui
1467 2263 1577 2289 eme-

226 2314 302 2353 rita
330 2314 533 2367 stipendia
561 2316 637 2354 sub
662 2316 908 2368 imperatore
927 2313 977 2353 P.
993 2313 1193 2352 Africano
1214 2312 1433 2359 habebant,
1459 2324 1578 2364 prae-

228 2382 290 2414 sto
322 2376 437 2415 fuere
468 2377 633 2416 exeunti
664 2376 822 2416 consuli
853 2382 893 2415 et
930 2374 1098 2414 nomina
1129 2374 1342 2413 dederunt.
1401 2387 1475 2426 per
1505 2386 1575 2411 eos
1602 2384 1622 2412 4

228 2436 328 2484 (lies,
356 2437 503 2489 quibus
531 2444 592 2477 cst
616 2438 826 2491 profectus
853 2436 904 2475 ad
930 2435 1083 2475 bellum
1109 2435 1266 2483 consul,
1293 2434 1398 2473 ludis
1414 2433 1576 2487 Apolli-

227 2499 394 2539 naribus
427 2507 521 2539 ante
553 2499 660 2538 diem
692 2498 878 2550 quintum
910 2497 1002 2536 idus
1030 2496 1260 2547 Quinctiles
1287 2495 1400 2535 caelo
1431 2509 1576 2534 sereno

229 2559 404 2601 interdiu
444 2561 662 2600 obscurata
698 2559 768 2599 lux
806 2566 887 2606 est,
926 2572 1016 2597 eum
1057 2557 1154 2597 luna
1190 2558 1266 2598 sub
1300 2557 1441 2597 orbem
1478 2555 1577 2596 solis

1601 2015 1619 2043 ΚΟ
