1799 2900
449 143 601 177 LIBER
625 143 846 185 XXXVIII,
872 143 926 177 33.
947 144 1000 177 34.
1028 142 1227 188 [a.c.189]
1435 132 1517 174 345

168 248 414 295 abfuturam,
441 247 572 287 donec
597 260 764 286 causam
791 246 1006 287 dixissent.
1055 247 1190 287 ierunt
1214 246 1338 286 etiam
1363 244 1430 285 alii
1455 244 1517 284 in-

167 311 314 350 lustres
341 309 429 357 viri,
456 316 497 348 et
522 308 710 348 advocati
734 308 905 362 privatis
933 315 973 348 et
998 309 1094 361 quia
1118 307 1324 362 pertinere
1349 321 1518 347 causam

168 386 308 413 eorum
329 371 381 411 ad
393 385 480 410 rem
493 369 702 424 publicam
716 371 952 410 censebant.
991 384 1216 422 numquam
1236 370 1336 410 alias
1353 368 1516 409 exsules

167 432 594 474 Lacedaemoniorum
608 431 770 472 Achaei
792 446 932 471 secum
952 432 1210 472 adduxerant
1229 431 1270 470 in
1290 431 1397 479 finis,
1425 429 1520 483 quia

167 494 268 534 nihil
299 508 429 547 aeque
461 493 732 533 alienaturum
758 493 917 534 animos
951 493 1127 533 civitatis
1155 493 1391 541 videbatui-3
1424 499 1521 532 tunc

168 555 371 597 exercitus
398 555 521 596 totius
554 570 681 609 prope
707 554 970 609 antesignani
996 555 1161 595 exsules
1194 561 1324 595 erant.
1384 553 1426 593 hi
1451 568 1520 593 ve-

167 617 374 658 nientibus
412 616 758 656 Lacedaemoniis
797 616 850 656 ad
891 623 1054 670 portam
1091 623 1319 656 castrorum
1357 614 1521 668 agmine

168 679 277 720 facto
304 679 594 725 obcurrerunt3
627 686 667 718 et
699 678 833 732 primo
859 678 1064 718 lacessere
1093 677 1256 731 iurgiis,
1290 676 1437 717 deinde
1463 676 1522 716 al-

169 740 394 780 tercatione
417 746 518 788 orta,
545 754 640 779 cum
660 739 982 780 accenderentur
1002 739 1100 787 irae,
1127 738 1373 779 ferocissimi
1400 752 1522 778 exsu-

168 803 255 842 lum
278 802 462 856 inpetum
488 801 529 840 in
543 801 910 842 Lacedaemonios·
928 802 1128 842 fecerunt.
1166 815 1259 840 cum
1284 801 1342 840 illi
1362 800 1461 840 deos
1483 806 1522 839 et

170 864 296 904 fidem
328 864 559 917 legatorum
585 870 853 912 testarentur,
887 870 927 903 et
950 863 1076 918 legati
1103 870 1142 902 et
1166 870 1330 917 praetor
1357 863 1523 902 submo-

171 940 267 965 vere
304 925 447 965 turbas
485 932 525 965 et
560 932 778 979 protegere
803 924 1161 965 Lacedaemonios
1194 924 1410 976 vinclaque
1441 923 1524 963 iam

171 986 372 1042 quosdam
404 985 607 1026 inicientis
648 1001 799 1026 arcere.
861 987 1074 1026 crescebat
1110 986 1284 1025 tumultu
1319 984 1522 1025 concitato

171 1049 310 1096 turba3
353 1055 393 1088 et
429 1047 590 1088 Achaei
628 1048 680 1087 ad
719 1048 1000 1102 spectaculum
1040 1047 1172 1101 primo
1210 1047 1521 1087 concurrebant.

173 1109 320 1150 deinde
365 1109 687 1149 vociferantibus
733 1109 945 1149 exsulibus
983 1123 1088 1161 quae
1129 1108 1245 1162 passi
1287 1108 1440 1157 forent,
1485 1116 1525 1148 et

172 1170 382 1211 orantibus
409 1185 529 1224 opem
555 1171 950 1223 adfirmantibusque
982 1170 1124 1218 simul,
1151 1184 1376 1222 numquam
1402 1168 1526 1209 talem

173 1232 433 1273 occasionem
471 1231 703 1280 habituros,
744 1232 777 1272 si
816 1247 907 1272 eam
943 1231 1339 1286 praetermisissent:
1376 1231 1524 1271 foedus

173 1294 283 1346 quod
306 1293 348 1332 in
375 1292 595 1347 Capitolio,
623 1294 734 1346 quod
760 1293 997 1348 Olympiae,
1025 1294 1135 1346 quod
1159 1294 1200 1333 in
1227 1307 1320 1333 arce
1345 1292 1525 1333 Athenis

174 1362 380 1395 sacratum
413 1355 578 1403 fuisset,
616 1355 774 1395 irritum
806 1371 878 1410 per
910 1356 1001 1396 illos
1029 1370 1139 1404 esse3
1177 1355 1419 1409 priusquam
1444 1354 1523 1394 alio

174 1417 224 1457 de
248 1416 409 1471 integro
429 1417 597 1457 foedere
622 1417 917 1471 obligarentur,
944 1417 1091 1458 noxios
1112 1417 1344 1472 puniendos
1366 1431 1471 1464 esse,
1492 1440 1526 1445 —

174 1493 349 1519 accensa
373 1478 436 1518 his
463 1479 633 1519 vocibus
659 1479 879 1520 multitudo
900 1479 952 1520 ad
972 1493 1117 1520 vocem
1141 1479 1276 1527 unius,
1305 1478 1373 1531 qui
1398 1485 1441 1518 ut
1467 1477 1527 1518 fe-

173 1541 301 1580 rirent
324 1540 573 1589 inclamavit,
601 1556 702 1581 saxa
727 1541 914 1582 coniecit.
953 1549 1075 1594 atque
1100 1541 1157 1581 ita
1184 1541 1326 1581 decem
1353 1547 1525 1594 septem,

176 1603 323 1655 quibus
346 1602 508 1642 vincula
532 1617 605 1656 per
630 1603 849 1643 tumultum
868 1603 1018 1643 iniecta
1038 1611 1166 1651 erant,
1193 1601 1398 1642 interfecti
1418 1609 1526 1642 sunt.

177 1664 394 1718 sexaginta
418 1672 500 1704 tres
526 1671 692 1718 postero
719 1665 783 1705 die
810 1665 1110 1719 comprehensi,
1138 1680 1162 1704 a
1187 1664 1336 1716 quibus
1361 1670 1527 1717 praetor

177 1726 260 1765 vim
280 1732 482 1774 arcuerat,
508 1741 592 1766 non
606 1726 702 1779 quia
717 1727 855 1767 salvos
876 1726 1011 1775 vellet,
1040 1726 1113 1766 sed
1134 1725 1230 1778 quia
1248 1725 1380 1780 perire
1402 1739 1528 1764 causa

177 1788 331 1828 indicta
365 1788 549 1836 nolebat,
587 1789 736 1829 obiecti
767 1788 1018 1829 multitudini
1053 1788 1201 1836 iratae,
1240 1802 1333 1827 cum
1370 1785 1527 1826 aversis

179 1850 344 1890 auribus
364 1864 496 1904 pauca
519 1850 645 1890 locuti
665 1857 818 1900 essent,
846 1849 1029 1890 damnati
1043 1864 1186 1890 omnes
1211 1856 1252 1889 et
1275 1847 1413 1888 traditi
1434 1853 1529 1888 sunt

180 1911 232 1951 ad
257 1911 515 1965 supplicium.

262 1972 514 2014 XXXHH.
563 1974 660 2014 Hoc
689 1981 803 2014 metu
839 1974 989 2014 iniecto
1021 1971 1369 2013 Lacedaemoniis
1400 1971 1530 2025 impe-

179 2042 315 2076 ratum
339 2035 529 2089 primum,
555 2035 614 2075 uti
639 2051 778 2076 muros
805 2035 1026 2084 diruerent,
1053 2035 1200 2075 deinde
1225 2041 1271 2074 ut.
1290 2047 1434 2074 omnes
1460 2047 1531 2072 ex—

181 2097 286 2137 terni
316 2097 554 2146 auxiliares,
591 2097 660 2150 qui
689 2098 880 2138 mercede
907 2097 1016 2151 apud
1047 2104 1244 2151 tyrannos
1270 2095 1529 2142 militassent,

183 2168 291 2200 terra
314 2159 526 2200 Laconica
550 2161 815 2209 excederent,
849 2168 936 2200 tum
960 2160 1019 2199 uti
1046 2174 1150 2212 quae
1177 2159 1344 2199 servitia
1368 2156 1531 2210 tyranni

182 2220 497 2260 liberassent.—-
516 2236 565 2261 ea
589 2237 742 2276 magna
766 2222 985 2262 multitudo
1012 2228 1099 2261 erat
1117 2245 1173 2248 —
1192 2227 1285 2260 ante
1311 2220 1419 2259 diem
1445 2232 1532 2257 cer—

185 2289 267 2321 tam
284 2281 453 2330 abirent,
481 2282 549 2334 qui
568 2283 625 2322 ibi
639 2283 903 2331 mansissent,
931 2298 1001 2323 eos
1015 2282 1258 2337 prendendi,
1286 2279 1529 2327 abducendi,

185 2343 390 2383 vendendi
426 2344 608 2383 Achaeis
646 2344 711 2384 ius
750 2353 879 2385 esset:
927 2343 1118 2397 Lycurgi
1160 2343 1275 2396 leges
1312 2355 1530 2393 moresque

186 2405 451 2459 abrogarent,
488 2405 755 2446 Achaeorum
791 2407 1085 2446 adsuescerent
1120 2405 1282 2458 legibus
1314 2403 1532 2443 institutis-

186 2481 283 2519 que,
321 2466 378 2506 ita
412 2466 532 2507 unius
565 2482 635 2507 eos
673 2467 855 2521 corporis
888 2468 994 2515 fore,
1033 2474 1074 2506 et
1104 2467 1154 2506 de
1186 2465 1377 2506 omnibus
1407 2465 1530 2505 rebus

1549 1059 1568 1088 8

1551 1182 1569 1211 9

1554 1491 1594 1520 10

1555 1677 1591 1706 11

1557 2171 1574 2199 [ὗ

185 2528 345 2568 facilius
377 2542 665 2569 consensuros.
725 2529 825 2568 nihil
857 2528 1142 2569 oboedientius
1180 2527 1365 2567 fecerunt
1406 2541 1529 2579 quam
1556 2539 1574 2567 4

185 2596 229 2629 ut
253 2604 392 2630 muros
418 2590 638 2639 diruerent,
664 2604 739 2630 nee
764 2590 928 2645 aegrius
954 2589 1068 2644 passi
1094 2596 1188 2629 sunt
1216 2603 1339 2642 quam
1366 2588 1528 2628 exsules
