1799 2900
495 154 651 189 LIBER
675 156 839 199 xxxv,
866 155 920 189 25.
943 155 996 189 26.
1025 152 1128 198 [a.C.
1145 154 1225 197 192]
1461 142 1539 183 195

184 262 235 304 ab
261 275 310 302 eo
335 267 536 315 peterent.
592 258 634 299 in
660 258 833 300 coneilio
859 258 1043 299 omnium
1070 257 1123 298 ad
1147 256 1303 297 bellum
1329 254 1538 310 extemplo
1565 268 1585 297 5

184 323 486 379 capessendum
511 321 731 362 inclinatae
755 321 983 362 sententiae
1005 327 1140 368 erant3
1165 319 1325 359 litterae
1342 318 1392 358 Τ.
1409 316 1542 369 Quin-

184 387 238 426 cti
263 385 569 426 cunctationem
594 383 835 432 iniecerunt,
863 383 1012 436 quibus
1034 390 1175 423 auctor
1196 388 1283 422 erat
1307 387 1541 435 praetorem

185 449 443 500 classemque
480 447 715 487 Romanam
753 445 1012 501 expectandi.
1075 459 1168 485 cum
1204 443 1436 498 principum
1473 442 1540 482 alii
1567 453 1585 482 6

184 510 226 550 111
252 509 456 550 sententia
490 519 800 563 permanerent,
838 508 906 548 alii
942 508 1141 548 utendum
1178 507 1265 547 eius
1304 520 1426 558 quem
1461 503 1541 558 ipsi

185 571 491 613 consuluissent
523 570 695 611 consilio
728 578 966 618 censerent,
1005 568 1224 609 multitudo
1249 567 1541 621 Philopoeme-

186 634 247 673 nis
275 632 522 673 sententiam
549 631 808 686 expectabat.
858 638 1022 686 praetor
1052 631 1088 671 is
1116 638 1202 670 tum
1228 636 1316 669 erat
1341 638 1381 669 et
1406 628 1539 669 omnis

186 710 233 735 eo
260 702 445 749 tempore
471 701 511 734 ct
536 693 756 748 prudentia
781 701 821 734 et
852 694 1094 734 auctoritate
1121 691 1315 732 anteibat.
1363 690 1397 730 is
1423 704 1543 745 prae-

186 758 314 806 fatus,
341 757 445 796 bene
478 762 765 810 comparatum
797 755 908 809 apud
932 755 1108 795 Aetolos
1135 768 1246 802 esse,
1280 767 1331 793 ne
1363 759 1541 807 praetor,

187 834 280 859 cum
306 819 356 859 de
387 818 496 858 bello
529 817 826 866 consuluisset,
860 817 950 871 ipse
982 815 1229 857 sententiam
1256 814 1427 862 diceret,
1461 821 1544 853 sta-

188 889 301 921 tuere
328 895 452 933 quam
476 879 655 933 primum
685 879 799 933 ipsos
827 879 925 932 quid
951 878 1103 919 vellent
1134 877 1275 918 iussit:
1310 884 1542 930 praetorem
1569 889 1588 918 S

188 943 352 982 decreta
377 957 518 982 eorum
544 956 637 981 cum
663 941 743 981 fide
771 949 811 980 et
837 955 934 980 cura
959 946 1253 980 exsecuturum
1280 937 1542 978 adnisurum-

187 1019 285 1057 quc,
311 1011 374 1052 ut,
403 1011 602 1056 quantum
628 1002 670 1042 in
695 1002 868 1042 consilio
895 1001 1077 1041 humano
1103 1000 1284 1054 positum
1311 1007 1441 1047 esset,
1467 1012 1544 1038 nec

187 1066 299 1121 pacis
327 1080 396 1106 eos
423 1064 653 1119 paeniteret.
679 1078 756 1104 nec
782 1063 892 1103 belli.
930 1064 1024 1117 plus
1051 1078 1099 1103 ca
1120 1062 1249 1102 oratio
1274 1060 1473 1101 momenti
1493 1059 1545 1100 ad
1571 1070 1588 1100 9

187 1128 417 1168 incitandos
457 1127 509 1167 ad
545 1126 703 1166 bellum
742 1125 886 1165 habuit
922 1139 1049 1177 quam
1087 1123 1121 1164 si
1157 1131 1298 1177 aperte
1331 1121 1544 1162 suadendo

188 1189 452 1243 cupiditatem
477 1203 542 1227 res
569 1186 741 1241 gerendi
766 1187 1032 1227 ostendisset.
1092 1186 1232 1237 itaque
1263 1183 1422 1237 ingenti
1447 1197 1545 1222 con·
1574 1193 1612 1222 10

188 1266 312 1292 sensu
339 1249 493 1290 bellum
520 1249 731 1288 decretum
752 1256 828 1296 est,
855 1256 1018 1302 tempus
1040 1255 1081 1287 et
1105 1246 1209 1287 ratio
1230 1243 1546 1285 administrandi

187 1312 273 1353 eius
299 1312 429 1352 libera
448 1310 627 1366 praetori
654 1309 870 1364 permissa.
913 1309 1230 1363 Philopoemen,
1256 1314 1545 1362 praeterquam
1576 1317 1610 1346 11

188 1373 297 1427 quod
321 1373 379 1413 ita
406 1372 602 1425 Quinctio
630 1372 831 1426 placeret,
870 1378 910 1411 et
933 1371 1023 1426 ipse
1050 1370 1334 1418 existimabat,
1368 1368 1546 1408 classem

187 1436 421 1476 Romanam
446 1434 760 1489 expectandam,
788 1448 894 1486 quae
920 1449 944 1473 a
968 1432 1070 1473 mari
1087 1432 1300 1486 Gytheum
1320 1430 1425 1471 tueri
1450 1445 1547 1484 pos-

189 1504 269 1545 set,
297 1497 371 1537 sed
395 1504 599 1545 metuens,
626 1511 677 1536 ne
700 1496 941 1536 dilationem
966 1510 1032 1535 res
1059 1510 1143 1535 non
1168 1501 1378 1549 pateretur
1403 1500 1442 1533 et
1462 1507 1544 1532 non
1573 1504 1612 1532 12

191 1558 404 1612 Gytheum
426 1558 573 1606 solum,
601 1558 675 1598 sed
699 1557 953 1612 praesidium
973 1571 1136 1610 quoque
1158 1556 1332 1596 missum
1352 1555 1404 1595 ad
1429 1562 1547 1595 tuen-

191 1620 284 1660 dam
310 1621 455 1660 urbem
481 1620 748 1667 amitteretur,
776 1634 903 1659 naves
931 1619 1199 1659 Achaeorum
1225 1617 1408 1657 deduxit.

274 1681 450 1723 XXVI.
489 1680 818 1735 Comparaverat
844 1688 883 1721 et
909 1688 1110 1734 tyrannus
1136 1679 1342 1720 modicam
1368 1678 1545 1717 classem
1573 1689 1586 1718 1

192 1743 244 1783 ad
265 1743 535 1797 prohibenda,
564 1743 597 1783 si
619 1758 699 1795 qua
719 1742 903 1783 obsessis
925 1742 1029 1782 mari
1054 1741 1406 1788 submitterentur,
1428 1754 1548 1794 prae-

193 1805 308 1853 sidia,
336 1813 417 1845 tres
440 1812 570 1845 tectas
591 1819 719 1844 naves
743 1813 781 1845 et
801 1805 960 1845 lembos
982 1803 1218 1858 pristisque,
1240 1802 1391 1842 tradita
1410 1809 1547 1842 vetere

191 1866 324 1906 classe
346 1882 397 1906 ex
422 1866 589 1907 foedere
604 1866 818 1907 Romanis.
869 1866 1015 1905 harum
1039 1873 1083 1905 ut
1104 1879 1305 1905 novarum
1326 1871 1412 1903 tum
1432 1861 1548 1903 navi-

190 1943 259 1968 um
286 1928 513 1983 agilitatem
544 1929 816 1983 experiretur,
851 1928 974 1968 simul
1006 1935 1048 1967 ut
1076 1927 1214 1968 onmia
1246 1926 1346 1966 satis
1373 1932 1470 1980 apta
1495 1924 1548 1964 ad

190 1998 400 2031 certamen
444 2003 602 2039 essent,
646 1999 865 2046 provectos
910 1991 950 2030 in
996 1990 1123 2030 altum
1160 1989 1309 2029 cotidie
1346 1987 1548 2042 remigem

190 2054 443 2107 militemque
477 2054 707 2094 simulacris
746 2053 904 2094 navalis
942 2068 1107 2108 pugnae
1145 2051 1382 2098 exercebat,
1420 2050 1462 2090 in
1498 2064 1546 2090 eo

190 2124 303 2156 ratus
331 2117 433 2157 verti
460 2132 577 2171 spem
603 2115 849 2164 obsidionis,
888 2115 922 2156 si
954 2114 1161 2169 praesidia
1186 2113 1391 2153 maritima
1422 2112 1548 2152 inter-

192 2178 396 2219 clusisset.
445 2186 610 2232 praetor
640 2178 907 2218 Achaeorum
940 2177 1045 2217 sicut
1074 2175 1329 2217 terrestrium
1360 2173 1548 2215 certami-
1574 2188 1592 2217 3

192 2255 292 2279 num
317 2248 403 2280 arte
429 2241 618 2293 quemvis
645 2240 849 2280 clarorum
874 2239 1170 2293 imperatorum
1198 2238 1262 2277 vel
1292 2251 1371 2276 usu
1396 2236 1460 2277 vel
1486 2236 1548 2276 111-

193 2302 314 2356 genio
341 2302 563 2354 aequabat,
589 2302 646 2341 ita
670 2302 782 2341 rudis
809 2301 850 2340 in
875 2316 918 2341 re
944 2300 1080 2340 navali
1106 2307 1210 2348 erat,
1237 2299 1392 2348 Arcas,
1419 2297 1548 2338 medi·
1571 2313 1589 2341 4

193 2372 405 2404 terraneus
432 2364 573 2412 1101110,
601 2371 865 2404 externorum
892 2362 1015 2403 ctiam
1042 2362 1238 2410 omnium,
1265 2360 1345 2401 nisi
1371 2360 1481 2413 quod
1505 2360 1547 2400 111

195 2425 322 2466 Creta
356 2425 590 2480 praefectus
623 2424 869 2465 auxiliorum
894 2424 1159 2472 militaverat,
1197 2424 1380 2478 ignarus,
1428 2422 1546 2462 navis
1573 2436 1592 2465 5

194 2495 281 2528 crat
306 2486 577 2540 quadriremis
605 2494 742 2535 vetus,
781 2494 901 2541 capta
926 2486 1044 2526 annis
1071 2493 1165 2526 ante
1191 2484 1420 2539 octoginta,
1454 2498 1548 2524 cum

195 2548 356 2590 Crateri
381 2565 551 2590 uxorem
572 2549 770 2590 Nicaeam
797 2549 848 2589 ab
860 2550 1076 2603 Naupacto
1093 2547 1341 2589 Corinthum
1362 2547 1546 2595 veheret3

194 2611 314 2652 huius
348 2612 460 2652 fama
490 2620 624 2652 motus
651 2636 705 2639 -—
730 2611 866 2652 fuerat
897 2611 1007 2652 enim
1037 2610 1173 2651 nobile
1201 2610 1240 2650 in
1267 2609 1400 2650 classe
1433 2608 1546 2663 regia
1573 2621 1590 2651 6

1262 2675 1327 2708 13*

1568 642 1584 670 ⁸1

1574 1873 1591 1902 [Ο
