1799 2900
497 113 651 147 LIBER
675 113 844 158 xxxv,
868 114 922 147 50.
938 113 992 147 51.
1021 115 1069 157 [a.
1087 112 1220 156 C.192]
1451 101 1531 142 217

179 219 498 272 quingentorum
531 216 750 258 Piraeeum
788 218 996 272 extemplo
1034 216 1246 257 miserunt.
1307 221 1394 255 erat
1425 213 1533 255 enim
1560 230 1577 258 4

179 281 278 321 haut
302 279 444 334 procul
471 279 672 320 seditione
698 279 877 320 Athenis
904 295 989 328 res,
1022 278 1280 319 trahentibus
1307 278 1360 318 ad
1384 277 1535 317 Antio-

178 342 301 382 chum
328 341 576 395 quibusdam
604 357 676 395 spe
702 341 967 396 largitionum
990 341 1178 381 venalem
1198 340 1330 395 pretio
1350 339 1535 379 multitu-

179 405 336 453 dinem,
363 404 495 444 donee
520 404 572 443 ab
597 403 646 443 iis
675 404 742 457 qui
768 404 983 444 Romanae
1015 403 1144 458 partis
1171 410 1285 443 erant
1313 401 1534 453 Quinctius

178 474 241 507 est
261 466 419 506 adcitus
447 473 487 506 et
512 473 733 506 accusante
759 466 922 506 Leonte
949 466 1128 518 quodam
1154 465 1437 520 Apollodorus
1465 478 1536 504 au-

178 536 265 569 ctor
290 527 534 569 defectionis
562 528 780 568 damnatus
808 536 931 581 atque
956 528 999 567 in
1025 527 1217 568 exsilium
1243 534 1305 567 est
1331 526 1499 567 eiectus.

261 591 319 631 Et
345 592 397 631 ab
422 590 606 630 Achaeis
633 590 799 643 quidem
827 605 919 630 cum
946 590 1051 630 tristi
1077 604 1278 644 responso
1304 589 1458 643 legatio
1483 588 1536 628 ad
1568 601 1586 628 5,

176 668 320 708 regem
344 653 478 693 rediit.
538 653 688 694 Boeoti
713 653 815 693 nihil
841 654 941 693 certi
971 653 1293 707 responderunt:
1327 666 1421 691 cum
1447 651 1537 690 An-

178 715 339 756 tiochus
371 715 413 755 in
438 715 658 755 Boeotiam
689 715 890 763 venisset,
930 722 1016 755 tum
1048 714 1146 767 quid
1183 713 1262 754 sibi
1293 713 1534 754 faciundum

178 784 290 818 esset
315 792 359 817 se
386 777 685 817 deliberaturos
712 792 817 818 esse.

262 839 498 879 Antiochus
531 853 624 879 cum
656 839 709 879 ad
741 838 955 880 Chalcidis
987 838 1241 893 praesidium
1274 846 1313 878 ct
1338 837 1533 878 Achaeos
1561 855 1579 883 6

178 909 218 941 et
242 902 475 941 Eumenem
500 916 642 955 regem
668 901 833 942 misisse
859 901 1061 949 audisset,
1088 901 1380 941 maturandum
1406 907 1533 949 ratus,

177 971 222 1003 ut
248 971 286 1004 et
312 964 599 1018 praevenirent
626 963 689 1003 sui
710 971 747 1003 et
770 963 985 1009 venientis,
1013 963 1045 1003 si
1073 970 1256 1017 possent,
1285 963 1534 1017 exciperent,

176 1026 425 1079 BIenippum
445 1040 536 1065 eum
552 1025 682 1065 tribus
697 1024 826 1065 ferme
842 1025 1007 1064 milibus
1024 1025 1199 1064 militum
1216 1033 1256 1065 et.
1276 1025 1386 1065 omni
1402 1025 1534 1065 classe
1563 1041 1579 1069 7

176 1087 480 1141 Polyxenidam
505 1087 641 1135 mittit,
669 1087 758 1141 ipse
784 1100 938 1140 paucos
965 1094 1060 1140 post
1086 1086 1172 1126 dies
1201 1101 1273 1126 sex
1299 1086 1412 1126 milia
1439 1101 1533 1126 suo-

176 1164 267 1189 rum
293 1149 467 1188 militum
494 1156 534 1188 et
560 1164 610 1188 ex
637 1164 686 1189 ea
711 1148 841 1203 eopia,
869 1163 973 1201 quae
1000 1148 1175 1188 Lamiae
1200 1158 1371 1202 repente
1398 1149 1536 1202 colligi

176 1210 321 1264 potuit,
337 1225 419 1250 non
434 1210 489 1250 ita
504 1210 655 1250 multos
671 1210 847 1250 Aetolos
863 1210 987 1250 ducit.
1013 1210 1175 1250 Achaei
1192 1210 1407 1263 quingenti
1423 1217 1463 1250 et
1484 1211 1535 1250 ab

174 1272 364 1312 Eumene
390 1286 488 1326 rege
514 1272 722 1312 modicum
750 1271 947 1312 auxilium
972 1272 1147 1312 missum
1174 1272 1277 1312 duce
1300 1271 1535 1313 Xenoclide

178 1332 445 1374 Chalcidensi
478 1334 661 1374 nondum
694 1333 878 1375 obsessis
909 1334 1124 1374 itineribus
1162 1342 1252 1374 tuto
1284 1334 1536 1388 transgressi

175 1395 378 1450 Euripum
406 1394 650 1436 Chalcidem
675 1404 965 1450 pervenerunt.
1014 1395 1194 1436 Romani
1220 1396 1391 1444 milites,
1418 1396 1536 1448 quin-
1562 1413 1580 1441 9

176 1457 290 1510 genti
316 1457 445 1497 ferme
472 1464 511 1497 et
537 1457 636 1511 ipsi,
676 1472 768 1497 cum
793 1458 877 1498 iam
902 1457 1130 1512 Blenippus
1157 1466 1293 1498 eastra
1319 1466 1413 1498 ante
1442 1457 1535 1498 Sal-

177 1533 310 1572 ganea
325 1519 377 1558 ad
392 1520 663 1568 Hermaeum,
685 1535 765 1572 qua
786 1520 983 1560 transitus
1006 1535 1056 1560 ex
1070 1520 1248 1560 Boeotia
1261 1520 1302 1560 in
1315 1520 1534 1560 Euboeam

176 1580 354 1620 insulam
381 1588 461 1627 est,
500 1580 690 1629 haberet,
729 1593 943 1622 venerunt.
1002 1581 1208 1635 Micythio
1236 1590 1323 1622 erat
1350 1596 1441 1621 eum
1468 1582 1532 1630 iis,
1564 1598 1601 1628 lo

176 1641 338 1696 legatus
367 1642 417 1681 ab
435 1641 635 1682 Chalcide
661 1643 714 1682 ad
728 1642 969 1694 Quinctium
986 1643 1094 1683 adid
1118 1643 1255 1697 ipsum
1281 1643 1533 1697 praesidium

176 1704 401 1758 petendum
438 1704 604 1745 missus.
666 1705 734 1757 qui
772 1712 992 1759 postquam
1024 1705 1219 1745 obsessas
1254 1706 1305 1745 ab
1342 1704 1531 1745 hostibus
1562 1718 1599 1747 11

176 1765 318 1806 fauces
348 1766 459 1813 vidit,
487 1766 640 1807 omisso
668 1767 719 1806 ad
742 1767 936 1807 Aulidem
961 1767 1106 1807 itinere
1125 1767 1297 1807 Delium
1317 1767 1531 1815 convertit,

176 1835 219 1867 ut
246 1828 340 1868 iude
366 1828 408 1867 in
433 1829 652 1868 Euboeam
679 1828 1010 1869 transmissurus.

261 1890 338 1930 LI.
383 1890 606 1945 Templum
633 1899 695 1931 est
720 1891 941 1945 Apollonis
967 1891 1152 1939 Delium,
1179 1891 1384 1932 inminens
1411 1891 1532 1941 mari3
1562 1905 1575 1933 ἱ

177 1951 356 2005 quinque
382 1952 495 1992 milia
520 1968 720 2007 passuum
741 1953 1003 2007 abTanagra
1023 1954 1153 2001 abest,
1180 1953 1316 1993 minus
1341 1961 1534 2006 quattuor

176 2014 334 2054 milium
361 2014 455 2054 inde
481 2014 523 2054 in
547 2015 736 2069 proxima
760 2015 960 2055 Euboeae
987 2023 1049 2055 est
1076 2016 1180 2055 mari
1206 2015 1414 2056 traiectus.
1463 2015 1534 2055 ubi

177 2083 217 2116 et
253 2075 295 2116 in
332 2076 429 2117 fano
461 2076 637 2129 lucoque
675 2092 723 2117 ea
760 2077 959 2131 religione
986 2085 1025 2117 et
1057 2092 1105 2117 eo
1131 2077 1218 2117 iure
1252 2084 1414 2125 saneto,
1453 2092 1533 2130 quo

178 2144 272 2177 sunt
297 2138 463 2192 templa,
491 2152 595 2191 quae
622 2138 738 2192 asyla
765 2137 915 2178 Graeci
941 2139 1162 2193 adpellant,
1190 2147 1229 2179 et
1254 2139 1439 2179 nondum
1465 2146 1534 2179 aut

177 2198 330 2239 indicto
367 2200 475 2240 bello
515 2207 582 2240 aut
618 2200 675 2240 ita
707 2200 949 2249 commisso,
987 2208 1030 2240 ut
1068 2201 1232 2241 strictos
1270 2200 1431 2255 gladios
1463 2208 1534 2241 aut
1559 2215 1578 2243 3

178 2261 424 2314 sanguinem
448 2276 625 2314 usquam
657 2262 813 2302 factum
839 2262 1071 2311 audissent,
1112 2278 1205 2303 cum
1236 2278 1309 2316 per
1335 2278 1533 2317 magnum

177 2322 305 2362 otium
341 2323 491 2363 milites
525 2324 592 2363 alii
626 2324 679 2363 ad
717 2324 998 2377 spectaculum
1031 2324 1173 2379 templi
1210 2324 1372 2378 lucique
1410 2324 1532 2374 versi,

177 2385 245 2425 alii
270 2385 310 2424 in
336 2385 453 2425 litore
485 2385 663 2426 inermes
691 2394 959 2440 vagarentur,
998 2402 1152 2441 magna
1181 2402 1277 2441 pars
1310 2402 1383 2441 per
1407 2402 1530 2441 agros

176 2447 378 2501 lignatum
411 2447 734 2501 pabulatumque
760 2448 921 2502 dilapsa
946 2456 1077 2497 esset,
1109 2457 1278 2503 repente
1303 2449 1530 2504 hlenippus
1558 2462 1575 2491 4

176 2510 336 2564 palatos
373 2509 531 2564 passim
568 2510 792 2565 adgressus
831 2525 901 2551 eos
936 2511 1101 2560 cecidit,
1140 2511 1192 2551 ad
1231 2511 1532 2566 quinquaginta

177 2570 294 2612 vivos
332 2571 453 2626 cepit.
526 2571 723 2627 perpauci
759 2572 1014 2626 effugerunt,
1060 2573 1100 2612 in
1139 2573 1287 2626 quibus
1324 2572 1531 2628 Micythio

1561 1225 1580 1254 ω

1560 2028 1578 2056 10
