1799 2900
207 262 225 290 5

207 387 224 415 0

207 695 222 722 *J

205 946 224 972 (χ

188 1316 225 1343 10

251 136 333 176 218
488 142 642 176 LIBER
668 141 835 184 XXXV,
862 141 917 174 51.
946 143 994 184 [a.
1011 153 1043 175 u.
1060 152 1090 176 e.
1104 142 1171 175 562
1197 153 1228 176 a.
1245 141 1283 175 C.
1300 142 1380 185 19⁶2]

251 262 379 302 parva
411 245 599 285 oneraria
628 260 734 285 nave
766 254 978 298 exceptus.
1045 260 1094 285 ea
1125 260 1190 285 res
1224 244 1420 296 Quilietio
1452 245 1608 286 Roma—

251 309 395 360 nisque
424 307 529 346 sieut
555 306 713 347 iactura
738 306 913 346 militum
939 306 1127 355 molesta,
1154 307 1211 347 ita
1237 308 1289 347 ad
1314 307 1376 347 ius
1404 307 1609 348 inferendi

251 369 460 410 Antiocho
498 369 596 409 belli
633 368 837 409 adiecisse
875 368 1131 421 aliquantum
1170 369 1397 410 videbatur.
1458 369 1609 410 Antio-

251 432 351 471 chus
385 430 552 470 admoto
584 430 636 470 ad
666 430 865 471 Aulidem
897 430 1098 478 exercitu,
1137 445 1230 470 eum
1254 447 1397 472 rursus
1424 440 1607 472 oratores

250 493 400 549 partim
426 508 476 533 ex
504 492 608 541 suis,
647 492 797 547 partim
824 492 999 533 Aetolos
1028 492 1272 533 Chalcidem
1303 494 1504 543 misisset,
1540 495 1608 547 qui

251 555 396 596 eadem
434 555 504 594 illa
542 569 646 607 quae
684 570 816 609 nuper
848 569 941 594 cum
972 555 1093 594 minis
1131 555 1391 609 gravioribus
1424 566 1607 609 agerent,

250 617 500 670 nequiquam
533 624 676 657 contra
706 616 968 670 Micythione
999 625 1040 657 et
1069 616 1306 657 Xenoclide
1344 618 1608 658 tendentibus

250 679 370 719 facile
410 678 559 726 tenuit,
598 686 644 718 ut
680 686 823 732 portae
858 678 936 719 sibi
969 679 1238 733 aperirentur.
1300 679 1368 731 qui
1394 679 1609 720 Romanae

250 741 378 795 partis
394 748 522 789 erant,
540 741 616 781 sub
631 740 855 780 adventum
869 740 979 794 regis
994 741 1095 780 urbe
1110 749 1390 780 excesserunt.
1417 741 1611 783 Achaeo-

250 818 343 843 rum
368 810 407 842 et
433 802 636 843 Eumenis
664 802 814 842 milites
843 801 1054 856 Salganea
1079 802 1289 849 tenebant,
1317 811 1358 842 et
1382 802 1424 842 in
1448 803 1608 857 Euripo

251 864 466 905 castellum
487 864 666 905 Romani
692 864 842 906 milites
869 864 990 918 pauci
1016 863 1228 904 custodiae
1250 877 1375 904 causa
1400 863 1477 904 loci
1499 878 1610 904 com-

250 926 504 967 muniebant.
562 927 773 981 Salganea
798 926 1039 980 Menippus,
1065 941 1139 966 rex
1164 925 1254 980 ipse
1280 926 1497 966 castellum
1522 927 1610 967 Eu-

249 989 327 1044 ripi
354 990 598 1044 obpugnare
630 998 693 1030 est
724 989 908 1030 adortus.
969 989 1126 1043 priores
1152 988 1314 1029 Achaei
1342 996 1382 1029 et
1406 989 1609 1030 Eumenis

250 1051 402 1091 milites
433 1051 561 1105 pacti,
600 1059 644 1091 ut
677 1050 765 1091 sine
797 1051 943 1091 fraude
969 1051 1111 1091 liceret
1135 1051 1267 1099 abire,
1305 1050 1513 1104 praesidio
1539 1066 1610 1092 ex-

252 1122 485 1161 cesserunt3
524 1113 778 1168 pertinacius
810 1112 990 1154 Romani
1022 1113 1227 1167 Euripum
1266 1113 1500 1154 tuebantur.
1569 1113 1609 1153 hi

251 1189 415 1227 quoque
450 1185 609 1223 tamen,
649 1189 742 1214 eum
774 1182 884 1215 terra
915 1175 1099 1228 marique
1132 1175 1421 1215 obsiderentur
1453 1182 1494 1215 et
1527 1175 1609 1215 iam

251 1236 463 1276 machinas
501 1244 787 1289 tormentaque
825 1236 1074 1291 comportari
1111 1236 1316 1284 viderent,
1360 1251 1444 1276 non
1481 1237 1609 1277 tulere

251 1298 523 1339 obsidionem.
586 1313 678 1338 eum
716 1299 757 1338 id
796 1299 907 1351 quod
943 1307 1067 1352 caput
1099 1309 1185 1338 erat
1215 1299 1415 1339 Euboeae
1452 1306 1608 1339 teneret

249 1375 341 1410 rex,
375 1375 426 1401 ne
453 1367 613 1400 ceterae
640 1361 806 1413 quidem
832 1360 920 1400 elus
952 1360 1111 1401 insulae
1137 1361 1260 1400 urbes
1292 1360 1511 1414 imperium
1538 1362 1610 1402 ab-

250 1430 440 1469 nuerunt,
467 1437 703 1475 magnoque
729 1422 931 1476 principio
957 1422 1035 1462 sibi
1056 1437 1174 1462 orsus
1201 1422 1356 1462 bellum
1376 1422 1607 1471 videbatur,

250 1484 362 1537 quod
387 1492 502 1524 tanta
532 1483 667 1524 insula
693 1493 733 1525 et
764 1494 824 1525 tot
851 1493 1077 1538 oportunae
1108 1484 1233 1524 urbes
1264 1484 1307 1523 in
1333 1499 1450 1524 suam
1483 1485 1608 1526 dicio-

250 1561 346 1586 nem
372 1545 597 1586 venissent.
