1799 2900
507 129 662 163 LIBER
686 130 889 172 XXXVII,
917 131 945 165 1.
966 131 998 164 2.
1026 129 1254 174 [a.C.190]‘
1461 119 1543 161 259

187 233 521 290 exprimentium,
559 232 722 287 fatigati
748 241 862 283 sunt,
900 242 941 274 et
966 234 1166 275 excedere
1192 232 1306 274 curia
1330 232 1431 274 iussi
1455 247 1543 273 ma-

186 311 315 351 gnum
340 303 547 336 certamen
572 295 812 349 praebuere.
854 295 948 350 plus
973 296 1034 336 ira
1059 310 1183 348 quam
1202 294 1482 336 misericordia
1502 294 1543 334 in

187 372 312 398 causa
348 371 490 397 eorum
526 356 708 405 valebat,
746 357 842 409 quia
878 372 961 398 non
990 366 1035 398 ut
1067 357 1255 398 hostibus
1286 357 1430 405 modo,
1470 355 1544 396 sed

186 426 397 471 tamquam
421 418 646 459 indomitae
666 426 706 458 et
731 418 962 459 insociabili
984 419 1101 474 genti
1122 419 1432 460 suscensebant.
1470 432 1545 471 per

186 480 342 534 aliquot
380 479 467 520 dies
506 493 600 519 cum
637 487 838 520 certatum
875 488 1004 529 esset,
1040 489 1250 535 postremo
1287 494 1420 533 neque
1457 478 1546 518 dari

186 556 319 595 neque
346 541 491 595 negari
522 556 666 595 pacem
699 541 866 596 placuit.
927 542 1032 583 duae
1064 542 1327 583 condiciones
1354 541 1413 582 eis
1438 541 1546 581 latae

185 614 301 644 sunt:
339 603 405 644 vel
438 603 599 644 senatui
635 603 811 644 liberum
845 603 1060 645 arbitrium
1091 604 1141 644 de
1174 618 1218 644 se
1248 603 1546 658 permitterent,

186 666 252 707 vel
278 665 389 705 mille
415 665 615 705 talentum
643 666 788 706 darent
813 667 1064 719 eosdemque
1090 666 1243 706 amicos
1272 673 1394 718 atque
1413 664 1548 705 inimi-

186 742 256 769 cos
283 728 496 768 haberent.
536 727 766 782 exprimere
792 728 1052 782 cupientibus
1073 742 1247 781 quarum
1271 742 1410 768 rerum
1434 726 1477 767 in
1502 741 1546 767 se

186 789 400 830 arbitrium
429 790 591 829 senatui
616 790 919 843 permitterent,
945 790 1047 830 nihil
1072 790 1173 830 certi
1198 804 1446 844 responsum
1471 796 1547 829 est.

186 851 243 892 ita
262 851 417 891 infecta
433 864 536 905 pace
558 850 737 900 dimissi,
764 852 865 892 urbe
886 852 1033 893 eodem
1053 851 1136 900 die,
1163 851 1284 891 Italia
1303 850 1410 891 intra
1429 849 1547 904 quin-

187 912 320 954 decim
346 912 434 953 dies
460 913 660 953 excedere
686 913 801 954 iussi.

271 975 456 1020 Tum,de
483 976 699 1017 consulum
724 975 946 1030 provinciis
975 982 1166 1029 coeptum
1192 974 1260 1029 agi
1285 982 1360 1015 est.
1423 974 1545 1015 ambo

188 1036 409 1078 Graeciam
440 1036 674 1090 cupiebant.
724 1037 898 1076 multum
924 1036 1097 1076 Laelius
1128 1036 1170 1076 in
1196 1045 1343 1076 senatu
1372 1043 1546 1091 poterat.

185 1099 240 1148 is,
267 1113 361 1139 eum
387 1109 555 1139 senatus
582 1107 651 1138 aut
677 1099 812 1139 sortiri
837 1106 908 1138 aut
934 1112 1174 1152 comparare
1193 1097 1299 1137 inter
1319 1112 1363 1137 se
1382 1097 1548 1151 provin-

187 1160 270 1201 cias
297 1160 487 1201 consules
513 1159 724 1208 iussisset,
759 1159 989 1213 elegantius
1016 1159 1198 1199 facturos
1226 1159 1345 1207 dixit,
1384 1159 1419 1199 si
1443 1158 1549 1198 iudi-

186 1222 248 1262 cio
272 1229 436 1275 patrum
462 1235 585 1273 quam
611 1220 646 1260 si
678 1221 777 1261 sorti
809 1236 901 1262 eam
932 1235 1018 1261 rem
1043 1220 1343 1275 permisissent.
1406 1218 1547 1274 Scipio

184 1299 386 1338 responso
419 1283 472 1323 ad
503 1282 582 1323 hoc
615 1283 730 1332 dato,
770 1283 1046 1337 cogitaturum
1079 1283 1178 1336 quid
1209 1281 1287 1323 sibi
1313 1281 1549 1322 faciendum

186 1353 316 1395 esset,
355 1360 449 1386 cum
479 1345 605 1386 fratre
637 1360 720 1385 uno
750 1345 932 1394 locutus,
970 1345 1191 1398 iussusque
1224 1344 1275 1385 ab
1307 1359 1355 1385 eo
1380 1344 1550 1398 permit-

185 1415 270 1448 tere
308 1407 503 1447 audacter
541 1407 722 1455 senatui‚
770 1407 978 1448 renuntiat
1016 1407 1218 1461 collegae,
1263 1407 1468 1446 facturum
1505 1421 1549 1446 se

186 1469 297 1522 quod
321 1469 355 1509 is
383 1478 582 1509 censeret.
644 1483 737 1509 cum
761 1484 827 1509 res
854 1478 923 1509 aut
950 1484 1058 1510 nova
1083 1477 1153 1509 aut
1179 1476 1383 1509 vetustate
1410 1483 1550 1508 exem-

186 1531 349 1585 plorum
374 1531 599 1571 memoriae
630 1531 714 1570 iam
748 1531 934 1572 exoletae
966 1531 1098 1571 relata
1129 1531 1437 1585 exspectatione
1463 1544 1550 1570 cer-

188 1592 351 1632 taminis
380 1601 569 1632 senatum
594 1592 814 1641 erexisset,
852 1593 902 1633 P.
932 1591 1074 1646 Scipio
1099 1592 1326 1632 Africanus
1360 1591 1480 1640 dixit,
1514 1591 1549 1631 si

188 1655 240 1694 L.
269 1653 455 1708 Scipioni
479 1654 595 1694 fratri
621 1669 695 1694 suo
722 1654 979 1708 provinciam
1006 1653 1227 1694 Graeciam
1252 1653 1547 1701 decrevissent,

189 1730 232 1756 se
268 1715 452 1768 legatum
490 1716 655 1756 iturum.
728 1716 830 1756 haec
873 1730 954 1755 vox
990 1730 1142 1769 magno
1185 1715 1366 1755 adsensu
1409 1714 1549 1755 audita

189 1777 355 1817 sustulit
381 1786 601 1818 certamen.
654 1777 830 1832 experiri
855 1777 1042 1826 lubebat,
1068 1787 1206 1817 utrum
1230 1777 1323 1831 plus
1350 1776 1439 1831 regi
1456 1777 1548 1816 An-

189 1838 324 1880 tiocho
350 1839 391 1878 in
417 1840 656 1880 Hannibale
690 1840 797 1880 victo
826 1856 877 1880 an
909 1840 951 1880 in
982 1840 1135 1880 victore
1161 1840 1362 1880 Africano
1390 1839 1549 1880 consuli

187 1900 503 1954 legionibusque
546 1902 746 1942 Romanis
791 1902 932 1942 auxilii
974 1902 1098 1950 foret3
1148 1915 1196 1942 ac
1238 1916 1365 1956 prope
1403 1916 1547 1942 omnes

189 1961 376 2016 Scipioni
403 1962 643 2012 Graeciam,
670 1964 818 2005 Laelio
843 1964 1007 2004 Italiam
1033 1964 1316 2004 decreverunt.

273 2025 331 2066 Π.
379 2025 600 2067 Praetores
626 2026 722 2066 inde
748 2026 982 2080 provincias
1010 2025 1141 2066 sortiti
1168 2033 1282 2073 sunt,
1309 2024 1548 2064 L.Aurun-

190 2087 344 2127 culeius
372 2088 592 2137 urbanam,
632 2087 711 2129 Cn.
736 2088 910 2128 Fulvius
943 2087 1223 2142 peregrinam,
1262 2086 1315 2127 L.
1341 2085 1547 2126 Aemilius

189 2149 379 2202 Regillus
407 2149 603 2198 classem,
629 2150 680 2191 P.
705 2150 852 2190 Iunius
878 2150 1036 2190 Brutus
1063 2148 1245 2197 Tuscos,
1278 2147 1340 2188 M.
1367 2147 1547 2188 Tuccius

190 2210 390 2264 Apuliam
415 2220 455 2251 et
472 2212 680 2260 Bruttios,
709 2211 758 2252 C.
780 2211 947 2252 Atinius
965 2210 1163 2252 Siciliam.
1214 2209 1374 2251 consuli
1399 2209 1547 2250 deinde

191 2272 256 2312 cui
295 2271 472 2313 Graecia
507 2274 722 2328 provincia
758 2274 922 2314 decreta
959 2280 1065 2322 erat,
1104 2273 1157 2312 ad
1192 2287 1285 2313 eum
1323 2272 1549 2312 exercitum

191 2349 314 2387 quem
340 2349 364 2374 a
393 2335 467 2375 M’.
494 2335 632 2376 Acilio
657 2359 712 2364 —-
738 2335 843 2376 duae
876 2344 1013 2375 autem
1043 2334 1228 2388 legiones
1261 2341 1377 2374 erant
1399 2358 1457 2363 ——-
1481 2347 1548 2374 ac-

192 2404 385 2450 cepturus
412 2405 541 2445 esset,
580 2397 621 2437 in
648 2397 984 2451 supplementum
1016 2396 1156 2436 addita
1186 2396 1371 2451 peditum
1398 2395 1548 2436 civium

189 2458 474 2499 Romanorum
500 2459 576 2499 tria
600 2459 730 2508 milia,
769 2459 927 2512 equites
954 2465 1120 2499 centum
1151 2466 1191 2499 et
1223 2458 1381 2499 socium
1405 2457 1548 2498 Latini

1576 1728 1616 1758 10

190 2519 367 2560 nominis
395 2520 574 2574 quinque
600 2521 731 2570 milia,
758 2520 917 2573 equites
944 2520 1128 2569 ducenti3
1168 2527 1207 2560 et
1234 2519 1456 2568 adiectum,
1487 2526 1545 2567 ut,
1572 2532 1591 2562 3

191 2595 285 2622 cum
321 2582 363 2622 in
398 2583 652 2637 provinciam
689 2583 890 2632 venisset,
936 2582 970 2623 si
1006 2597 1027 2622 e
1058 2597 1101 2622 re
1138 2581 1303 2636 publica
1339 2581 1547 2622 videretur

1256 2648 1323 2681 17*
