1799 2900
435 159 589 193 LIBER
613 158 838 203 XXXVIII,
863 159 917 193 56.
937 160 991 193 57.
1020 161 1069 203 [a.
1085 159 1124 193 0.
1140 159 1220 202 187]
1423 151 1505 192 369

154 262 290 304 fratris
322 261 502 303 adlatam
532 262 676 302 relicta
706 262 913 317 legatione
945 262 1176 303 cucurrisse
1208 276 1302 303 eum
1326 262 1505 304 Romam

153 332 211 373 et,
250 338 342 364 cum
369 338 392 363 a
416 329 535 377 porta
564 331 676 364 recta
702 325 755 364 ad
786 325 922 365 forum
956 339 999 365 sc
1026 324 1286 374 contulisset,
1324 324 1435 377 quod
1464 324 1505 364 in

153 385 317 426 vincula
355 385 448 425 duci
484 384 654 426 fratrem
687 386 842 427 dictum
874 394 979 435 erat,
1016 385 1247 441 reppulisse
1279 401 1303 426 a
1334 400 1505 440 corpore

154 447 239 488 eius
277 447 477 487 viatorem
516 454 556 487 et
591 447 766 488 tribunis
803 448 1075 489 retinentibus
1112 447 1246 501 magis
1283 447 1349 502 pie
1382 462 1507 500 quam

153 509 325 550 civiliter
351 508 435 548 vim
460 508 623 549 fecisse.
662 509 758 550 hine
783 510 891 550 enim
917 511 1007 564 ipse
1033 509 1098 550 Ti.
1127 508 1343 550 Gracchus
1370 509 1506 562 qucri-

151 578 230 620 tur‚
258 570 503 611 dissolutam
529 585 622 611 esse
648 586 672 611 a
697 570 858 625 privato
885 571 1146 612 tribuniciam
1170 578 1439 625 potestatem,
1466 578 1507 611 et

152 633 205 673 ad
223 640 492 686 postremum,
516 646 608 672 cum
629 633 827 673 auxilium
841 634 894 674 L.
912 632 1097 687 Scipioni
1116 633 1344 687 pollicetur,
1369 633 1505 682 adicit,

154 695 439 735 tolerabilioris
473 694 652 748 exempli
684 710 776 736 esse
802 711 825 736 a
849 696 1014 736 tribuno
1045 695 1179 750 plebis
1210 695 1349 750 potius
1382 710 1507 748 quam

153 773 177 798 a
201 757 362 811 privato
388 757 540 797 vietam
566 757 697 798 videri
723 764 763 798 et
789 758 1049 798 tribuniciam
1080 764 1328 812 potestatem
1355 765 1395 798 et
1419 772 1507 798 rem

153 819 360 873 publicam
386 833 491 859 csse.
547 819 621 859 sed
645 819 702 859 ita
727 819 834 859 hanc
859 834 983 859 unam
1008 819 1262 873 inpotentem
1289 819 1377 860 eius
1403 819 1508 859 iniu-

152 881 255 921 riam
280 880 436 921 invidia
461 888 615 929 onerat,
644 888 688 921 ut
712 881 964 936 increpando
991 882 1101 934 quod
1127 882 1387 936 degenerarit
1418 888 1509 922 tan-

154 950 241 983 tum
267 958 290 983 a
316 958 360 983 se
391 943 481 997 ipse
513 943 742 985 cumulatas
775 944 812 984 ei
842 951 1003 985 veteres
1034 944 1179 984 laudes
1211 943 1506 984 moderationis

153 1012 193 1045 et
212 1004 508 1059 temperantiae
528 1020 602 1059 pro
623 1005 944 1060 reprehensione
966 1006 1175 1059 praesenti
1194 1006 1359 1054 reddat3
1387 1005 1509 1046 casti-

151 1074 294 1122 gatum
321 1067 429 1108 enim
455 1067 663 1119 quondam
688 1068 740 1108 ab
766 1083 814 1109 co
839 1068 1040 1122 populum
1066 1068 1134 1116 ait,
1161 1068 1272 1120 quod
1297 1083 1392 1108 eum
1417 1083 1510 1122 per-

151 1137 322 1185 petuum
349 1129 562 1169 consulem
587 1136 628 1169 et
648 1130 890 1170 dictatorem
911 1129 1037 1170 vellet
1062 1130 1218 1170 facere:
1243 1130 1508 1183 prohibuisse

152 1199 310 1232 statuas
338 1191 415 1231 sibi
438 1191 482 1230 in
508 1191 691 1240 comitio,
723 1192 765 1231 in
790 1191 953 1239 rostris,
986 1191 1028 1231 in
1053 1191 1185 1239 curia,
1216 1191 1259 1231 in
1286 1190 1507 1245 Capitolio,

150 1253 192 1294 in
229 1253 332 1293 cella
367 1252 481 1293 Iovis
518 1253 635 1306 poni,
684 1253 966 1307 prohibuisse,
1016 1267 1067 1293 ne
1105 1253 1415 1301 decerneretur,
1463 1261 1509 1293 ut

150 1315 288 1369 imago
315 1329 390 1355 sua
422 1314 661 1369 triumphali
693 1323 841 1356 ornatu
866 1329 887 1356 e
919 1314 1075 1369 templo
1101 1314 1215 1356 Iovis
1247 1314 1392 1369 optimi
1422 1329 1510 1355 ma-

151 1376 252 1417 ximi
278 1376 420 1417 exiret.

234 1437 378 1479 LVII.
427 1438 548 1478 Haec
579 1438 645 1479 vel
676 1438 717 1479 in
749 1439 985 1480 laudatione
1016 1440 1152 1493 posita
1182 1439 1395 1493 ingentem
1421 1454 1508 1479 ma-

150 1500 410 1554 gnitudinem
435 1500 560 1540 animi
585 1501 837 1542 moderantis
865 1502 917 1542 ad
942 1501 1105 1542 civilem
1131 1501 1318 1541 habitum
1344 1501 1510 1542 honori-

150 1563 228 1603 bus
251 1562 544 1615 signifiearent,
572 1577 676 1615 quae
697 1564 985 1618 exprobrando
1005 1563 1194 1603 inimicus
1215 1563 1380 1603 fatetur.
1413 1563 1508 1603 huic

153 1622 345 1665 Graccho
370 1623 572 1664 minorem
598 1639 648 1664 ex
675 1625 835 1666 duabus
861 1625 955 1665 filiis
982 1649 1037 1653 ——
1061 1640 1158 1664 nam
1182 1624 1313 1665 maior
1337 1625 1387 1664 P.
1405 1623 1510 1665 Cor-

150 1686 259 1727 nelio
273 1685 450 1726 Nasicae
476 1685 587 1726 haud
609 1686 730 1727 dubie
750 1702 774 1727 a
798 1694 914 1741 patre
935 1686 1150 1727 conlocata
1169 1697 1323 1726 e1·at——
1337 1693 1509 1740 nuptam

151 1748 282 1789 fuisse
309 1747 515 1788 convenit.
547 1748 649 1788 illud
675 1764 821 1802 parum
848 1756 1022 1797 constat,
1049 1756 1187 1788 utrum
1211 1755 1307 1802 post
1332 1755 1526 1790 mortem.

150 1810 278 1863 patris
306 1816 345 1850 et,
377 1809 585 1863 desponsa
617 1810 668 1850 sit
695 1818 735 1850 et
759 1810 966 1865 nupserit,
1000 1825 1051 1850 an
1077 1824 1199 1850 verae
1229 1809 1323 1850 illae
1350 1809 1509 1864 opinio-

150 1886 224 1912 nes
252 1871 352 1920 sint,
382 1870 632 1921 Gracchum,
660 1886 754 1912 eum
779 1873 832 1913 L.
863 1871 1003 1926 Scipio
1034 1872 1077 1911 in
1102 1871 1267 1912 vincula
1292 1871 1510 1912 duceretur

150 1947 226 1973 nec
252 1933 472 1986 quisquam
498 1934 750 1988 collegarum
777 1935 928 1975 auxilio
955 1941 1084 1982 esset,
1115 1933 1296 1982 iurasse,
1330 1934 1409 1974 sibi
1433 1933 1510 1973 ini-

150 1994 326 2035 micitias
360 2009 454 2035 cum
487 1993 771 2050 Scipionibus,
805 2011 910 2049 quae
942 1995 1138 2044 fuissent,
1170 2010 1337 2036 manere
1363 2009 1440 2036 nec
1466 2010 1510 2036 sc

151 2056 309 2111 gratiae
337 2058 597 2109 quaerendae
624 2072 750 2099 causa
774 2058 994 2111 quicquam
1020 2058 1177 2106 facere,
1216 2057 1289 2098 sed
1318 2057 1359 2096 in
1386 2071 1509 2109 quem

152 2132 359 2158 carcerem
383 2133 504 2172 reges
531 2126 571 2159 et
596 2119 864 2174 imperatores
891 2119 1073 2160 hostium
1094 2120 1312 2159 ducentem
1337 2118 1518 2159 vidisset

151 2181 200 2220 P.
215 2180 475 2228 Africanum,
502 2181 544 2220 in
565 2196 659 2221 eum
680 2197 723 2222 se
745 2183 916 2222 fratrem
936 2182 1023 2222 eius
1039 2181 1133 2221 duci
1158 2196 1242 2222 non
1266 2196 1506 2235 passurum3

153 2249 343 2282 senatum
369 2257 417 2282 eo
444 2242 509 2282 die
535 2243 641 2283 forte
666 2244 708 2283 in
725 2242 932 2298 Capitolio
960 2251 1176 2284 cenantem
1197 2243 1506 2283 consurrexisse

153 2310 193 2344 et
217 2303 390 2358 petisse,
422 2311 469 2343 ut
497 2304 604 2344 inter
635 2306 778 2359 epulas
807 2305 999 2347 Graccho
1031 2305 1159 2345 filiam
1182 2304 1409 2345 Africanus
1437 2304 1508 2344 de-

153 2365 375 2419 sponderet
383 2382 393 2414 3
421 2366 571 2418 quibus
592 2366 649 2406 ita
668 2366 774 2407 inter
793 2367 1005 2421 publicum
1026 2367 1225 2407 sollemne
1241 2366 1504 2419 sponsalibus

150 2427 227 2468 rite
248 2427 383 2476 factis,
411 2442 504 2467 cum
525 2442 568 2467 se
590 2428 758 2468 domum
776 2429 1018 2483 recepisset,
1047 2427 1288 2482 Scipionem
1299 2428 1507 2468 Aemiliae

151 2489 270 2529 uxori
307 2488 461 2530 dixisse
497 2489 624 2529 filiam
662 2505 705 2530 se
743 2490 945 2531 minorem
977 2489 1270 2545 despondisse,
1308 2503 1402 2530 cum
1437 2489 1507 2529 illa

151 2550 406 2592 muliebriter
440 2550 754 2605 indignabunda
789 2552 890 2593 nihil
928 2553 979 2593 de
1010 2551 1219 2593 communi
1249 2551 1333 2592 filia
1365 2565 1506 2592 secum

153 2614 449 2663 consultatum,
477 2613 713 2664 adiecisset,
740 2630 823 2656 non
850 2615 884 2656 si
909 2615 974 2655 Ti.
1002 2614 1194 2655 Graccho
1220 2613 1334 2655 daret
1361 2628 1507 2668 exper-

223 2679 289 2706 ιῑιϊ
303 2680 355 2706 cuz.
372 2680 419 2706 ιιι.
1242 2680 1286 2713 24

1534 524 1574 553 10

1536 833 1574 861 11

1536 1015 1576 1045 12

1537 1451 1550 1479 1

1535 1574 1552 1603 2

1535 1946 1554 1974 4
