1799 2900
221 576 258 605 10

220 760 256 788 11

220 1132 257 1160 13

216 1194 257 1224 14

219 1439 258 1468 15

219 1747 256 1777 16

220 2242 257 2271 19

284 143 368 184 430
624 147 776 182 LIBER
796 147 962 191 xxxx,
988 148 1020 181 8.
1048 150 1145 191 [au.
1161 159 1189 183 ο.
1205 148 1287 194 572]

283 253 444 309 pridem
463 251 630 305 quidem
650 250 756 290 hanc
775 250 998 304 procellam
1017 250 1285 292 inminentem
1305 251 1520 301 timebam,
1546 265 1640 292 cum

284 315 421 356 vultus
453 314 559 354 inter
590 328 664 353 vos
695 312 864 352 minime
895 312 1099 353 fraternos
1132 327 1360 362 cernerem,
1399 328 1491 354 cum
1517 328 1640 355 voces

285 376 486 430 quasdam
512 375 764 416 exaudirem.
813 374 888 414 sed
912 374 1118 415 interdum
1144 390 1238 430 spes
1261 376 1442 416 animum
1464 375 1641 425 subibat,

285 438 514 493 deflagrare
539 437 621 477 iras
647 447 827 484 vestras,
859 436 1027 490 purgari
1053 437 1302 492 suspitiones
1335 453 1460 493 posse
1470 455 1480 486 3
1518 438 1642 478 etiam

284 501 425 541 hostes
462 498 585 540 armis
617 498 764 553 positis
796 498 943 538 foedus
976 498 1098 540 icisse
1129 506 1169 540 01
1199 499 1382 554 privatas
1418 500 1642 540 multorum

285 562 514 604 simultates
540 561 695 608 finitas3
723 560 951 601 subituram
971 561 1088 602 vobis
1112 562 1332 615 aliquando
1357 562 1641 617 germanitatis

284 624 544 672 memoriam,
582 623 750 678 puerilis
777 623 985 676 quondam
1012 623 1284 678 simplicitatis
1312 625 1643 666 consuetudinis-

284 701 362 740 que
382 686 488 726 inter
509 700 596 732 vos,
618 700 803 725 meorum
824 685 999 737 denique
1019 692 1351 740 praeceptorum,
1374 700 1478 738 quae
1498 701 1643 728 vereor

284 763 336 789 ne
361 763 469 788 vana
495 747 628 788 surdis
655 747 822 787 auribus
850 747 1082 788 cecinerim.
1132 747 1321 800 quotiens
1343 762 1421 801 ego
1443 748 1644 788 audienti-

283 812 360 851 bus
394 810 511 852 vobis
544 811 773 851 detestatus
806 810 996 864 exempla
1032 810 1332 851 discordiarum
1369 810 1644 852 fraternarum

284 873 512 913 horrendos
545 880 717 913 eventus
756 887 898 913 eorum
931 873 1087 921 rettuli,
1127 873 1274 925 quibus
1310 887 1354 913 se
1391 873 1643 928 stirpemque

240 953 246 957 ·
286 950 421 984 suam,
462 936 626 984 domos,
664 950 794 989 regna
820 934 1005 975 funditus
1031 934 1295 975 evertissent!
1345 935 1516 976 meliora
1541 950 1643 989 quo-

285 1012 363 1050 que
390 997 581 1051 exempla
604 1003 722 1051 parte
748 996 877 1037 altera
900 996 1040 1051 posui,
1075 996 1314 1037 sociabilem
1339 997 1644 1039 consortionem

284 1060 389 1100 inter
414 1059 533 1099 binos
553 1059 984 1100 Lacedaemoniorum
1008 1073 1142 1113 reges,
1170 1059 1392 1100 salutarem
1417 1074 1490 1114 per
1514 1060 1644 1101 multa

285 1121 449 1162 saecula
469 1121 570 1175 ipsis
590 1121 843 1176 patriaeque,
870 1121 1044 1161 eandem
1065 1121 1285 1170 civitatem,
1311 1131 1533 1176 postquam
1552 1137 1643 1163 mos

285 1184 362 1225 sibi
383 1183 529 1237 cuique
550 1184 736 1238 rapiendi
756 1184 1017 1237 tyrannidem
1039 1193 1206 1225 exortus
1234 1185 1299 1232 sit,
1328 1199 1516 1225 eversam
1525 1201 1535 1233 3
1560 1184 1643 1224 iam

284 1247 359 1287 hos
384 1246 619 1286 Eumenem
649 1246 918 1298 Attalumque
945 1246 1114 1294 fratres,
1142 1261 1165 1286 a
1193 1244 1303 1300 [per]
1332 1261 1456 1299 quam
1481 1247 1643 1300 exiguis

282 1308 425 1355 rebus,
452 1322 580 1361 prope
606 1314 650 1346 ut
674 1307 847 1361 puderet
872 1307 976 1357 regii
1001 1307 1198 1356 nominis,
1226 1308 1338 1356 mihi,
1365 1308 1577 1349 Antiocho
1603 1316 1644 1348 et

284 1369 451 1409 cuilibet
483 1384 629 1423 regum
658 1368 779 1409 huius
812 1369 977 1417 aetatis,
1020 1369 1132 1409 nulla
1163 1384 1206 1409 rc
1240 1370 1373 1423 magis
1406 1384 1528 1422 quam
1561 1370 1644 1410 fia-

285 1439 401 1472 terna
431 1431 718 1479 unanimitate,
755 1446 929 1484 regnum
965 1445 1179 1484 aequasse.
1240 1446 1291 1472 ne
1322 1432 1523 1473 Romanis
1555 1433 1644 1486 qui-

285 1494 379 1534 dem
406 1493 606 1547 exemplis
633 1493 827 1541 abstinui,
855 1507 959 1545 quae
981 1501 1049 1533 aut
1071 1493 1158 1533 visa
1178 1500 1247 1533 aut
1268 1494 1407 1534 audita
1426 1494 1643 1543 habebam,

285 1556 335 1595 T.
362 1562 402 1595 01
427 1555 479 1595 L.
508 1554 816 1605 Quinctiorum,
856 1555 924 1607 qui
949 1555 1104 1595 bellum
1129 1569 1291 1595 mecum
1316 1564 1556 1610 gesserunt,
1591 1557 1642 1598 P.

285 1624 325 1657 01
350 1617 403 1656 L.
432 1614 694 1670 Scipionum,
732 1616 802 1668 qui
831 1616 1087 1657 Antiochum
1119 1617 1375 1666 devicerunt,
1411 1619 1540 1672 patris
1571 1634 1645 1673 pa-

284 1678 446 1731 truique
472 1693 632 1726 corum,
660 1692 834 1731 quorum
859 1686 1102 1733 perpetuam
1124 1679 1232 1720 vitae
1253 1680 1514 1720 concordiam
1533 1696 1644 1722 mors

285 1754 447 1793 quoque
484 1739 662 1780 miscuit.
745 1754 880 1793 neque
918 1755 992 1781 vos
1035 1740 1200 1781 illorum
1245 1742 1380 1782 scelus
1418 1743 1643 1796 similisque

285 1802 429 1843 sceleri
455 1810 628 1842 eventus
656 1801 861 1843 deterrere
887 1818 911 1843 a
935 1803 1128 1843 vaecordi
1155 1803 1361 1844 discordia
1384 1804 1536 1858 potuit,
1571 1820 1644 1846 ne-

284 1879 363 1917 que
387 1863 534 1904 herum
554 1864 663 1904 bona
683 1879 815 1913 1110115,
842 1864 951 1904 bona
971 1865 1137 1905 fortuna
1156 1865 1209 1904 ad
1229 1866 1447 1906 sanitatem
1465 1866 1642 1908 flectere.

283 1926 378 1967 vivo
405 1933 443 1966 01
471 1925 651 1980 spirante
677 1941 742 1966 me
764 1925 1033 1967 hereditatem
1058 1941 1194 1967 meam
1214 1928 1336 1968 ambo
1358 1935 1398 1968 ct
1418 1942 1491 1982 spc
1511 1935 1552 1968 et
1574 1943 1644 1968 cu-

285 1987 456 2042 piditate
493 1988 668 2042 inproba
705 1988 906 2029 crevistis.
973 2003 1021 2029 eo
1057 2003 1189 2042 usque
1226 2004 1293 2030 me
1329 1989 1468 2031 vivere
1503 1990 1641 2040 vultis,

283 2050 415 2091 donec
441 2049 606 2090 alterius
633 2053 819 2090 vestrum
845 2058 1054 2105 supeistes
1086 2051 1198 2091 haud
1229 2051 1469 2106 ambiguum
1499 2067 1641 2107 legem

283 2112 458 2152 alterum
489 2127 582 2152 mea
606 2120 737 2153 morte
764 2112 927 2153 faciam.
988 2126 1064 2153 nec
1089 2113 1258 2153 fratlem
1285 2127 1360 2154 nec
1385 2121 1545 2167 patrem
1568 2130 1643 2169 po-

284 2167 400 2208 testis
426 2168 525 2222 pati.
585 2168 687 2208 nihil
713 2168 814 2216 cari,
840 2168 942 2208 nihil
968 2169 1100 2209 sancti
1126 2177 1208 2219 051,
1234 2169 1276 2209 in
1301 2170 1485 2210 omnium
1510 2170 1642 2212 vicem

282 2229 401 2284 regni
426 2229 547 2269 unius
573 2229 817 2270 insatiabilis
844 2246 960 2271 amor
992 2231 1205 2272 successit.
1266 2232 1394 2286 agite,
1433 2233 1642 2274 conscele-

282 2301 369 2332 rate
395 2306 515 2332 aures
541 2299 757 2346 paternas,
790 2292 997 2333 decernite
1025 2293 1282 2342 criminibus,
1314 2309 1412 2334 mox
1436 2294 1545 2335 ferro
1571 2294 1641 2335 de-

283 2353 451 2402 creturi,
491 2354 612 2394 dicite
637 2354 776 2408 palam
807 2354 1007 2407 quidquid
1038 2363 1108 2395 aut
1138 2354 1223 2395 veri
1248 2355 1422 2410 potestis
1449 2363 1518 2396 aut
1541 2356 1641 2397 libet

284 2416 557 2465 comminisci;
594 2424 801 2457 reseratae
834 2431 953 2457 aures
988 2424 1101 2465 sunt,
1140 2431 1244 2470 quae
1269 2417 1444 2472 posthac
1471 2417 1638 2459 secretis

284 2477 450 2518 alterius
477 2479 528 2518 ab
554 2479 682 2519 altero
708 2478 944 2519 criminibus
971 2479 1237 2520 claudentur?
1285 2479 1388 2520 haee
1413 2480 1554 2520 furens
1579 2479 1639 2519 ira

284 2551 377 2577 cum
404 2539 593 2588 dixisset,
631 2540 824 2582 lacrimae
857 2540 1048 2582 omnibus
1080 2541 1249 2582 obortae
1275 2550 1315 2582 et
1340 2541 1410 2582 diu
1434 2548 1637 2582 maestum

287 2598 493 2640 silentium
519 2602 660 2642 tenuit.
