1799 2900
273 147 355 189 438
564 155 715 189 Lmen
741 155 910 199 xxxx,
938 156 1065 190 1:316.
1093 159 1190 200 [a.u.
1207 157 1332 200 0572]

271 258 402 298 ricidii
435 257 665 298 dicendam.
716 257 805 299 sine
837 258 1068 308 advocatis,
1107 260 1194 300 sine
1225 261 1408 315 patronis
1434 261 1523 316 ipse
1548 277 1623 316 pro

207 332 245 361 12
272 334 337 360 me
365 319 500 360 dicere
527 333 664 374 cogor.
715 319 749 360 si
773 335 848 375 pro
875 320 954 362 alio
980 321 1200 362 dicendum
1227 332 1355 373 esset,
1382 332 1544 379 tempus
1572 324 1624 365 ad

272 381 558 422 meditandum
600 389 641 422 et
685 383 1017 437 componendam
1060 384 1287 425 orationem
1336 387 1622 441 sumpsissem,

272 458 365 483 cum
391 444 490 496 quid
514 444 627 484 aliud
651 458 776 497 quam
805 445 962 499 ingenii
987 446 1099 486 fama
1124 447 1402 501 periclitarer?
1438 449 1622 502 ignaruS,

272 505 370 558 quid
395 506 618 546 arcessitus
646 520 796 555 essem,
821 513 862 547 te
887 506 1036 548 iratum
1063 518 1104 549 et
1128 509 1340 550 iubentem
1366 510 1501 551 dicere
1528 524 1623 551 cau—

206 580 243 609 13
271 582 374 615 sam,
400 568 571 608 fratrem
590 578 856 608 accusantem
876 569 1026 610 audivi.
1064 570 1132 611 ille
1153 571 1222 610 diu
1244 582 1338 612 ante
1365 582 1622 627 praeparata,

269 629 467 670 meditata
492 630 534 670 in
553 644 619 670 me
641 630 824 671 oratione
845 638 908 671 est
926 645 1046 681 usus3
1072 647 1150 686 ego
1170 632 1213 672 id
1232 640 1392 674 tantum
1411 635 1622 689 temporis,

270 706 351 744 quo
389 701 608 733 accusatus
648 707 758 741 sum,
799 693 852 733 ad
889 695 1244 748 cognoscendum,
1283 696 1383 748 quid
1419 706 1623 750 ageretur,

205 766 243 794 14
270 753 409 794 habui.
470 763 609 794 utrum
638 762 850 795 momento
875 755 944 796 illo
978 755 1102 797 horae
1129 765 1414 798 accusatorem
1439 758 1624 798 audirem

269 830 321 855 an
342 815 629 856 defensionem
647 816 894 857 meditarer?
925 817 1134 859 adtonitus
1156 819 1372 872 repentino
1393 828 1516 872 atque
1535 819 1625 860 ino-

268 877 408 931 pinato
431 877 554 927 malo,
580 879 650 919 vix
671 878 770 932 quid
788 878 1020 920 obiceretur
1044 880 1285 934 intellegere
1310 881 1444 935 potui;
1470 881 1624 922 nedum

203 951 242 980 15
270 939 370 980 satis
404 940 550 989 sciam,
584 955 665 993 quo
696 941 821 982 modo
845 956 913 982 me
939 949 1067 982 tuear.
1129 942 1228 995 quid
1252 942 1353 982 mihi
1379 943 1467 997 spei
1499 952 1623 993 esset,

267 1001 347 1042 nisi
360 1011 522 1056 patrem
534 1002 714 1043 iudicem
734 1002 957 1044 haberem?
983 1004 1093 1058 apud
1114 1019 1235 1057 quem
1255 1005 1379 1045 etiam
1401 1005 1435 1045 si
1455 1005 1624 1046 caritate

269 1078 293 1104 a
317 1064 443 1105 fratre
469 1064 624 1105 maiore
650 1065 810 1114 vincor,
842 1065 1125 1106 misericordia
1152 1074 1260 1107 certe
1285 1081 1381 1107 reus
1407 1067 1518 1107 vinci
1541 1082 1624 1108 non

203 1136 242 1164 16
270 1125 415 1167 debeo.
476 1141 555 1181 ego
581 1126 691 1167 enim
716 1136 761 1167 ut
792 1142 857 1168 me
883 1127 985 1167 mihi
1010 1128 1165 1181 tibique
1191 1143 1332 1169 serves
1358 1143 1522 1183 precor,
1553 1129 1623 1170 ille

267 1195 313 1228 ut
330 1202 396 1228 me
416 1187 458 1228 in
473 1189 737 1229 securitatem
753 1204 871 1230 suam
885 1190 1050 1231 occidas
1064 1190 1260 1244 postulat.
1288 1191 1387 1244 quid
1401 1206 1508 1240 eum,
1530 1205 1623 1232 cum

267 1263 442 1303 regnum
468 1249 505 1289 ei
531 1250 763 1299 tradideris,
789 1251 997 1291 facturum
1022 1252 1155 1292 credis
1177 1252 1219 1292 in
1238 1268 1303 1293 me
1325 1268 1430 1301 esse,
1451 1252 1522 1306 qui
1541 1253 1622 1293 iam

267 1325 378 1350 nunc
404 1311 651 1365 sanguinem
676 1327 816 1352 meum
842 1312 920 1353 sibi
945 1313 1151 1366 indulgeri
1178 1328 1355 1366 aequum
1381 1314 1564 1355 censet?

224 1384 239 1412 1
352 1371 478 1414 XVI.
516 1373 685 1414 Dicenti
710 1374 813 1414 haec
837 1374 1030 1414 lacrimae
1058 1375 1180 1414 simul
1207 1376 1395 1429 spiritum
1416 1385 1456 1417 et
1476 1390 1622 1417 vocem

266 1433 598 1476 intercluserunt.
657 1435 877 1490 Philippus
916 1437 1118 1476 submotis
1156 1436 1205 1477 iis
1242 1437 1452 1492 paulisper
1483 1438 1623 1479 conlo-

267 1504 386 1536 cutus
414 1510 508 1536 cum
533 1497 675 1537 amicis
701 1497 1003 1551 pronuntiavit,
1041 1513 1126 1538 non
1157 1499 1294 1538 verbis
1322 1514 1366 1539 se
1397 1514 1475 1540 nec
1498 1500 1621 1540 unius

221 1571 239 1598 2>
267 1558 392 1598 horae
418 1557 718 1612 disceptatione
745 1573 914 1599 causam
935 1574 1078 1600 eorum
1104 1560 1436 1609 diiudicaturum,
1463 1562 1538 1602 sed
1561 1562 1624 1601 in·

267 1619 467 1672 quirendo
498 1619 541 1660 in
566 1620 782 1673 utriusque
807 1621 954 1671 vitam,
979 1636 1136 1671 mores,
1163 1630 1202 1662 et
1229 1622 1338 1663 dicta
1363 1623 1555 1676 factaque
1580 1623 1622 1664 in

222 1694 240 1722 3
266 1682 430 1736 magnis
462 1683 686 1737 parvisque
717 1684 842 1724 rebus
875 1684 1156 1733 observando,
1193 1692 1237 1724 ut
1270 1685 1461 1726 omnibus
1495 1686 1623 1740 adpa-

264 1752 386 1793 reret,
412 1745 546 1785 noctis
572 1745 787 1799 proximae
814 1746 968 1786 crimen
994 1746 1116 1787 facile
1141 1747 1356 1796 revictum,
1384 1757 1622 1802 suspectam

265 1806 432 1846 nimiam
462 1821 556 1847 cum
578 1807 782 1848 Romanis
807 1807 1014 1848 Demetrii
1039 1808 1217 1863 gratiam
1243 1823 1347 1850 esse.
1398 1809 1501 1850 haee
1527 1809 1621 1850 vivo

265 1867 461 1923 Philippo
487 1869 600 1909 velut
627 1869 786 1910 semina
809 1870 918 1910 iacta
945 1878 1040 1910 sunt
1064 1870 1330 1912 Macedonici
1361 1871 1477 1921 belli,
1511 1871 1620 1925 quod

264 1931 443 1971 maxime
470 1945 563 1971 cum
586 1932 744 1972 Perseo
770 1932 998 1986 gerendum
1023 1940 1122 1973 erat.

221 2003 239 2031 4
352 1991 559 2033 Consules
586 1994 708 2034 ambo
733 1994 776 2033 in
802 1994 1003 2048 Ligures,
1038 2008 1143 2047 quae
1169 2002 1256 2034 tum
1282 2009 1365 2035 una
1390 1994 1619 2035 consularis

264 2054 479 2108 provincia
509 2062 614 2104 erat,
647 2055 978 2110 proficiscuntur.
1039 2064 1080 2096 et
1111 2056 1207 2108 quia
1236 2071 1435 2110 prospere
1466 2055 1523 2096 ibi
1552 2071 1619 2096 res

221 2128 239 2156 5
266 2124 502 2169 gesserunt,
530 2117 775 2171 supplicatio
801 2118 845 2157 in
868 2132 997 2157 unum
1024 2117 1133 2158 diem
1159 2118 1325 2158 decreta
1350 2126 1425 2158 est.
1486 2117 1621 2172 Ligu-

264 2192 356 2217 rum
382 2178 463 2219 duo
494 2179 608 2219 milia
637 2179 724 2220 fere
756 2179 809 2219 ad
841 2188 1072 2220 extremum
1097 2180 1223 2220 finem
1253 2179 1491 2234 provinciae
1518 2180 1620 2221 Gal-

266 2238 358 2287 liae,
384 2239 455 2279 ubi
481 2248 618 2281 castra
642 2241 872 2281 Marcellus
898 2240 1097 2290 habebat,
1124 2249 1345 2289 venerunt,
1378 2242 1438 2281 uti
1461 2241 1619 2296 recipe-

265 2309 406 2341 rentur
432 2309 611 2343 orantes.
647 2302 877 2343 BIarcellus
904 2303 1084 2358 opperiri
1111 2302 1258 2343 eodem
1282 2303 1373 2344 loco
1388 2303 1618 2358 Liguribus

222 2375 239 2403 ο·
266 2362 388 2404 iussis
427 2372 617 2405 senatum
653 2380 727 2419 per
769 2365 927 2406 litteras
967 2365 1187 2406 consuluit.
1261 2375 1428 2406 senatus
1471 2365 1619 2406 rescri-

265 2425 362 2465 bere
399 2425 462 2466 M.
501 2426 734 2481 Ogulnium
776 2435 1011 2482 praetorem
1046 2427 1251 2468 BIarcello
1292 2427 1431 2476 iussit,
1480 2427 1616 2468 verius

267 2486 395 2527 fuisse
422 2489 635 2537 consules,
669 2504 845 2542 quorum
869 2489 1083 2544 provincia
1109 2497 1237 2537 esset,
1273 2503 1396 2542 quam
1422 2504 1486 2537 se,
1519 2488 1616 2541 quid

267 2561 288 2586 e
314 2549 547 2601 republica
574 2561 704 2599 essct,
737 2551 977 2591 decernere:
1011 2559 1098 2591 tum
1130 2565 1293 2603 quoque
1325 2566 1408 2591 non
1440 2550 1614 2604 placere,

267 2608 345 2647 nisi
386 2624 460 2663 per
497 2611 749 2652 deditionem
786 2613 967 2667 Ligures
1010 2613 1162 2667 recipi3
1206 2620 1246 2652 et
1287 2611 1465 2665 receptis
1502 2625 1615 2651 arma
