1799 2900
177 470 194 499 ΟΞ

176 842 195 869 ῦ

161 1831 198 1861 10

163 2081 195 2109 11

163 2266 199 2294 12

165 2452 200 2480 123

222 157 303 198 27ss
526 164 680 198 LIBER
704 164 906 207 xxxvn,
932 163 986 198 20.
1016 166 1063 207 [a.
1079 175 1111 198 u.
1128 174 1156 198 c.
1171 163 1252 207 501]

222 268 462 323 discipulus.
535 266 603 320 qui
652 266 824 307 biduum
866 266 986 307 simu]
1030 266 1083 307 ad
1129 266 1308 320 quietem
1357 265 1569 307 hominum

221 344 500 384 equorumque
538 336 578 369 et
615 329 666 369 ad
704 329 896 369 visendas
934 328 1116 369 hostium
1153 328 1376 377 stationes,
1420 328 1570 381 quibus

221 393 320 433 locis
352 391 690 446 temporibusque
716 391 959 430 accederent
983 390 1293 445 reciperentque
1320 404 1432 438 sese,
1461 404 1571 429 sum-

220 462 403 511 pserunt.
465 454 517 494 ad
548 453 709 493 radices
741 453 826 493 fere
859 453 993 502 collis,
1026 453 1066 493 in
1098 467 1178 506 quo
1209 453 1345 507 posita
1370 453 1467 492 urbs
1495 461 1569 498 est,

220 520 309 571 regi
347 516 638 557 succedebant.
698 515 756 555 ita
797 515 928 555 libera
965 515 1016 555 ab
1058 524 1174 568 tergo
1216 514 1428 569 populatio
1471 521 1570 554 erat.

221 580 333 620 nullo
359 579 411 619 ab
437 579 558 626 urbe,
591 593 642 619 ne
673 577 714 617 in
742 577 940 617 stationes
967 576 1133 630 quidem
1158 577 1227 629 qui
1252 577 1395 631 procul
1419 576 1572 616 iacula-

221 649 344 689 retur,
366 647 622 688 excurrente,
649 647 869 694 postquam
891 639 1019 679 semel
1040 638 1241 692 compulsi
1263 646 1375 678 metu
1396 653 1440 678 se
1460 652 1573 678 moe-

221 703 341 743 nibus
369 702 642 750 incluserunt,
669 709 929 755 contemptus
956 716 1098 741 eorum
1125 708 1165 740 et
1190 700 1285 740 inde
1310 699 1574 754 neglegentia

221 765 331 820 apud
362 764 500 818 regios
532 764 672 804 oritur.
732 778 815 803 non
848 769 1018 809 stratos,
1056 777 1138 802 non
1170 761 1396 802 infrenatos
1423 776 1574 815 magna

220 842 315 881 pars
343 826 552 866 habehant
577 839 719 878 equos.
780 824 922 879 paucis
951 824 1002 864 ad
1029 839 1142 864 arma
1167 831 1207 864 et
1232 824 1395 864 ordines
1422 822 1574 863 relictis

222 888 370 943 dilapsi
400 887 525 928 ceteri
557 894 794 942 sparserant
826 902 870 927 se
900 892 988 927 toto
1019 886 1177 940 passim
1208 900 1373 940 campo,
1405 900 1501 939 pars
1532 885 1574 925 in

221 951 432 991 iuvenales
464 950 580 990 lusus
612 949 908 1002 lasciviamque
947 949 1075 997 versi,
1114 964 1210 1003 pars
1247 957 1464 989 vescentes
1497 948 1574 989 sub

222 1013 384 1061 umbra,
412 1012 578 1065 quidam
606 1027 750 1052 somno
777 1011 900 1052 etiam
933 1010 1063 1051 strati.
1124 1010 1227 1051 haec
1250 1010 1496 1065 Diophanes
1524 1025 1574 1051 ex

223 1075 305 1114 alta
329 1076 430 1115 urbe
450 1075 658 1128 Pergamo
685 1073 1001 1128 contemplatus,
1029 1088 1143 1113 arma
1169 1087 1265 1113 suos
1292 1086 1438 1127 capere
1464 1079 1503 1112 et
1524 1071 1576 1111 ad

222 1137 335 1176 iussa
365 1145 531 1190 praesto
557 1151 649 1176 esse
675 1135 806 1183 iubet3
840 1135 930 1189 ipse
954 1134 1145 1175 Attalum
1171 1134 1273 1183 adit,
1307 1141 1347 1174 et
1372 1134 1414 1173 in
1439 1133 1575 1174 animo

225 1198 302 1239 sibi
328 1212 420 1238 esse
447 1198 549 1238 dixit
574 1197 755 1238 hostium
782 1197 1002 1238 stationem
1022 1204 1236 1251 temptare.
1269 1211 1391 1250 aegre
1416 1196 1459 1235 id
1484 1210 1576 1250 per-

223 1261 410 1301 mittente
442 1260 606 1307 Attalo,
646 1259 798 1314 quippe
829 1259 898 1312 qui
934 1266 1098 1300 centum
1136 1259 1341 1311 equitibus
1376 1258 1573 1298 adversus

224 1330 456 1370 sescentos,
494 1322 605 1362 mille
636 1321 844 1376 peditibus
877 1335 969 1360 cum
1002 1330 1195 1373 quattuor
1219 1320 1383 1360 milibus
1415 1334 1576 1374 pugna-

224 1392 360 1424 turum
386 1392 588 1432 cerneret,
621 1395 740 1438 porta
771 1398 966 1437 egressus
993 1382 1104 1422 haud
1130 1382 1273 1437 procul
1300 1381 1475 1422 statione
1502 1381 1574 1421 ho-

225 1446 367 1494 stium,
401 1445 661 1486 occasionem
687 1445 926 1499 opperiens,
960 1444 1159 1485 consedit.
1220 1452 1259 1484 et
1285 1444 1354 1496 qui
1378 1442 1575 1497 Pergami

223 1516 339 1549 erant.
370 1507 593 1547 amentiam
624 1507 757 1561 magis
790 1521 914 1560 quam
946 1506 1162 1546 audaciam
1195 1506 1360 1546 credere
1391 1520 1503 1554 esse,
1535 1513 1576 1545 et

224 1571 364 1611 hostes
402 1570 611 1624 paulisper
642 1570 684 1610 in
716 1584 787 1610 eos
820 1568 941 1617 versi,
978 1576 1023 1609 ut
1052 1568 1154 1608 nihil
1184 1567 1340 1608 moveri
1372 1568 1574 1616 viderunt,

224 1647 300 1673 nec
330 1632 408 1687 ipsi
441 1631 661 1684 quicquam
693 1646 742 1672 ex
776 1631 897 1672 solita
934 1630 1216 1685 neglegentia,
1254 1630 1422 1684 insuper
1453 1629 1577 1670 etiam

225 1695 438 1736 eludentes
463 1694 731 1748 paucitatem,
763 1700 986 1734 mutarunt.
1046 1692 1292 1747 Diophanes
1319 1691 1477 1745 quietos
1505 1690 1577 1732 ali-

224 1756 420 1810 quamdiu
446 1772 562 1803 SUOS,
589 1756 702 1797 velut
728 1756 780 1796 ad
806 1755 1087 1810 spectaculum
1113 1755 1236 1795 modo
1263 1754 1452 1802 eductos,
1480 1768 1577 1795 con-

225 1819 361 1867 tinuit3
400 1826 619 1873 postquam
647 1817 829 1872 dilapsos
865 1818 916 1858 ab
943 1817 1156 1857 ordinibus
1182 1816 1322 1857 hostes
1349 1816 1470 1864 vidit,
1506 1831 1578 1870 pe-

224 1881 397 1929 ditibus,
437 1888 634 1933 quantum
666 1880 900 1920 adcelerare
932 1886 1121 1934 possent,
1160 1878 1276 1931 sequi
1306 1878 1449 1927 iussis,
1487 1878 1577 1932 ipse

224 1943 416 1997 princeps
454 1943 559 1982 inter
596 1942 755 1994 equites
794 1955 888 1982 cum
925 1949 1060 1981 turma
1098 1956 1173 1981 sua
1209 1948 1408 1993 quantum
1443 1939 1576 1994 potuit

225 2004 487 2045 effusissimis
516 2003 701 2051 habenis,
728 2003 907 2044 clamore
934 2003 985 2043 ab
1005 2003 1118 2043 omni
1144 2001 1265 2042 simul
1290 2001 1426 2055 pedite
1453 2009 1575 2054 atque

226 2066 362 2119 equite
389 2066 564 2115 sublato,
592 2065 812 2106 stationem
836 2065 1019 2106 hostium
1042 2064 1254 2119 inproviso
1280 2064 1451 2104 invadit.
1494 2078 1576 2103 non

225 2128 412 2169 homines
446 2129 597 2176 solum,
636 2128 709 2168 sed
735 2127 830 2181 equi
855 2127 980 2168 etiam
1010 2126 1158 2175 territi,
1199 2141 1292 2166 cum
1318 2125 1482 2166 vincula
1506 2125 1578 2165 ab-

225 2192 447 2246 rupissent,
475 2191 792 2245 trepidationem
817 2198 856 2230 et
881 2190 1103 2230 tumultum
1128 2189 1233 2229 inter
1254 2204 1350 2229 suos
1378 2189 1576 2229 fecerunt.

227 2253 347 2307 pauci
373 2254 539 2293 stabant
562 2252 747 2307 inpavidi
773 2252 885 2305 equi:
920 2267 990 2292 eos
1016 2251 1130 2306 ipsos
1157 2266 1240 2291 non
1267 2258 1468 2298 sternere,
1495 2264 1577 2290 non

226 2314 432 2355 infrenare
464 2321 535 2354 aut
566 2314 788 2355 escendere
820 2313 941 2354 facile
973 2320 1181 2368 poterant,
1219 2312 1348 2352 multo
1380 2311 1578 2352 maiorem

227 2390 350 2428 quam
375 2391 449 2430 pro
470 2391 641 2416 numero
663 2376 845 2429 equitum
867 2384 1063 2416 terrorem
1080 2375 1263 2415 Achaeis
1290 2374 1577 2414 inferentibus.

227 2438 385 2492 pedites
413 2454 509 2479 vero
536 2439 712 2479 ordinati
738 2447 778 2479 et
801 2437 1035 2492 praeparati
1062 2452 1228 2491 sparsos
1255 2451 1329 2491 per
1354 2436 1579 2491 neglegen-

229 2499 327 2538 tiam
359 2508 398 2539 et
429 2500 702 2541 semisomnos
736 2515 865 2555 prope
895 2499 1028 2540 adorti
1062 2507 1170 2539 sunt.
1242 2499 1390 2539 caedes
1421 2496 1577 2552 passim

168 2574 203 2602 ιι
229 2560 409 2612 fugaque
440 2576 511 2614 per
537 2576 705 2616 campos
738 2561 848 2602 facta
873 2568 949 2602 est.
1009 2561 1255 2615 Diophanes
1283 2567 1448 2600 secutus
1475 2558 1578 2598 effu-

231 2636 298 2661 sos
331 2622 463 2674 quoad
503 2631 634 2662 tutum
666 2623 761 2671 fuit,
800 2638 952 2677 magno
984 2623 1130 2663 decore
1167 2621 1280 2676 genti
1313 2621 1575 2660 Achaeorum
