1799 2900
466 115 620 149 LIBER
643 115 849 160 XXXIIII,
875 115 906 150 4.
934 117 983 159 [a.
1000 116 1038 151 C.
1053 115 1133 160 195]
1399 105 1478 147 127

129 220 222 262 titia
252 226 292 260 et
323 217 503 267 luxuria,
540 217 749 259 civitatem
784 219 990 269 laborare,
1029 233 1134 273 quae
1169 226 1308 274 pestes
1341 218 1480 261 omnia

129 296 281 337 magna
305 280 478 335 imperia
497 288 745 321 everterunt.
795 282 898 323 haec
923 297 1013 336 ego,
1041 297 1121 335 quo
1146 281 1291 322 melior
1314 281 1480 322 laetior-

129 359 208 397 que
233 343 275 383 in
301 343 388 383 dies
421 343 586 383 fortuna
616 342 673 382 rei
698 343 887 397 publicae
914 352 977 384 est
1006 344 1306 399 imperiumque
1332 343 1480 385 crescit

133 413 237 446 ——et
262 405 343 445 iam
368 404 409 444 in
426 404 647 445 Graeciam
673 406 902 459 Asiamque
928 406 1258 447 transcendimus
1286 406 1476 447 omnibus

131 467 348 508 libidinum
374 466 591 507 inlecebris
618 467 797 521 repletas
825 476 864 508 01
888 469 1024 523 regias
1051 469 1175 509 etiam
1201 468 1477 509 adtrectamus

128 544 254 583 gazas
273 553 341 578 —‚
369 544 416 569 eo
442 529 534 583 plus
562 529 721 577 horreo,
748 545 798 569 ne
824 530 918 571 illae
944 530 1076 585 magis
1103 545 1168 571 res
1194 545 1270 570 nos
1297 529 1479 584 ceperint

129 606 250 645 quam
276 606 351 632 nos
378 591 482 631 illas.
523 591 687 639 infesta,
713 592 813 631 mihi
839 592 1005 641 credite,
1033 593 1153 647 signa
1178 593 1229 633 ab
1257 591 1477 646 Syracusis

128 652 254 693 inlata
285 663 380 693 sunt
412 653 507 693 huie
538 653 641 693 urbi.
702 654 782 693 iam
809 654 930 693 nimis
962 654 1114 695 multos
1140 655 1262 695 audio
1289 653 1479 695 Corinthi

128 722 168 756 01
192 715 454 755 Athenarum
486 724 729 756 ornamenta
761 716 966 756 laudantis
998 716 1267 769 mirantisque
1293 724 1333 757 et
1365 724 1479 756 ante-

127 777 210 817 fixa
240 777 380 816 fictilia
411 776 581 817 deorum
606 777 890 818 Romanorum
920 778 1105 818 ridentis.
1164 793 1242 832 ego
1268 778 1343 818 hos
1369 778 1478 818 malo

127 837 327 893 propitios
365 838 483 886 (1005,
522 846 562 878 et
598 839 655 879 ita
687 854 807 893 spero
839 840 1019 888 futuros,
1059 840 1093 879 si
1124 839 1165 879 in
1197 839 1280 880 suis
1312 854 1479 880 manere

129 901 295 941 sedibus
323 901 537 955 patiemur.
597 908 761 955 patrum
787 909 1021 942 nostrorum
1046 902 1244 942 memoria
1268 917 1341 956 per
1364 902 1478 956 lega-

130 969 216 1002 tum
243 961 419 1003 Cineam
442 963 631 1016 Pp’rhus
662 978 745 1003 non
773 963 951 1003 virorum
978 965 1114 1012 modo,
1142 964 1215 1004 scd
1241 964 1364 1004 etiam
1391 980 1478 1004 mu—

127 1023 273 1064 lierum
304 1024 462 1064 animos
496 1024 613 1064 donis
646 1025 874 1078 temptavit.
941 1026 1123 1065 nondum
1155 1026 1223 1065 lex
1255 1025 1397 1080 Oppia
1428 1026 1481 1066 ad

128 1085 398 1126 coercendam
429 1085 632 1125 luxuriam
662 1086 905 1126 muliebrem
936 1087 1020 1126 lata
1051 1095 1156 1134 erat,
1197 1095 1336 1127 tamen
1367 1088 1480 1128 nulla

127 1147 298 1200 accepit.
348 1161 471 1199 quam
497 1161 664 1186 causam
690 1146 819 1187 fuisse
845 1147 1048 1188 censetis?
1086 1148 1232 1188 eadem
1258 1149 1346 1197 fuit,
1374 1163 1478 1201 quae

127 1208 350 1248 maioribus
389 1208 537 1248 vestris
575 1208 676 1247 nihil
707 1209 757 1248 de
789 1208 866 1248 hac
896 1224 939 1249 re
970 1209 1063 1263 lege
1097 1210 1331 1250 sanciundi:
1367 1210 1481 1250 nulla

127 1277 213 1311 erat
237 1269 411 1318 luxuria,
438 1284 544 1322 quae
565 1278 834 1310 coerceretur.
868 1271 971 1311 sicut
994 1281 1088 1312 ante
1113 1273 1279 1312 morbos
1306 1286 1478 1312 11000550

126 1339 189 1372 est
226 1331 413 1386 cognitos
445 1346 538 1372 esse
570 1346 696 1384 quam
726 1332 910 1373 remedia
942 1348 1103 1382 eorum,
1143 1334 1201 1374 510
1232 1333 1478 1388 cupiditates

125 1392 237 1447 prius
269 1401 390 1434 natae
422 1401 518 1433 sunt
550 1408 673 1446 quam
697 1394 833 1448 leges,
872 1409 977 1447 quac
1003 1395 1052 1435 iis
1078 1395 1248 1436 modum
1279 1396 1476 1436 facerent.

127 1454 225 1507 quid
259 1455 395 1509 legem
427 1455 635 1495 Liciniam
672 1456 867 1496 excitavit
904 1457 954 1497 (10
992 1457 1228 1512 quingentis
1267 1457 1477 1512 iugeribus

127 1516 206 1556 nisi
237 1516 384 1571 ingens
416 1516 565 1571 cupido
596 1532 719 1571 agros
753 1518 1043 1558 continuandi?
1081 1519 1179 1571 quid
1210 1519 1347 1572 legem
1379 1517 1480 1560 Cin-

128 1578 233 1618 ciam
258 1578 308 1618 de
334 1578 453 1618 <lonis
485 1585 526 1618 01
556 1579 815 1628 muneribus,
854 1579 932 1619 11151
966 1580 1062 1632 quia
1087 1580 1300 1634 vectigalis
1331 1580 1414 1620 iam
1440 1588 1480 1620 et

129 1639 396 1694 stipendiaria
420 1640 538 1693 plebs
566 1655 658 1680 0550
686 1641 845 1680 senatui
873 1642 1089 1695 coeperat?
1147 1642 1285 1694 itaque
1311 1641 1478 1682 minime

127 1702 275 1741 mirum
306 1710 369 1741 est
400 1715 475 1742 nec
502 1701 686 1756 Oppiam
717 1716 793 1742 1100
825 1702 947 1742 aliam
977 1703 1103 1743 ullam
1130 1711 1216 1743 tum
1248 1703 1385 1758 legem
1410 1703 1481 1743 de-

128 1763 349 1804 sideratam
364 1778 470 1812 0550,
498 1777 602 1816 quae
628 1763 797 1804 modum
820 1763 1054 1818 sumptibus
1076 1765 1292 1805 mulierum
1312 1765 1479 1813 faceret,

127 1839 221 1865 cum
246 1840 391 1865 aurum
417 1833 457 1865 et
480 1840 705 1880 purpuram
729 1826 825 1866 data
850 1833 888 1866 01
910 1826 1046 1866 oblata
1066 1826 1172 1867 ultro
1198 1842 1281 1867 non
1307 1826 1481 1880 accipie-

128 1887 239 1927 bant.
301 1886 335 1926 si
369 1901 479 1927 nunc
505 1902 597 1927 cum
628 1887 708 1927 illis
736 1887 853 1928 donis
882 1886 1035 1928 Cineas
1062 1888 1206 1928 urbem
1233 1887 1477 1937 circumiret,

127 1948 273 1989 stantis
298 1948 340 1988 in
366 1949 531 2003 1111111100
556 1949 785 1990 invenisset
818 1964 921 2002 quae
949 1949 1193 2003 acciperent.
1254 1957 1375 2002 atque
1402 1964 1479 2004 ego

126 2010 415 2050 nonnullarum
437 2010 722 2066 cupiditatium
742 2026 794 2051 ne
815 2026 983 2051 causam
1004 2011 1170 2064 quidem
1190 2024 1258 2051 aut
1278 2011 1480 2052 rationem

125 2072 227 2113 inire
258 2087 443 2126 possum.
503 2088 598 2112 nam
630 2080 692 2117 111,
731 2073 842 2125 quod
875 2073 942 2113 alii
973 2073 1113 2121 liceat,
1152 2072 1224 2113 tibi
1249 2088 1332 2113 non
1356 2072 1480 2114 licere

127 2133 280 2186 aliquid
316 2135 494 2174 sortasse
530 2134 728 2174 naturalis
766 2142 837 2174 aut
872 2135 1040 2189 pudoris
1078 2142 1149 2174 aut
1184 2134 1478 2189 indignationis

127 2194 296 2243 habeat,
336 2194 394 2234 sic
424 2203 600 2248 aequato
633 2195 817 2236 omnium
842 2196 954 2235 cultu
980 2196 1080 2248 quid
1105 2210 1377 2249 unaquaeque
1409 2211 1480 2236 ve-

127 2259 259 2295 strum
290 2264 471 2304 veretur,
503 2272 554 2297 nc
585 2257 627 2296 in
659 2272 703 2297 se
735 2257 1036 2311 conspiciatur?
1072 2257 1279 2311 pessimus
1312 2257 1478 2310 quidem

126 2317 258 2371 pudor
283 2326 347 2357 est
371 2318 437 2358 vel
467 2318 743 2372 parsimoniae
769 2320 834 2359 vel
859 2319 1133 2373 paupertatis,
1161 2320 1234 2360 sed
1259 2328 1477 2373 utrumque

126 2378 191 2419 lex
222 2378 339 2419 vohis
372 2379 516 2428 demit,
555 2394 647 2420 cum
679 2380 721 2420 id
752 2381 862 2433 quod
893 2381 1044 2421 habere
1070 2396 1151 2421 non
1178 2381 1273 2422 licet
1297 2397 1379 2422 non
1404 2381 1477 2422 ha-

1503 295 1523 325 3

1508 1653 1547 1682 10

1507 1901 1544 1930 11

1507 1961 1547 1991 12

1505 2271 1544 2302 13

127 2440 245 2480 110115.
278 2440 447 2481 “hanc”
474 2441 607 2494 inquit
627 2441 793 2496 “ipsam
809 2442 1146 2494 exaequationem
1168 2457 1249 2483 non
1265 2443 1383 2483 fer0''
1407 2442 1475 2483 illa
1502 2456 1542 2486 14

126 2501 323 2557 locuples.
385 2507 489 2543 “cur
514 2518 596 2544 non
621 2503 794 2557 insignis
821 2519 919 2544 auro
946 2511 985 2544 et.
1016 2519 1197 2559 purpura
1222 2505 1477 2559 conspicior?

129 2580 201 2606 cur
222 2572 444 2619 paupertas
471 2565 642 2605 aliarum
668 2566 744 2606 sub
765 2565 842 2606 hac
867 2565 971 2620 legis
998 2567 1134 2620 specie
1159 2566 1270 2616 latet,
1297 2574 1341 2606 ut
1365 2566 1475 2620 quod
