1799 2900
454 134 607 169 LIBER
631 135 795 177 xxxv,
820 136 874 170 33.
897 136 950 170 34.
979 138 1026 179 [a.
1044 134 1081 170 0.
1101 136 1178 181 192]
1416 126 1498 167 203

143 245 332 287 nuerunt,
359 245 404 278 ut
424 238 588 279 daretur
608 238 657 279 iis
680 239 910 280 concilium.
949 239 1027 281 hoe
1042 240 1253 280 decretum
1266 238 1500 279 Athenien·
1525 252 1542 281 2

143 316 210 341 ses
237 315 330 340 cmn
354 299 624 349 rettulissent,
652 302 833 341 eundum
858 301 900 341 in
920 302 1131 343 Aetoliam
1145 301 1342 353 Quinctio
1363 301 1497 342 visum

142 371 224 404 est:
250 370 321 403 aut
347 363 457 403 enim
482 370 691 404 moturum
718 364 872 417 aliquid
897 371 967 404 aut
993 365 1127 405 omnis
1153 365 1342 406 homiues
1369 372 1495 406 testes
1523 378 1541 407 3

142 426 243 474 fore,
269 439 398 479 penes
425 425 600 465 Aetolos
628 426 791 480 culpam
816 427 913 467 belli
940 441 1050 474 6556,
1078 426 1290 467 Romanos
1316 426 1426 466 iusta
1450 440 1498 466 ac

141 502 269 541 prope
295 487 532 527 necessaria
558 495 794 541 sumpturos
822 504 947 529 arma.
990 496 1212 543 postquam
1237 496 1408 529 ventum
1434 496 1495 529 est
1522 502 1541 530 4

140 564 208 597 eo,
235 548 456 600 Quinctius
476 549 518 589 in
540 550 712 591 concilio
727 566 846 591 orsus
869 566 891 590 a
911 550 1112 605 principio
1135 551 1344 591 societatis
1365 551 1497 591 Aeto-

139 611 272 651 lorum
295 625 387 651 cum
402 611 616 660 Romanis,
644 619 684 652 et
704 613 892 665 quotiens
916 614 968 653 ab
989 613 1036 653 iis
1058 613 1160 653 fides
1183 621 1295 654 mota
1315 613 1494 654 foederis

140 681 269 721 esset,
307 688 440 727 pauca
472 675 521 714 de
554 674 641 714 iure
668 675 915 723 civitatium,
955 676 1005 715 de
1039 676 1188 728 quibus
1208 674 1491 728 ambigeretur,

140 736 347 776 disseruit.
415 736 449 776 si
476 736 573 788 quid
604 744 743 777 tamen
769 737 889 789 aequi
921 752 965 777 50
997 737 1149 778 habelc
1186 737 1493 786 arbitrarentur,
1522 751 1540 780 5

140 806 293 850 quanto
315 813 406 838 esse
429 799 556 839 51111115
594 799 756 839 3tomam
782 799 943 839 mittere
968 800 1141 854 legatos,
1170 814 1242 840 seu
1264 799 1494 854 disceptare

140 874 213 900 seu
226 875 302 914 100
306 875 373 900 sue
390 868 578 900 senatum
592 861 774 910 mallent,
797 875 920 914 quam
934 861 1132 915 populum
1148 861 1385 902 Romanum
1401 875 1493 901 cum
1520 875 1538 905 6

139 921 362 971 Antiocho,
390 922 550 963 lanistis
576 923 759 971 Aetolis,
786 938 869 963 non
896 923 984 963 sine
1009 937 1161 977 magno
1188 930 1302 963 motu
1328 923 1492 977 generis

138 982 309 1025 humani
340 991 379 1024 ct
410 984 591 1037 pernicie
625 984 826 1025 Graeciae
859 984 1080 1024 dimicare?
1134 998 1211 1024 1100
1242 985 1347 1025 111105
1379 985 1493 1039 prius

138 1046 297 1086 cladem
336 1046 422 1087 eius
462 1047 559 1087 belli
596 1062 791 1087 sensuros
830 1061 953 1099 quam
990 1047 1059 1099 qui
1096 1047 1336 1088 movissent.
1392 1047 1494 1088 haec
1522 1062 1537 1089 7

136 1109 388 1161 nequiquam
425 1109 539 1149 velut
576 1109 823 1149 vaticinatus
860 1109 1090 1149 Romanus.
1163 1109 1305 1149 Thoas
1344 1109 1492 1149 deinde

137 1171 343 1223 ceterique
375 1170 566 1211 factionis
601 1171 786 1211 eiusdem
818 1185 910 1211 cum
943 1171 1124 1211 adsensu
1149 1171 1333 1211 omnium
1367 1170 1492 1210 auditi

134 1231 416 1286 pervicerunt,
454 1239 499 1271 ut
535 1246 586 1272 ne
618 1232 744 1273 dilato
776 1232 942 1284 quidem
975 1231 1147 1272 concilio
1180 1242 1220 1272 et
1251 1232 1492 1272 absentibus
1519 1243 1538 1273 S

134 1292 336 1333 Romanis
364 1294 575 1333 decretum
600 1293 734 1342 fieret,
768 1308 848 1347 quo
876 1301 1154 1334 accerseietui
1179 1293 1415 1334 Antiochus
1443 1294 1494 1333 ad

134 1355 390 1396 liberandam
426 1354 646 1396 Graeciam
679 1356 837 1410 discept
843 1356 1078 1408 indumque
1109 1355 1215 1396 inter
1246 1356 1422 1396 Aetolos
1455 1364 1495 1396 ct

134 1417 361 1459 Romanos.
422 1418 516 1457 huie
548 1426 633 1459 tam
672 1420 851 1473 superbo
890 1419 1055 1459 decreto
1089 1418 1247 1458 addidit
1284 1418 1493 1472 propriam
1520 1430 1537 1459 9

135 1480 427 1520 contumeliam
458 1480 727 1521 Damocritus
764 1488 930 1535 praetor
967 1495 1122 1520 eorum.
1194 1496 1290 1520 nam
1328 1493 1422 1519 cum
1452 1480 1493 1519 id

134 1541 270 1595 ipsum
310 1542 521 1581 decretum
564 1550 753 1596 posceret
792 1558 886 1583 611111
925 1541 1167 1593 Quinctius,
1212 1557 1295 1581 non
1338 1542 1492 1582 veritus

136 1603 395 1643 maiestatem
422 1604 516 1652 viri,
550 1605 661 1644 aliud
686 1605 727 1644 111
760 1604 999 1658 praesentia
1025 1604 1135 1656 quod
1161 1604 1295 1657 magis
1321 1604 1494 1644 instaret.
1522 1617 1561 1646 10

136 1665 482 1718 praevertendum
518 1665 596 1705 sibi
627 1681 720 1706 csse
753 1666 874 1705 dixit:
914 1666 1126 1705 decretum
1161 1679 1492 1719 responsumque

133 1726 176 1766 in
206 1726 328 1767 Italia
360 1727 474 1767 brevi
505 1727 650 1767 castris
684 1742 808 1781 super
837 1727 970 1781 ripam
1000 1726 1163 1766 Tiberis
1195 1727 1342 1781 positis
1374 1727 1492 1767 datu-

133 1803 237 1828 lum.
276 1796 414 1829 tantus
440 1789 554 1829 f··mo1
573 1789 642 1829 illo
662 1797 898 1843 temporeb
875 1796 1042 1829 crentem
1055 1788 1304 1829 Aetolorum
1330 1795 1490 1829 tantus·
1520 1805 1552 1835 1]

134 1865 212 1903 que
238 1851 505 1901 11111οΗ1511111115
533 1866 675 1891 001·11111
702 1851 823 1905 cepit.

218 1894 470 1953 XXXHH.
510 1912 647 1964 Quim
652 1914 731 1953 tius
757 1913 966 1968 legatique
992 1911 1240 1953 Corinthum
1267 1912 1489 1954 redierunt
1520 1931 1531 1958 1

132 1974 240 2023 inde,
267 1982 311 2014 ut
337 1988 524 2028 quaeque
551 1975 601 2015 de
616 1975 828 2015 Antiocho
854 1974 904 2030 [.
917 1973 961 2028 .,]
988 1974 1090 2014 nihil
1115 1989 1189 2028 per
1215 1988 1258 2014 se
1283 1974 1363 2028 ipsi
1388 1975 1489 2015 moti

133 2043 174 2076 et
208 2037 400 2077 sedentes
428 2044 670 2091 exspectare
703 2038 927 2078 adventum
958 2036 1195 2076 viderentur
1225 2035 1355 2089 regis,
1394 2050 1491 2077 con-

134 2098 272 2139 cilium
306 2099 472 2151 quidem
503 2099 723 2140 universae
755 2100 891 2154 gentis
924 2106 1018 2153 post
1050 2099 1243 2139 dimissos
1274 2097 1488 2139 Romanos

1518 2054 1535 2083 10

132 2175 215 2200 non
252 2160 502 2209 habuerunt,
539 2177 613 2215 per
644 2162 855 2216 apocletos
889 2168 1028 2201 autem
1054 2160 1188 2200 —ita
1215 2167 1364 2200 vocant
1396 2176 1491 2200 san-

133 2221 237 2262 ctius
264 2222 501 2263 consilium:
529 2238 579 2263 ex
605 2223 775 2263 delectis
803 2230 965 2263 constat
991 2222 1088 2262 viris
1114 2246 1170 2250 -—
1195 2222 1237 2261 id
1263 2223 1488 2276 agitabant,

133 2299 312 2337 quonam
349 2285 473 2325 modo
503 2285 545 2324 in
578 2284 757 2326 Graecia
791 2300 858 2326 res
891 2292 1155 2326 novarentur.
1216 2284 1322 2325 inter
1355 2285 1488 2325 omnis
1515 2299 1534 2328 3

133 2346 368 2394 constabat,
405 2346 445 2385 in
479 2346 713 2386 civitatibus
745 2347 952 2401 principes
986 2354 1027 2387 et
1051 2347 1253 2401 optimum
1284 2361 1489 2400 quemque

130 2408 345 2449 Romanae
373 2408 581 2448 societatis
608 2423 700 2448 esse
727 2417 766 2449 et
790 2409 1000 2463 praesenti
1027 2416 1136 2449 statu
1162 2409 1357 2463 gaudere,
1383 2410 1490 2449 mul-

132 2470 348 2510 titudinem
374 2477 414 2510 et
440 2485 612 2523 quorum
639 2485 704 2511 res
731 2486 814 2511 non
835 2486 886 2511 ex
907 2471 1112 2511 sententia
1137 2471 1322 2525 ipsorum
1349 2481 1488 2513 essent

132 2532 270 2573 onmia
302 2548 456 2573 novare
494 2533 612 2573 velle.
679 2532 821 2573 Aetoli
852 2533 1069 2573 consilium
1108 2533 1361 2574 inmodicum
1399 2534 1486 2589 spei
1513 2547 1529 2575 4

132 2609 294 2648 quoque
320 2610 402 2636 non
429 2595 596 2636 audacis
622 2595 758 2644 modo,
787 2595 860 2636 sed
880 2595 1004 2635 etiam
1029 2595 1266 2650 inpudentis
1289 2604 1486 2651 ceperunt
