1799 2900
449 123 601 157 LIBER
627 122 810 167 xxxvi,
838 124 891 157 521.
913 123 966 157 22.
996 121 1097 166 [ae
1115 122 1194 165 191]
1418 111 1500 152 239

145 228 302 270 consuli
324 226 569 268 Chalcidem
596 226 774 267 venienti
800 235 942 280 portae
967 232 1207 280 patuerunt,
1235 239 1326 265 cum
1352 223 1500 278 adpro·
1527 238 1543 266 2

143 291 368 345 pinquante
394 304 442 329 eo
456 288 706 329 Aristotcles
727 288 961 342 praefectus
987 287 1097 342 regis
1118 288 1218 327 urbe
1240 285 1501 327 excessisset.

144 359 185 393 et
210 359 371 392 ceterae
396 351 520 390 urbes
547 351 588 389 in
613 350 789 390 Euboea
815 350 903 390 sine
930 349 1152 390 certamine
1177 349 1369 396 traditae3
1406 356 1500 401 post
1527 361 1545 389 :3

145 427 381 468 paucosque
408 412 495 452 dies
523 412 714 452 omnibus
741 411 975 466 perpacatis
1003 411 1091 451 sine
1117 410 1240 451 ullius
1260 425 1369 450 noxa
1389 409 1502 449 urbis

145 474 348 516 exercitus
386 473 691 528 Thermopylas
728 473 942 521 reductus,
991 473 1120 513 multo
1163 471 1368 512 modestia
1409 479 1504 525 post

145 536 359 577 victoriam
385 549 509 588 quam
534 536 626 590 ipsa
652 535 823 575 victoria
848 535 1105 575 laudabilior.
1154 534 1249 574 inde
1276 533 1419 574 consul
1439 533 1501 573 M.
1528 547 1547 575 4

147 598 370 646 Catonem,
409 613 483 652 per
509 612 631 650 quein
664 611 768 650 quae
795 607 915 651 gesta
940 605 1080 638 essent
1112 603 1279 636 senatus
1306 595 1505 650 populus-

146 675 224 714 que
250 660 465 700 Romanus
498 659 610 699 haud
641 659 767 699 dubio
798 668 965 699 auctore
996 659 1136 707 sciret,
1173 658 1351 698 Romam
1378 657 1502 696 misit.

145 723 179 763 is
214 738 238 762 a
270 721 431 762 Creusa
459 746 510 750 —-
536 721 860 776 Thespiensium
898 720 1126 775 emporium
1164 728 1245 768 est,
1287 719 1329 759 in
1361 719 1503 759 intimo
1531 733 1548 760 ῡ

147 785 238 825 sinu
277 783 543 824 Corinthiaco
580 792 804 824 retractum
828 808 885 812 ——
914 784 1063 823 Patras
1100 783 1288 822 Achaiae
1324 782 1445 836 petit,
1483 797 1507 821 a

145 846 283 887 Patris
312 845 539 899 Corcyram
564 860 696 898 usque
723 845 913 886 Aetoliae
945 853 1067 898 atque
1093 844 1355 884 Acarnaniae
1387 843 1507 883 litora

147 909 265 964 legit,
293 916 416 961 atque
442 908 500 949 ita
525 908 577 948 ad
601 908 873 961 Hydruntum
898 908 1043 947 Italiac
1070 906 1215 947 traicit.
1271 906 1412 959 quinto
1440 905 1505 945 (lie
1533 917 1550 946 6

147 971 242 1011 inde
268 970 449 1025 pedestri
475 970 619 1010 itinere
642 970 820 1010 Romam
845 969 1004 1023 ingenti
1025 983 1148 1008 cursu
1174 969 1373 1022 pervenit.
1413 976 1506 1007 ante

147 1033 282 1073 lucem
306 1032 520 1086 ingressus
546 1032 690 1071 urbem
716 1047 739 1071 a
764 1039 882 1085 porta
914 1031 966 1071 ad
997 1040 1229 1084 praetorem
1253 1031 1314 1070 M.
1343 1029 1507 1070 Iunium

147 1095 224 1135 iter
248 1094 436 1134 intendit.
490 1093 524 1133 is
550 1093 684 1147 prima
707 1092 799 1132 luce
825 1093 866 1132 in
893 1100 1083 1132 senatum
1109 1092 1285 1132 vocavit.
1347 1106 1427 1143 quo
1453 1091 1506 1130 L.
1536 1102 1550 1130 7

150 1156 369 1197 Cornelius
389 1154 550 1209 Scipio,
579 1155 734 1207 aliquot.
759 1155 906 1195 diebus
933 1164 1027 1194 ante
1053 1170 1077 1194 a
1102 1154 1271 1194 consule
1298 1153 1507 1201 dimissus,

149 1233 243 1259 cum
269 1217 495 1258 adveniens
523 1216 707 1256 audisset
737 1231 1031 1270 praegressum
1059 1214 1264 1256 Catonem
1296 1215 1338 1254 in
1365 1224 1510 1255 senatu

149 1295 262 1328 esse,
301 1279 541 1333 supervenit
566 1278 789 1333 exponenti
815 1292 920 1331 quae
946 1284 1066 1331 gesta
1091 1284 1244 1318 essent.
1307 1277 1388 1317 duo
1414 1275 1509 1316 inde
1535 1287 1554 1316 S

148 1341 275 1396 legati
299 1341 416 1381 iussu
443 1351 611 1381 senatus
637 1340 679 1379 in
704 1339 940 1380 contionem
968 1348 1063 1381 sunt
1088 1339 1278 1394 producti
1304 1347 1427 1391 atque
1453 1337 1510 1378 ibi

150 1404 295 1445 eadem
316 1418 421 1456 quae
448 1403 490 1443 in
512 1410 658 1443 senatu
679 1402 729 1442 de
749 1403 873 1443 rebus
894 1402 936 1442 in
956 1402 1126 1443 Aetolia
1151 1401 1280 1456 gestis
1308 1415 1511 1455 exposue-

150 1476 256 1506 runt.
318 1465 563 1519 supplicatio
594 1465 636 1505 in
668 1464 849 1504 triduum
886 1464 1052 1504 decreta
1083 1472 1146 1504 est
1183 1471 1223 1504 et
1253 1470 1297 1503 ut
1335 1463 1511 1515 quadra·
1537 1474 1553 1502 9

152 1528 266 1583 ginta
292 1527 437 1567 hostiis
464 1527 687 1567 maioribus
713 1534 897 1580 praetor,
937 1526 1085 1579 quibus
1118 1526 1196 1566 diis
1228 1527 1265 1566 ei
1292 1526 1510 1569 videretur,

153 1589 415 1629 sacrificaret.
464 1604 537 1643 per
563 1588 733 1629 eosdem
760 1587 847 1628 dies
874 1596 913 1627 et
934 1587 995 1628 M.
1016 1588 1190 1628 Fulvius
1211 1587 1416 1634 Nobilior,
1444 1585 1513 1638 qui
1542 1597 1578 1625 10

153 1650 318 1693 biennio
345 1659 438 1691 ante
464 1658 628 1705 praetor
654 1650 694 1689 in
720 1649 973 1703 Hispaniam
1000 1659 1088 1689 erat
1112 1649 1344 1702 profectus,
1383 1662 1512 1688 ovans

153 1715 296 1754 urbem
324 1720 388 1753 est
411 1713 657 1767 ingressus,
685 1711 844 1765 argenti
871 1710 1000 1764 bigati
1030 1725 1128 1764 prae
1162 1725 1205 1750 se
1232 1710 1323 1750 tulit
1348 1718 1512 1749 centum
1541 1721 1578 1749 11

154 1775 324 1829 triginta
348 1774 461 1814 milia
486 1782 526 1814 et
552 1781 668 1814 extra
699 1780 958 1813 numeratum
990 1771 1208 1812 duodecim
1240 1771 1352 1811 milia
1376 1771 1514 1826 pondo

156 1836 334 1891 argenti,
363 1835 451 1876 auri
476 1836 614 1889 pondo
642 1842 804 1875 centum
832 1833 978 1888 viginti
1005 1844 1177 1887 septem.

240 1898 397 1939 XXII.
464 1897 624 1937 Acilius
663 1896 807 1937 consul
845 1896 896 1936 ab
932 1895 1225 1949 Thermopylis
1263 1893 1513 1934 Heracleam
1544 1908 1553 1935 l

157 1961 210 2002 ad
233 1960 410 2001 Aetolos
437 1959 668 2014 praemisit,
706 1967 750 1998 ut
776 1968 872 1998 tunc
899 1958 1046 1998 saltem
1078 1957 1235 2011 experti
1262 1955 1420 2010 regiam
1445 1971 1516 1996 va-

157 2023 327 2063 nitatem
364 2021 655 2076 resipiscerent
693 2021 922 2073 traditaque
958 2019 1165 2059 Heraclea
1201 2018 1430 2072 cogitarent
1466 2017 1516 2057 dc

159 2085 337 2140 petenda
368 2085 420 2124 ab
453 2092 599 2124 senatu
631 2098 704 2123 seu
738 2083 887 2123 furoris
922 2082 985 2121 sui
1018 2096 1091 2122 seu
1117 2080 1265 2121 erroris
1294 2079 1433 2119 venia:
1478 2088 1518 2118 et

161 2154 317 2187 ceteras
346 2145 547 2187 Graeciae
584 2144 771 2185 civitates
809 2144 1013 2184 defecisse
1051 2158 1099 2183 eo
1137 2142 1245 2183 bello
1282 2141 1333 2181 ab
1365 2140 1518 2194 optime

162 2207 316 2248 meritis
342 2207 563 2255 Romanis3
603 2207 677 2247 sed
702 2206 798 2259 quia
822 2212 916 2260 post
942 2206 1085 2259 fugam
1110 2204 1239 2257 regis,
1273 2202 1388 2242 cuius
1415 2202 1519 2241 fidu-

163 2269 226 2310 cia
250 2269 387 2310 officio
413 2268 711 2315 decessissent,
749 2282 832 2307 non
859 2266 1116 2307 addidissent
1142 2264 1409 2319 pertinaciam
1436 2263 1520 2303 cul-

162 2346 258 2387 pae,
285 2331 327 2371 in
351 2331 475 2371 fidem
499 2338 687 2384 receptas
709 2344 814 2370 esse.
862 2329 1038 2369 Aetolos
1061 2342 1242 2381 quoque,
1269 2341 1519 2380 quamquam

164 2409 246 2434 non
280 2393 409 2434 secuti
442 2393 523 2432 sint
553 2407 714 2446 regem,
755 2391 828 2431 sed
860 2390 1141 2438 accersierint,
1180 2396 1220 2429 et
1252 2389 1377 2429 duces
1409 2388 1519 2435 belli,

164 2471 248 2496 non
274 2454 374 2496 socii
400 2454 571 2502 fuerint,
600 2454 633 2494 si
659 2453 869 2507 paenitere
894 2452 1068 2507 possint,
1094 2466 1219 2506 posse
1245 2458 1285 2490 et
1303 2450 1519 2490 incolumis

166 2531 271 2557 esse.
322 2516 374 2556 ad
399 2531 448 2556 ea
473 2531 565 2556 cum
590 2515 727 2569 pacati
750 2514 851 2555 nihil
877 2514 1195 2568 responderetur
1220 2513 1519 2567 adpareretque
1545 2525 1563 2552 4

167 2578 290 2619 armis
316 2593 404 2618 rem
429 2577 655 2632 gerendam
686 2584 726 2617 et
756 2591 854 2630 rege
881 2583 1074 2630 superato
1105 2574 1258 2616 bellum
1283 2573 1519 2614 Aetolicum

1544 2092 1561 2121 ΙΨ

1544 2339 1562 2367 02
