1799 2900
180 525 198 554 ΚΟ

227 152 251 192 8
534 158 686 192 Lmen
710 158 857 202 xxxi,
883 157 1006 192 8-10.
1034 161 1082 203 [a.
1098 170 1132 193 u.
1148 158 1274 203 0554]

225 263 367 316 iraque
392 262 487 302 inde
515 260 783 309 tumentibus,
809 261 1081 303 mitterentur.
1138 277 1211 303 sex
1236 262 1470 317 legionibus
1495 261 1582 303 Ro-

226 325 357 366 manis
386 340 434 365 eo
461 339 568 364 anno
594 338 721 364 usura
744 338 811 364 res
837 324 1003 378 publica
1029 335 1127 365 erat.

311 386 458 428 VHH.
497 386 547 425 In
573 385 664 439 ipso
686 385 887 440 adparatu
909 386 1003 426 belli
1029 387 1155 441 legati
1177 402 1316 442 aroge
1338 386 1581 427 Ptolemaeo

225 455 444 495 venerunt,
472 447 541 500 qui
566 448 802 488 nuntiarent
817 448 1099 489 Athenienses
1126 450 1324 489 adversus
1341 449 1582 503 Philippum

225 511 379 565 petisse
406 510 458 550 ab
487 524 586 564 rege
619 510 838 551 auxilium:
877 518 1078 560 ceterum,
1110 511 1187 552 etsi
1214 526 1454 552 communes
1482 510 1582 551 socii

225 573 325 621 siut,
371 579 510 612 tamen
554 571 634 612 nisi
671 587 723 612 ex
761 572 1003 614 auctoritate
1046 574 1189 628 populi
1244 574 1405 614 {omani
1446 588 1581 626 neque

225 634 402 674 classem
450 647 585 687 neque
628 634 856 674 exercitum
905 635 1156 675 defendendi
1201 643 1270 675 aut
1312 634 1580 690 obpugnandi

224 695 469 748 cuiusquam
513 710 640 736 causa
681 711 824 750 regem
867 696 909 736 in
947 696 1168 738 Graeciam
1207 697 1432 737 missurum
1476 712 1582 738 esse.

225 758 290 798 vel
323 758 558 810 quieturum
590 772 682 798 eum
715 757 767 797 in'
788 773 937 813 regno,
978 759 1012 799 si
1045 759 1199 813 populo
1230 759 1421 799 Romano
1449 759 1582 799 socios

225 820 449 860 defendere
474 819 616 868 liceat,
653 820 714 860 vel
739 820 954 861 Romanos
982 821 1209 874 quiescere,
1238 820 1272 860 si
1297 820 1461 869 malint,
1487 836 1584 874 pas-

225 897 368 922 surum
395 890 517 934 atque
550 881 687 936 ipsum
714 881 884 931 auxilia,
918 897 1023 935 quae
1050 882 1171 923 facile
1199 882 1398 923 adversus
1424 881 1584 937 Philip-

224 959 323 999 pum
355 943 460 984 tueri
485 943 678 984 Athenas
704 952 895 998 possent,
928 944 1165 985 missurum.
1227 944 1384 998 gratiae
1417 944 1507 998 regi
1532 945 1584 985 ab

225 1013 372 1046 senatu
398 1013 513 1046 actae
539 1020 869 1060 responsumque
902 1007 1025 1047 tutari
1053 1006 1188 1046 socios
1214 1006 1368 1060 populo
1394 1006 1586 1047 Romano

224 1067 267 1107 in
293 1067 429 1108 animo
457 1083 569 1109 csse:
608 1067 643 1108 si
668 1083 749 1121 qua
780 1084 824 1109 re
851 1069 903 1109 ad
934 1068 977 1108 id
1001 1068 1156 1109 bellum
1183 1083 1287 1122 opus
1321 1067 1392 1117 sit,
1430 1068 1586 1108 indica-

225 1137 338 1170 turos
375 1130 483 1184 regi,
519 1130 721 1184 regnique
759 1130 846 1171 cius
885 1145 985 1185 opes
1019 1130 1123 1171 scire
1162 1129 1349 1170 subsidia
1384 1130 1503 1170 firma
1539 1144 1586 1170 ac

225 1191 363 1231 fidelia
401 1206 500 1232 suae
536 1191 596 1232 rei
632 1192 823 1246 publicae
860 1208 967 1233 esse.
1039 1207 1213 1232 munera
1250 1192 1398 1232 deinde
1435 1191 1584 1245 legatis

225 1252 268 1293 in
312 1252 497 1307 singulos
535 1253 706 1306 quinum
752 1254 911 1294 milium
953 1254 1059 1294 aeris
1097 1268 1149 1294 ex
1187 1261 1355 1294 senatus
1396 1253 1583 1293 consulto

227 1314 368 1355 missa.

313 1375 423 1417 Cum
454 1377 650 1418 dilectum
683 1378 875 1419 eonsules
909 1378 1109 1419 haberent
1144 1384 1440 1432 pararentque,
1480 1392 1585 1431 quae

227 1438 279 1479 ad
315 1438 470 1478 bellum
507 1454 611 1494 opus
650 1448 809 1488 essent,
854 1440 998 1481 civitas
1035 1440 1249 1494 religiosa,
1293 1440 1336 1479 in
1372 1439 1585 1494 principiis

227 1500 406 1541 maxime
438 1516 640 1542 novorum
673 1502 892 1551 bellorum,
929 1502 1299 1557 supplicationibus
1326 1502 1477 1542 habitis
1503 1502 1587 1542 iam

227 1569 268 1603 et
303 1564 591 1604 obsecratione
630 1564 739 1605 circa
775 1565 914 1605 omnia
955 1564 1187 1619 pulvinaria
1224 1565 1353 1613 facta,
1397 1579 1449 1604 ne
1488 1564 1588 1617 quid

226 1624 642 1678 praetermitteretur,
687 1627 797 1679 quod
836 1626 1058 1679 aliquando
1102 1626 1258 1666 factum
1296 1632 1426 1674 esset,
1466 1625 1586 1667 ludos

225 1685 318 1726 Iovi
340 1686 575 1739 donumque
596 1702 748 1728 vovere
769 1688 996 1737 consulem,
1023 1688 1089 1727 eui
1108 1687 1323 1742 provincia
1335 1687 1589 1728 Macedonia

227 1748 455 1798 evenisset,
486 1749 620 1790 iussit.
681 1765 841 1790 moram
868 1758 965 1791 voto
990 1750 1157 1805 publico
1182 1750 1372 1790 Licinius
1400 1750 1588 1804 pontifex

226 1809 431 1851 maximus
459 1811 625 1860 adtulit,
665 1811 735 1865 qui
766 1812 937 1866 negavit
969 1828 1020 1853 ex
1051 1812 1208 1853 incerta
1238 1812 1415 1867 pecunia
1447 1812 1587 1853 voveri

227 1870 396 1921 debere,
429 1873 526 1925 quia
557 1888 606 1913 ea
636 1874 812 1928 pecunia
844 1889 927 1914 non
958 1881 1102 1929 posset
1127 1874 1169 1914 in
1193 1875 1349 1915 belluni
1374 1874 1468 1915 usui
1494 1889 1586 1915 esse

227 1934 455 1987 seponique
489 1935 629 1976 statim
661 1936 830 1977 deberet
863 1951 939 1976 nec
965 1951 1059 1976 cum
1085 1937 1165 1977 alia
1196 1936 1374 1991 pecunia
1403 1936 1586 1977 misceri:

226 1996 336 2048 quod
363 1996 397 2037 si
423 1997 578 2037 factum
604 2006 728 2047 esset,
755 2005 897 2039 votum
922 1998 998 2038 rite
1025 1998 1130 2039 solvi
1155 2014 1239 2039 11011
1264 2014 1402 2052 posse.
1442 2013 1587 2051 quam-

226 2072 351 2110 quam
390 2065 430 2099 et
466 2074 532 2100 res
572 2067 613 2100 et
649 2067 792 2101 auctor
834 2061 1049 2109 movebat,
1100 2068 1238 2100 tamen
1277 2060 1329 2100 ad
1366 2059 1587 2115 collegium

226 2120 467 2172 pontificum
499 2122 653 2162 referre
687 2122 832 2163 consul
863 2122 1022 2171 iussus,
1061 2123 1097 2163 si
1128 2130 1272 2177 posset
1301 2130 1412 2162 recte
1444 2129 1587 2162 votum

226 2180 406 2223 incertae
439 2185 640 2237 pecuniae
673 2184 841 2239 suscipi.
901 2200 1048 2239 posse,
1080 2185 1316 2238 rectiusque
1343 2184 1468 2225 etiam
1494 2199 1586 2225 esse

226 2244 442 2297 pontifices
487 2246 772 2287 decreverunt.
844 2246 958 2287 vovit
998 2247 1041 2287 in
1083 2247 1229 2287 eadem
1273 2248 1400 2287 verba
1443 2246 1588 2288 consul

227 2315 449 2358 praeeunte
475 2309 657 2349 maximo
681 2309 895 2364 pontifice,
934 2310 1083 2363 quibus
1117 2318 1238 2350 antea
1264 2309 1588 2363 quinquennalia

229 2373 325 2426 vota
362 2369 516 2423 suscipi
560 2371 681 2411 solita
718 2379 852 2421 crant,
889 2380 1181 2426 praeterquam
1218 2372 1329 2425 quod
1366 2379 1479 2412 tanta
1515 2386 1588 2426 pe·-

229 2428 361 2477 cunia,
388 2440 584 2481 quantam
609 2439 715 2482 tum,
743 2448 836 2473 cum
865 2434 1112 2483 solveretur,
1146 2441 1314 2474 senatus
1342 2433 1586 2481 censuisset,

227 2487 347 2529 ludos
380 2491 570 2545 donaque
601 2495 807 2535 facturum
842 2495 967 2536 vovit.
1028 2496 1179 2537 totiens
1212 2503 1307 2536 ante
1331 2496 1419 2536 ludi
1443 2495 1585 2550 magni

229 2549 279 2589 (10
305 2558 417 2591 certa
442 2555 616 2605 pecunia
642 2556 726 2596 voti
753 2564 881 2605 erant,
909 2557 950 2597 hi
977 2557 1098 2611 primi
1124 2558 1174 2598 de
1199 2557 1369 2598 incerta.

316 2611 373 2651 X.
425 2613 627 2655 Omnium
660 2617 806 2658 animis
838 2619 880 2657 in
911 2619 1066 2659 bellum
1098 2619 1421 2660 BIacedonicum
1454 2617 1585 2658 versis
