1799 2900
475 89 627 123 LIBER
651 88 895 133 XXXVIIII,
922 88 952 122 5.
972 88 1003 122 6.
1032 90 1080 131 [a.
1097 87 1229 130 0187]
1443 77 1524 118 377

174 207 342 248 senatus
378 198 528 240 Fulvio
565 205 764 251 quantum
807 197 1049 252 inpenderet
1090 195 1292 252 permisit,
1342 195 1439 236 dum
1474 208 1526 234 ne

175 276 379 302 summam
404 259 613 314 octoginta
637 259 796 299 milium
821 260 1051 300 excederet.
1106 258 1359 313 triumphare
1385 269 1527 297 mense
1556 264 1590 292 11

174 322 365 364 Ianuario
393 328 610 370 statuerat3
637 321 711 362 sed
736 335 829 361 cum
855 322 1039 362 audisset
1065 320 1275 361 consulem
1301 319 1363 360 M.
1384 318 1529 360 Aemi-

173 384 290 432 lium,
316 384 461 424 litteris
480 382 542 423 M.
564 382 714 422 Aburii
739 383 890 422 tribuni
916 383 1047 437 plebis
1075 381 1253 436 acceptis
1281 382 1331 422 de
1355 381 1530 422 remissa

173 445 488 493 intercessione,
514 444 652 498 ipsum
677 445 729 484 ad
754 444 1048 499 inpediendum
1073 443 1326 497 triumphum
1350 442 1529 483 Romam
1557 455 1595 484 12

174 507 408 548 venientem
433 521 601 561 aegrum
627 506 670 545 in
695 505 761 546 via
787 506 1042 555 substitisse,
1068 520 1120 546 ne
1144 505 1237 560 plus
1258 504 1301 544 in
1322 504 1529 558 triumpho

175 568 445 609 certaminum
483 582 606 620 quam
642 567 683 607 in
723 567 830 608 bello
868 567 1057 616 haberet,
1104 566 1299 621 praetulit
1335 565 1531 620 triumphi

176 631 297 670 diem.
346 629 616 684 triumphavit
648 637 740 669 ante
768 629 875 670 diem
902 630 1107 670 decimum
1130 628 1213 668 kal.
1238 627 1453 668 Ianuarias
1481 628 1530 667 de
1560 637 1596 666 13

175 692 338 733 Aetolis
365 699 405 732 et
429 692 479 731 de
507 690 790 746 Cephallenia.
852 706 999 732 aureae
1032 705 1207 731 coronae
1240 698 1404 730 centum
1431 690 1531 730 duo·
1559 697 1599 727 14

176 754 307 793 decim
334 754 471 808 pondo
499 760 592 792 ante
620 767 781 793 currum
802 752 909 792 latae
931 759 1045 801 sunt,
1073 751 1231 805 argenti
1256 751 1394 805 pondo
1419 751 1532 791 milia

176 815 386 869 octoginta
416 814 513 863 tria,
552 814 640 854 auri
670 815 808 868 pondo
835 814 1012 854 ducenta
1044 814 1317 867 quadraginta
1342 812 1436 861 tria,
1474 820 1533 852 te-

177 876 362 916 trachma
385 876 528 916 Attica
553 884 717 916 centum
738 876 966 915 octodecim
986 874 1116 923 milia,
1141 873 1351 928 Philippei
1376 873 1531 913 nummi
1561 882 1599 911 15

177 938 395 978 duodecim
420 937 532 977 milia
557 937 729 978 trecenti
755 937 901 991 viginti
934 937 1034 985 duo,
1073 936 1193 990 signa
1225 950 1353 976 aenea
1379 934 1534 989 septin-

177 1008 302 1054 genta
321 999 529 1053 octoginta
547 999 740 1051 quinque,
769 1000 887 1052 signa
906 1013 1136 1038 marmorea
1156 997 1330 1037 ducenta
1352 996 1532 1050 triginta,

178 1077 309 1109 arma,
347 1061 446 1109 tela,
485 1068 621 1101 cetera
655 1060 786 1114 spolia
819 1060 1000 1100 hostium
1024 1074 1201 1113 magnus
1227 1073 1444 1106 numerus,
1483 1058 1535 1098 ad
1562 1064 1600 1094 16

177 1123 256 1162 hoc
281 1122 531 1176 catapultae,
569 1122 762 1169 balistae,
796 1129 1001 1161 tormenta
1027 1120 1158 1161 omnis
1186 1120 1369 1173 generis,
1408 1119 1533 1159 duces

178 1192 248 1224 aut
276 1183 418 1224 Aetoli
448 1190 488 1223 et
515 1181 792 1237 Cephallenes
826 1190 895 1222 aut
925 1182 1029 1236 regii
1062 1182 1112 1221 ab
1144 1180 1354 1221 Antiocho
1385 1181 1443 1220 ibi
1471 1195 1536 1220 re-

177 1244 261 1285 licti
286 1244 338 1285 ad
363 1244 510 1299 viginti
535 1252 708 1298 septem.
768 1243 919 1284 multos
947 1258 994 1283 eo
1022 1243 1106 1290 die,
1136 1242 1377 1296 priusquam
1402 1242 1444 1281 in
1469 1256 1536 1280 ur-
1564 1249 1602 1276 17

177 1308 272 1347 bem
297 1306 578 1354 inveheretur,
616 1306 658 1345 in
684 1305 791 1345 circo
816 1304 1023 1345 Flaminio
1049 1305 1255 1352 tribunos,
1287 1303 1534 1357 praefectos,

178 1368 357 1420 equites,
390 1367 670 1415 centuriones,
703 1367 917 1408 Romanos
945 1366 1180 1419 sociosque,
1208 1365 1326 1405 donis
1352 1364 1538 1404 militari-

178 1430 255 1470 bus
282 1430 462 1470 donavit.
511 1429 710 1469 militibus
737 1444 789 1469 ex
814 1428 968 1483 praeda
988 1428 1155 1468 vicenos
1177 1426 1324 1480 quinos
1345 1425 1535 1466 denarios

180 1491 337 1539 divisit,
364 1491 517 1545 duplex
542 1490 789 1539 centurioni,
817 1490 965 1544 triplex
993 1488 1133 1542 equiti.

263 1552 341 1594 VI.
388 1553 479 1592 Iam
505 1552 782 1592 consularium
815 1551 1072 1592 comitiorum
1105 1550 1326 1604 adpetebat
1352 1556 1534 1603 tempus;
1564 1557 1578 1585 1

182 1614 329 1667 quibus
356 1614 452 1666 quia
476 1614 537 1653 M.
564 1614 790 1661 Aemilius,
828 1613 943 1653 cuius
972 1613 1092 1653 sortis
1125 1627 1174 1651 ea
1199 1626 1295 1651 cura
1321 1618 1426 1658 erat,
1465 1610 1538 1650 ob-

181 1690 344 1716 currere
375 1691 458 1715 non
488 1676 638 1729 potuit,
679 1674 728 1716 C.
753 1674 983 1716 Flaminius
1010 1674 1189 1714 Romam
1220 1672 1344 1713 venit.
1405 1672 1457 1711 ab
1489 1686 1537 1712 eo

182 1737 308 1777 creati
333 1737 523 1778 consules
552 1736 625 1791 Sp.
652 1736 892 1777 Postumius
921 1736 1120 1783 Albinus,
1148 1734 1201 1786 Q.
1226 1734 1412 1774 Marcius
1437 1732 1539 1773 Phi-

181 1799 331 1852 lippus.
391 1806 603 1852 praetores
642 1798 738 1838 inde
775 1798 873 1838 facti
905 1797 955 1837 T.
988 1796 1202 1845 Maenius,
1238 1796 1288 1835 P.
1318 1794 1537 1835 Cornelius
1564 1804 1582 1832 2

183 1858 318 1908 Sulla,
347 1858 396 1900 C.
420 1859 671 1914 Calpurnius
691 1859 811 1906 Piso,
837 1859 899 1899 M.
922 1858 1111 1898 Licinius
1132 1857 1349 1905 Lucullus,
1378 1854 1427 1896 C.
1448 1856 1540 1895 Au-

180 1920 305 1962 relius
334 1920 537 1970 Scaurus,
568 1922 621 1962 L.
649 1920 869 1972 Quinctius
898 1919 1130 1974 Crispinus.

266 1983 468 2023 Extremo
500 1983 614 2032 anni,
651 1982 963 2037 magistratibus
995 1982 1076 2021 iam
1103 1980 1270 2029 creatis,
1309 1991 1404 2020 ante
1431 1979 1539 2019 diem
1565 1987 1583 2016 3

182 2044 347 2085 tertium
377 2060 507 2085 nonas
533 2045 710 2085 BIartias
739 2043 817 2085 Cn.
848 2044 1033 2084 BIanlius
1060 2043 1194 2085 Vulso
1227 2043 1277 2083 de
1305 2041 1437 2083 Gallis
1471 2040 1540 2094 qui

183 2106 333 2146 Asiam
356 2106 539 2146 incolunt
565 2106 845 2160 triumphavit.
897 2105 1027 2145 serius
1053 2105 1091 2145 ei
1109 2103 1389 2158 triumphandi
1414 2116 1540 2142 causa
1565 2111 1584 2139 4

184 2167 279 2215 fuit,
305 2182 356 2208 ne
370 2166 423 2218 Q.
438 2167 634 2208 Terentio
651 2166 851 2208 Culleone
871 2174 1060 2221 praetore
1082 2181 1250 2206 causam
1269 2165 1361 2219 lege
1374 2164 1540 2204 Petillia

185 2229 339 2270 diceret.
365 2238 404 2269 et
429 2229 620 2269 incendio
646 2229 767 2269 alieni
792 2228 948 2277 iudicii,
976 2242 1056 2280 quo
1082 2228 1135 2267 L.
1154 2226 1294 2281 Scipio
1321 2226 1539 2265 damnatus

186 2300 284 2339 erat,
301 2291 587 2345 conflagraret,
610 2306 657 2330 eo
672 2290 965 2330 infensioribus
986 2290 1029 2329 in
1050 2304 1093 2329 se
1109 2303 1231 2341 quam
1245 2288 1285 2327 in
1301 2287 1417 2327 illum
1431 2286 1536 2326 iudi-
1561 2295 1580 2324 5

186 2352 322 2401 cibus,
349 2353 459 2406 quod
480 2352 740 2406 disciplinam
767 2351 986 2391 militarem
1013 2365 1155 2391 severe
1177 2350 1228 2389 ab
1249 2363 1296 2389 eo
1320 2362 1539 2388 conserva-

186 2422 269 2455 tam
296 2428 580 2455 successorem
604 2414 741 2467 ipsum
767 2413 877 2453 omni
908 2427 1059 2467 genere
1083 2411 1272 2452 licentiae
1298 2410 1539 2464 conrupisse

186 2476 297 2517 fama
329 2476 544 2516 adtulerat.
604 2489 738 2528 neque
770 2489 818 2515 ea
850 2474 937 2515 sola
968 2473 1162 2513 infamiae
1193 2479 1328 2521 erant,
1368 2486 1473 2524 quae
1497 2471 1538 2511 in
1565 2477 1582 2507 6

186 2537 398 2590 provincia
421 2537 564 2592 procul
585 2537 636 2577 ab
657 2536 785 2577 oculis
807 2536 916 2576 facta
936 2536 1226 2583 narrabantur,
1254 2534 1328 2574 sed
1347 2548 1396 2574 ea
1415 2532 1539 2574 etiam
