1799 2900
200 191 218 220 9

178 378 217 407 10

177 687 213 715 11

199 2544 217 2573 9

244 65 327 106 408
502 73 656 107 LIBER
681 73 921 118 xxxviiii,
947 74 1000 108 38.
1021 75 1075 109 39.
1104 77 1199 118 [a.u.
1216 76 1342 119 0570]

245 187 417 230 utraque
437 190 564 217 causa
587 175 775 217 tribunos
800 176 947 230 plebis,
974 185 1146 231 utraque
1167 179 1379 220 consulem
1405 178 1596 219 habebat.

244 241 286 280 hi
312 256 355 281 se
381 240 680 279 intercessuros
709 246 877 279 senatus
904 239 1111 289 consulto,
1139 240 1173 281 si
1198 241 1476 295 deportandos
1504 255 1598 281 0011-

243 309 379 343 serent
417 300 641 349 exercitus,
680 300 997 350 denuntiabant3
1035 301 1110 350 illi,
1149 302 1184 342 si
1220 302 1322 343 haec
1358 303 1598 343 intercessio

242 364 377 412 fieret,
422 362 577 402 nullam
619 377 706 402 rem
749 362 872 402 aliam
916 378 960 403 50
997 363 1162 404 decerni
1205 380 1416 418 passuros.
1490 364 1599 404 victa

241 432 452 480 postremo
495 424 727 465 absentium
775 424 909 478 gratia
950 433 1013 465 est
1057 433 1097 465 et
1146 435 1313 467 senatus
1363 427 1598 467 consultum

242 488 412 535 sactum,
438 493 484 527 ut
507 493 720 540 praetores
747 494 940 539 quattuor
964 487 1076 527 milia
1101 488 1288 542 peditum
1313 488 1596 528 Romanorum

242 549 489 597 scriberent,
527 556 734 590 trecentos
767 549 946 602 equites,
985 557 1026 590 et
1056 550 1237 603 quinque
1270 549 1381 591 milia
1413 551 1597 605 peditum

242 611 448 652 sociorum
462 610 606 651 Latini
630 610 823 660 nominis,
850 611 1101 666 quingentos
1128 612 1300 665 equites,
1328 627 1430 665 quos
1458 627 1599 653 secum

241 674 283 714 in
307 673 559 728 Hispaniam
583 680 809 727 portarent.
870 688 963 714 011111
989 688 1060 714 005
1090 673 1168 729 [in]
1196 674 1382 728 legiones
1409 682 1601 726 quattuor

242 736 570 791 discripsissent,
598 735 709 788 quod
733 735 826 789 plus
853 750 977 788 quam
1002 736 1127 789 quina
1151 736 1265 776 milia
1289 736 1493 790 peditum,
1520 743 1601 777 trc-

242 798 332 839 ceni
357 797 516 851 equites
543 797 585 837 in
611 797 785 852 singulis
812 797 1046 851 legionibus
1073 807 1203 846 essct,
1230 797 1501 847 dimitterent,
1528 812 1599 838 eos

241 860 421 915 primum
446 859 516 913 qui
547 859 718 900 emerita
743 859 949 913 stipendia
974 859 1192 907 haberent,
1220 859 1368 900 deinde
1393 868 1438 900 ut
1464 859 1601 899 cuius-

242 936 321 975 que
352 921 579 963 fortissima
611 935 737 976 opera
768 920 1020 976 Calpurnius
1052 928 1093 961 et
1118 920 1339 973 Quinctius
1371 921 1413 961 in
1443 920 1600 976 proelio

243 984 308 1025 usi
333 991 486 1025 essent.

328 1045 625 1088 XXXVIIII.
664 1046 760 1086 Hac
786 1045 930 1086 sedata
956 1045 1219 1087 contentione
1246 1045 1326 1086 alia
1352 1045 1527 1086 subinde
1549 1043 1599 1086 C.

242 1108 409 1148 Decimi
439 1107 641 1162 praetoris
672 1115 804 1148 morte
835 1115 978 1148 exorta
1009 1115 1085 1148 est.
1148 1106 1226 1148 Cn.
1262 1107 1443 1148 Sicinius
1475 1115 1515 1148 et
1545 1107 1599 1148 L.

242 1169 418 1224 Pupius,
445 1170 515 1222 qui
541 1168 695 1210 aediles
721 1169 912 1224 proximo
938 1185 1046 1210 anno
1072 1170 1248 1218 fuerant,
1275 1176 1316 1210 et
1341 1168 1390 1210 C.
1406 1169 1599 1211 Valerius

241 1231 394 1271 flamen
423 1230 560 1271 Dialis
599 1238 639 1270 et
676 1229 729 1282 Q.
754 1231 929 1272 Fulvius
960 1231 1137 1272 Flaccus
1163 1255 1219 1259 —-
1250 1231 1283 1271 is
1322 1231 1418 1284 quia
1455 1230 1598 1271 aedilis

243 1293 394 1334 curulis
418 1292 658 1347 designatus
680 1300 778 1341 erat,
806 1293 893 1333 51110
920 1300 1017 1347 toga
1038 1293 1225 1340 candida,
1254 1293 1328 1333 sed
1348 1293 1528 1333 maxima
1548 1307 1599 1333 ex

244 1356 434 1396 omnibus
473 1355 735 1396 contentione
765 1379 821 1383 ——
850 1356 1065 1409 petebant,
1104 1363 1395 1407 certamenque
1433 1355 1470 1395 ei
1506 1369 1600 1394 011111

243 1417 407 1457 flamine
434 1425 533 1457 erat..
595 1424 633 1457 et
658 1424 879 1470 postquam
905 1417 1037 1470 primo
1064 1430 1254 1468 aequare,
1280 1431 1377 1456 mox
1404 1431 1599 1470 superare

243 1479 367 1519 etiam
393 1486 455 1519 est
481 1479 615 1526 visus,
649 1493 746 1532 pars
772 1478 1029 1518 tribunorum
1060 1477 1194 1532 plebis
1220 1493 1374 1532 negare
1398 1478 1600 1519 rationem

244 1540 331 1581 01115
357 1540 593 1580 habendam
618 1554 730 1588 esse,
763 1540 874 1593 quod
900 1540 1003 1581 duos
1029 1540 1153 1580 simul
1183 1555 1290 1580 1111115
1317 1540 1598 1594 magistratus,

242 1602 487 1657 praesertim
513 1602 688 1650 curules,
716 1616 850 1655 neque
871 1616 1019 1657 capere
1044 1609 1188 1656 posset
1213 1616 1290 1642 1100
1314 1617 1478 1656 gerere3
1503 1617 1599 1656 pars

242 1664 406 1719 legibus
433 1678 527 1704 eum
554 1663 659 1704 solvi
685 1678 863 1717 aequum
889 1678 1077 1713 censere,
1111 1671 1155 1704 ut
1181 1679 1303 1717 quem
1328 1663 1452 1704 vellet
1481 1678 1601 1718 prae-

244 1735 375 1767 torem
401 1725 568 1767 ereandi
592 1725 747 1780 populo
772 1733 958 1780 potestas
984 1726 1113 1766 fieret.
1174 1726 1228 1767 L.
1254 1726 1428 1766 Porcius
1456 1725 1600 1766 consul

243 1788 375 1843 primo
400 1788 443 1828 in
468 1803 518 1828 ea
542 1788 747 1829 'sententia
773 1803 885 1837 esse,
910 1803 962 1829 ne
988 1803 1140 1829 nomen
1166 1788 1252 1828 cius
1280 1788 1502 1842 acciperet,
1529 1788 1600 1828 de-

242 1850 357 1899 inde,
395 1858 442 1891 ut
467 1865 518 1890 ex
543 1849 786 1891 auctoritate
813 1858 981 1890 senatus
1013 1850 1123 1890 idem
1149 1850 1322 1899 faceret,
1361 1849 1597 1890 convocatis

241 1913 428 1967 patribus
460 1912 615 1953 referre
647 1927 691 1953 se
718 1913 769 1952 ad
796 1927 866 1953 eos
894 1913 1014 1961 dixit,
1052 1913 1164 1965 quod
1193 1927 1270 1953 1100
1300 1912 1386 1953 iure
1413 1912 1496 1953 ullo
1522 1926 1599 1952 nec

242 1975 433 2030 exemplo
460 1974 663 2015 tolerabili
694 1975 848 2015 liberae
875 1975 1030 2015 civitati
1056 1975 1199 2016 aedilis
1227 1975 1378 2015 curulis
1406 1975 1598 2029 designa-

242 2048 308 2078 tus
335 2045 572 2092 praeturam
596 2043 773 2091 peteret,
806 2037 903 2086 sibi,
935 2037 1015 2077 nisi
1041 2037 1139 2090 quid
1163 2037 1276 2077 aliud
1300 2037 1349 2077 iis
1376 2036 1596 2086 videretur,

242 2099 285 2139 in
311 2099 447 2140 animo
473 2114 566 2139 0550
591 2114 614 2140 0
638 2098 731 2153 lege
758 2099 923 2140 comitia
948 2098 1112 2139 habere.
1170 2106 1308 2153 patres
1336 2105 1597 2146 censuerunt,

242 2162 302 2201 uti
326 2161 379 2202 L.
404 2161 579 2202 Porcius
613 2160 756 2202 consul
788 2175 882 2201 011111
908 2160 960 2212 Q.
986 2161 1137 2201 Fulvio
1163 2167 1324 2215 ageret,
1357 2176 1408 2201 ne
1439 2160 1598 2215 inpedi-

242 2231 381 2264 mento
419 2230 548 2272 esset,
587 2237 667 2276 quo
698 2223 835 2263 minus
868 2223 1033 2263 comitia
1069 2222 1269 2277 praetoris
1302 2222 1345 2262 in
1377 2222 1512 2262 locum
1546 2220 1596 2262 C.

241 2284 407 2325 Decimi
433 2285 687 2339 subrogandi
713 2300 734 2325 e
759 2285 852 2339 lege
878 2285 1141 2326 haberentur.
1197 2284 1336 2338 agenti
1361 2284 1520 2324 consuli
1546 2298 1597 2324 ex

243 2354 410 2387 senatus
438 2348 626 2388 consulto
653 2347 867 2402 respondit
880 2347 1071 2396 Flaccus,
1097 2347 1198 2387 nihil
1224 2346 1389 2400 quidem
1417 2361 1461 2387 se
1487 2346 1598 2399 quod

242 2408 457 2462 indignum
489 2416 598 2449 esset
630 2410 848 2450 facturum.
909 2409 1045 2449 medio
1070 2424 1271 2463 responso
1298 2423 1414 2463 spem
1441 2408 1493 2448 ad
1526 2423 1597 2448 vo-

243 2469 443 2509 luntatem
479 2470 843 2525 interpretantibus
876 2471 1049 2519 fecerat,
1088 2485 1300 2511 cessurum
1331 2479 1495 2524 patrum
1526 2484 1596 2509 au-

244 2530 421 2571 ctoritati
453 2546 557 2572 esse.
620 2532 794 2573 comitiis
827 2533 962 2574 acrius
994 2533 1116 2574 etiam
1149 2547 1273 2586 quam
1305 2540 1398 2573 ante
1429 2532 1593 2586 petebat
