1799 2900
228 204 247 233 5

228 329 244 356 (i

229 512 243 539 *Ι

211 1255 249 1285 10

210 1444 246 1472 11

231 1877 245 1904 1

230 1938 247 1967 2

229 2126 247 2155 3

229 2311 249 2339 4

232 2436 249 2464 5

274 79 357 120 204
570 85 724 118 Lmen
748 83 914 127 xxxv,
940 84 994 118 34.
1015 84 1067 117 35.
1098 87 1145 128 [a.
1160 97 1193 119 u.
1210 96 1240 119 e.
1254 86 1321 118 511.)
1324 88 1337 128 j

274 188 603 236 Demetriadem,
621 186 879 236 Chalcidem,
895 187 1258 229 Lacedaemonem
1274 188 1516 243 occupandi.
1550 187 1631 228 sin-

274 251 359 305 guli
386 251 426 290 in
454 250 640 304 singulas
671 249 880 304 principes
911 250 1028 290 missi
1060 258 1175 299 sunt,
1202 251 1344 291 Thoas
1373 250 1631 299 Chalcidem,

274 313 562 352 Alexamenus
578 311 955 360 Lacedaemonem,
978 311 1148 352 Diocles
1164 312 1491 353 Demetriadem.
1524 312 1634 352 hunc

274 374 368 414 exul
383 373 664 426 EurylochuS,
688 374 738 413 de
754 373 869 413 cuius
894 374 994 427 fuga
1008 388 1214 427 causaque
1230 374 1354 428 fugae
1369 382 1463 415 ante
1479 373 1632 414 dictum

274 444 356 485 est,
390 436 486 489 quia
510 436 667 476 reditus
699 436 741 476 in
767 436 942 490 patriam
968 437 1081 476 nulla
1108 445 1194 477 erat
1220 437 1299 477 alia
1327 452 1435 491 spes,
1463 436 1632 477 adiuvit.
1671 433 1674 436 ’

274 498 420 539 litteris
458 498 689 552 Eurylochi
733 498 932 539 admoniti
976 499 1196 553 propinqui
1239 499 1442 551 amicique
1485 506 1525 539 01
1566 497 1634 551 qui

275 561 461 601 eiusdem
499 560 691 601 factionis
729 568 858 609 erant,
897 560 1049 601 liberos
1088 570 1129 601 et
1165 561 1383 615 coniugem
1416 561 1503 601 eius
1541 575 1634 600 cum

275 623 443 664 sordida
463 630 593 671 veste,
620 630 809 663 tenentes
830 622 1065 663 velamenta
1086 623 1346 677 supplicium,
1377 622 1455 677 [in]
1479 623 1636 664 contio-

275 700 370 726 nem
408 685 669 738 frequentem
705 685 919 725 adcierunt.
956 685 1142 739 singulos
1182 685 1481 737 universosque
1519 685 1635 725 obte-

276 754 448 795 stantes,
475 762 527 787 ne
554 747 761 787 insontem
787 747 1072 787 indemnatum
1098 761 1397 787 consenescere
1422 747 1463 786 in
1490 746 1634 787 exsilio

277 809 472 850 sinerent.
522 816 563 849 et
595 809 804 864 simplices
837 809 1027 850 homines
1058 809 1343 849 misericordia
1368 816 1408 849 et
1438 808 1635 863 inprobos

275 871 578 924 seditiososque
610 871 857 912 inmiscendi
886 887 952 912 res
986 872 1164 912 tumultu
1195 871 1388 912 Aetolico
1421 886 1516 926 spes
1548 887 1636 912 mo-

276 934 351 975 vit:
390 950 465 989 pro
505 949 549 975 se
587 935 762 988 quisque
793 935 979 975 revocari
1010 935 1221 975 iubebant.
1283 934 1347 974 his
1379 933 1635 989 praeparatis

274 996 447 1037 Diocles
469 1011 563 1037 cum
585 998 697 1038 omni
718 997 902 1050 equitatu
916 1022 973 1026 —
987 1004 1027 1037 01
1053 1004 1139 1037 erat
1158 1004 1245 1037 tum
1265 996 1500 1052 praefectus
1523 996 1636 1050 equi-

276 1059 584 1113 tum—specie
610 1060 846 1100 reducentis
874 1060 1060 1100 exsulem
1086 1059 1293 1113 hospitem
1318 1059 1543 1114 profectus,
1570 1059 1635 1100 die

276 1134 323 1160 ac
348 1128 469 1161 nocte
495 1121 643 1176 ingens
670 1120 747 1161 iter
774 1136 982 1169 emensus,
1011 1136 1103 1161 011111
1129 1122 1243 1161 milia
1269 1136 1342 1161 sex
1368 1122 1420 1161 ab
1441 1122 1542 1161 urbe
1564 1121 1636 1161 ab-

275 1189 400 1230 esset,
427 1182 560 1236 prima
584 1183 676 1223 luce
704 1183 833 1223 tribus
862 1183 1003 1223 electis
1031 1183 1190 1232 turmis,
1219 1191 1353 1223 cetera
1374 1183 1635 1223 multitudine

275 1244 460 1296 equitum
499 1245 696 1297 subsequi
738 1245 870 1293 iussa,
914 1245 1153 1298 praecessit.
1226 1253 1450 1299 postquam
1490 1252 1634 1299 portae

275 1305 653 1360 adpropinquabat,
692 1306 856 1347 desilire
894 1322 1037 1346 omnes
1071 1322 1122 1347 ex
1159 1307 1274 1359 equis
1308 1307 1429 1347 iussit.
1465 1314 1505 1347 et.
1535 1306 1634 1347 loris

276 1368 425 1408 ducere
452 1383 593 1421 equos,
620 1368 777 1409 itineris
803 1369 983 1409 maxime
1010 1369 1134 1409 modo
1161 1368 1307 1409 solutis
1335 1368 1563 1417 ordinibus,
1590 1376 1634 1409 ut

276 1430 494 1470 comitatus
520 1430 654 1484 magis
681 1430 880 1484 praefecti
901 1430 1109 1470 videretur
1129 1445 1253 1482 quam
1279 1430 1545 1484 praesidium.
1577 1430 1635 1471 ibi

274 1507 356 1531 una
381 1507 432 1531 ex
464 1491 608 1532 turmis
643 1492 694 1532 ad
724 1500 886 1547 portam
912 1493 1073 1541 relicta,
1106 1507 1157 1532 110
1184 1492 1347 1532 excludi
1375 1493 1634 1545 subsequens

275 1554 482 1606 equitatus
508 1562 663 1608 posset,
691 1554 828 1595 media
848 1555 949 1594 urbe
970 1569 1018 1594 ac
1043 1569 1116 1609 per
1141 1554 1290 1603 forum,
1317 1569 1444 1594 manu
1456 1554 1636 1608 Eurylo—

275 1616 396 1655 chum
413 1623 571 1665 tenens,
582 1616 722 1656 multis
733 1616 1049 1657 obcurrentibus
1065 1616 1452 1670 gratulantibusque
1467 1617 1635 1658 domum

274 1678 459 1719 deduxit.
509 1694 607 1719 mox
639 1679 821 1731 equitum
854 1679 980 1733 plena
1005 1680 1104 1719 urbs
1132 1686 1220 1719 erat
1245 1688 1285 1720 01
1315 1679 1408 1720 loca
1433 1686 1637 1734 oportuna

274 1741 596 1794 occupabantur.
635 1749 723 1781 tum
743 1741 784 1781 in
806 1742 950 1782 domos
973 1741 1089 1782 missi
1112 1742 1181 1794 qui
1205 1741 1414 1796 principes
1435 1742 1636 1783 adversae

273 1803 465 1843 factionis
492 1803 783 1844 interficerent.
822 1804 879 1844 ita
898 1804 1137 1845 Demetrias
1152 1805 1401 1845 Aetolorum
1428 1804 1540 1844 facta
1559 1812 1634 1845 est.

358 1865 559 1908 XXXV.
610 1866 933 1907 Lacedaemone
959 1882 1042 1907 non
1068 1866 1159 1906 urbi
1185 1867 1247 1907 vis
1282 1866 1537 1915 adferenda,
1561 1866 1636 1907 sed

275 1934 475 1980 tyrannus
502 1928 598 1968 dolo
626 1928 851 1982 capiendus
879 1936 986 1969 erat:
1020 1944 1141 1982 quem
1169 1929 1390 1983 spoliatum
1417 1927 1634 1969 maritimis

274 1989 437 2043 oppidis
471 1990 521 2030 ab
546 1990 768 2039 Romanis,
803 1999 900 2031 tunc
932 1991 1039 2031 intra
1070 1990 1234 2031 moenia
1265 1990 1389 2031 etiam
1418 1989 1635 2030 Lacedae-

273 2053 407 2092 monis
441 2053 492 2092 ab
523 2053 709 2093 Achaeis
743 2054 1005 2108 compulsum
1043 2054 1112 2106 qui
1150 2060 1397 2108 occupasset
1433 2052 1634 2102 occidere,

275 2129 368 2154 eum
388 2114 514 2155 totius
535 2115 712 2168 gratiam
730 2116 789 2156 rei
810 2116 920 2170 apud
934 2116 1294 2156 Lacedaemonios
1313 2116 1505 2156 laturum.
1539 2129 1636 2155 eau-

276 2191 364 2216 sam
384 2176 573 2217 mittendi
600 2178 653 2218 ad
678 2192 772 2218 eum
797 2178 1042 2227 habuerunt,
1073 2179 1184 2231 quod
1204 2178 1409 2233 fatigabat
1427 2177 1634 2233 precibus,

274 2245 319 2277 111
344 2238 497 2279 auxilia
524 2239 620 2288 sibi,
648 2254 741 2279 cum
767 2240 846 2280 illis
875 2241 1112 2281 auctoribus
1139 2241 1397 2288 rebellasset,
1423 2240 1635 2281 mitteren—

275 2306 352 2340 tur.
402 2301 512 2341 mille
538 2301 700 2356 pedites
714 2302 977 2343 Alexameno
1000 2303 1085 2343 dati
1112 2310 1208 2344 sunt
1234 2310 1274 2343 01
1299 2303 1468 2357 triginta
1487 2302 1635 2343 delecti

275 2376 325 2401 ex
350 2362 562 2403 iuventute
590 2364 762 2417 equites.
800 2364 849 2404 iis
877 2380 900 2405 a
926 2371 1113 2419 praetore
1134 2365 1378 2405 Damocrito
1400 2365 1441 2404 in
1463 2364 1634 2405 consilio

276 2437 425 2462 arcano
451 2425 606 2477 gentis,
646 2425 696 2466 de
729 2441 809 2479 quo
835 2435 930 2467 ante
958 2427 1113 2467 dietum
1140 2434 1224 2476 est,
1263 2427 1545 2475 denuntiatur,
1583 2441 1634 2467 nc

277 2500 320 2523 se
347 2485 399 2524 ad
424 2487 579 2527 bellum
592 2488 827 2528 Achaicum
848 2496 917 2529 aut
943 2504 1031 2530 rem
1051 2490 1190 2539 ullam,
1219 2504 1342 2543 quam
1364 2505 1438 2530 sua
1459 2489 1633 2542 quisque

275 2546 466 2599 opinione
494 2550 730 2604 praecipere
758 2558 919 2604 posset,
947 2552 1162 2592 crederent
1186 2552 1338 2592 missos
1365 2566 1477 2592 esse:
1515 2550 1632 2603 quid-
