1799 2900
210 117 293 158 326
477 123 630 158 LIBER
657 123 880 166 XXXVIII,
908 123 1035 157 1314.
1064 124 1301 168 [a.u.e.565]

211 230 426 283 Apameae
451 241 602 265 nomen
628 225 801 265 inditum
828 225 880 265 ab
894 226 1060 280 Apama
1086 241 1225 267 sorore
1248 226 1412 268 Seleuci
1437 229 1562 284 regis.

166 305 184 333 6
211 298 251 330 et
288 290 482 341 Marsyas
529 288 680 336 amnis,
725 287 834 327 haud
877 288 1019 342 procul
1057 303 1081 328 a
1115 289 1334 330 Maeandri
1380 292 1562 332 sontibus

210 352 360 399 oriens,
387 350 427 389 in
454 350 731 390 Maeandrum
756 349 882 398 cadit,
910 350 1102 402 famaque
1127 351 1184 391 ita
1209 360 1338 400 tenet,
1368 352 1562 393 Celaenis

168 428 183 456 7
210 414 412 466 BIarsyan
438 426 532 452 cum
556 411 753 465 Apolline
780 411 971 451 tibiarum
998 419 1121 452 cantu
1146 423 1340 454 certasse.
1388 415 1563 455 Maean—

211 476 283 515 der
313 490 363 514 ex
395 488 487 514 arce
521 489 683 514 summa
714 472 990 514 Celaenarum
1023 483 1154 524 ortus,
1193 477 1329 516 media
1359 478 1459 517 urbe
1492 478 1563 518 de-

210 551 392 584 currenS‚
418 551 492 590 per
507 534 638 576 Caras
665 535 856 590 primum,
883 535 1030 576 deinde
1056 537 1180 577 Ionas
1207 537 1248 577 in
1275 538 1409 578 sinum
1437 539 1561 579 maris

165 612 184 641 8
210 598 355 645 editur,
383 597 451 650 qui
476 596 582 637 inter
606 597 787 637 Prienen
813 605 852 637 et
876 597 1071 638 Miletum
1097 606 1172 638 est.
1222 599 1274 638 ad
1294 600 1561 641 Antiochiam

210 659 251 699 in
283 667 418 699 castra
449 658 630 699 consulis
664 657 865 699 Seleucus
902 659 1101 699 Antiochi
1138 660 1266 708 filius,
1309 677 1359 701 ex
1398 663 1563 703 foedere

209 722 290 761 icto
315 735 407 761 cum
425 720 633 775 Scipione,
661 721 713 761 ad
738 721 992 761 frumentum
1013 722 1212 762 exercitui
1237 723 1418 763 dandum
1439 724 1563 764 venit.

166 800 183 827 9
210 798 338 838 parva
374 783 619 837 disceptatio
650 783 701 822 de
732 783 864 823 Attali
901 783 1169 823 auxiliaribus
1208 792 1296 824 orta
1335 793 1415 833 est,
1454 786 1565 837 quod

209 845 400 885 Romano
426 853 587 884 tantum
612 845 730 884 militi
755 854 922 899 pactum
940 845 1194 886 Antiochum
1219 855 1263 886 ut
1289 846 1454 887 daretur
1481 847 1565 887 fru-

146 920 184 948 10
210 915 395 947 mentum
422 906 623 947 Seleucus
657 906 832 947 dicebat.
893 907 1082 948 discussa
1108 923 1157 948 ea
1181 922 1345 961 quoque
1371 918 1434 949 est
1469 924 1566 949 con-

210 968 360 1008 stantia
392 968 592 1016 consulis,
631 968 699 1021 qui
732 969 904 1009 dimisso
935 969 1098 1010 tribuno
1126 970 1272 1018 edixit,
1310 985 1361 1011 ne
1385 970 1566 1011 Romani

208 1029 358 1070 milites
392 1030 642 1084 acciperent,
680 1030 922 1084 priusquam
946 1031 1080 1071 Attali
1113 1032 1266 1072 auxilia
1291 1032 1562 1087 accepissent.

145 1105 181 1134 11
209 1092 304 1132 inde
330 1093 382 1132 ad
410 1091 703 1133 Gordiutichos
729 1093 841 1145 quod
866 1102 1015 1134 vocant
1039 1108 1281 1147 processum
1307 1102 1382 1135 est.
1439 1110 1490 1135 ex
1516 1110 1564 1135 eo

208 1154 300 1194 loeo
327 1155 378 1194 ad
404 1155 543 1194 Tabas
571 1158 686 1195 tertis
713 1155 859 1195 castris
886 1164 1144 1209 perventum.
1204 1157 1246 1196 in
1278 1156 1428 1196 finibus
1454 1156 1564 1197 Pisi-

209 1216 354 1256 darum
378 1216 515 1270 posita
544 1217 643 1256 urbs
671 1224 751 1264 est,
783 1217 825 1256 in
857 1232 905 1257 ea
930 1224 1046 1271 parte
1073 1231 1177 1269 quae
1204 1218 1337 1271 vergit
1362 1218 1413 1257 ad
1438 1218 1564 1258 Pam-

208 1277 396 1332 phylium
421 1292 547 1318 mare.
602 1278 774 1332 integris
801 1278 956 1319 viribus
982 1279 1163 1332 regionis
1190 1280 1297 1327 eius,
1324 1279 1482 1319 feroces
1509 1279 1562 1319 ad

146 1351 182 1379 12
210 1339 447 1379 bellandum
472 1339 650 1380 habebat
679 1340 802 1380 viros.
852 1348 939 1380 tum
965 1354 1128 1392 quoque
1155 1341 1313 1393 equites
1344 1341 1386 1380 in
1413 1356 1562 1394 agmen

208 1399 444 1441 Romanum
470 1401 684 1455 eruptione
710 1402 821 1441 facta
846 1401 945 1442 haut
971 1402 1132 1442 modice
1157 1402 1291 1456 primo
1312 1402 1453 1456 inpetu
1478 1410 1563 1442 tur-

209 1463 377 1511 bavere;
417 1462 584 1511 deinde,
621 1471 666 1502 ut
691 1462 899 1517 adparuit,
936 1478 1012 1503 nee
1037 1478 1208 1503 numero
1236 1479 1279 1503 se
1311 1478 1388 1503 nec
1413 1463 1562 1504 virtute

208 1538 329 1577 pares
356 1539 469 1572 esse,
502 1524 544 1563 in
576 1525 721 1565 urbem
748 1524 952 1578 compulsi
983 1525 1147 1564 veniam
1173 1525 1322 1565 erroris
1353 1526 1562 1579 petebant,

144 1598 183 1626 13
211 1585 361 1626 dedere
386 1587 532 1626 urbem
563 1586 709 1640 parati.
770 1586 951 1639 quinque
977 1594 1016 1626 et
1048 1586 1195 1641 viginti
1225 1586 1379 1627 talenta
1404 1587 1563 1641 argenti

208 1656 249 1688 et
274 1647 418 1688 decem
443 1647 556 1688 milia
585 1648 841 1689 medimnum
874 1648 997 1689 tritici
1027 1648 1242 1703 imperata.
1301 1649 1358 1689 ita
1382 1649 1424 1689 in
1450 1648 1564 1689 dedi-

208 1710 361 1750 tionem
389 1710 559 1764 accepti.

167 1785 177 1813 1
292 1771 447 1813 XIIII.
486 1771 628 1812 Tertio
648 1771 743 1813 inde
770 1772 834 1812 die
861 1772 914 1812 ad
929 1770 1088 1813 Casum
1109 1787 1271 1812 amnem
1297 1779 1561 1826 perventum3

163 1846 181 1874 2
207 1833 303 1873 inde
328 1834 503 1889 profecti
526 1834 698 1875 Erizam
730 1834 875 1874 urbem
906 1834 1038 1888 primo
1069 1834 1212 1889 inpetu
1238 1842 1447 1889 ceperunt.
1509 1835 1562 1875 ad

207 1895 452 1936 Thabusion
484 1896 699 1937 castellum
729 1896 934 1937 inminens
968 1897 1126 1937 flumini
1151 1897 1257 1937 Indo
1290 1906 1458 1937 ventum
1483 1905 1559 1944 est,

164 1969 182 1998 3
209 1957 273 1997 eui
299 1958 455 1997 fecerat
478 1972 630 1998 nomen
645 1958 774 1999 Indus
796 1959 847 1999 ab
867 1958 1087 2012 elephanto
1107 1959 1303 1999 deiectus.
1336 1958 1446 1998 haud
1465 1973 1560 2013 pro-

208 2019 274 2058 cul
301 2018 497 2073 aCibyra
522 2020 707 2068 aberant,
734 2034 810 2060 nec
835 2020 988 2074 legatio
1015 2021 1098 2060 ulla
1118 2036 1141 2060 a
1159 2020 1358 2074 Bloagete
1384 2028 1558 2073 tyranno

207 2080 384 2121 civitatis
417 2081 524 2130 eius,
562 2081 727 2123 homine
761 2083 812 2122 ad
843 2083 981 2123 omnia
1016 2082 1142 2122 infido
1173 2090 1295 2134 atque
1325 2082 1559 2136 inportuno,

163 2155 181 2182 4
209 2142 413 2184 veniebat.
452 2143 505 2183 ad
530 2144 815 2198 temptandum
841 2144 929 2184 eius
956 2144 1138 2184 animum
1165 2143 1214 2185 C.
1241 2143 1440 2184 Helvium
1465 2157 1559 2183 cum

206 2212 400 2256 quattuor
430 2205 596 2245 milibus
627 2206 813 2259 peditum
839 2214 879 2246 et
909 2206 1146 2260 quingentis
1173 2205 1380 2258 equitibus
1415 2205 1559 2246 consul

207 2267 445 2320 praemittit.
506 2267 600 2307 huie
631 2267 786 2321 agmini
817 2268 898 2308 iam
928 2268 1022 2308 finis
1054 2268 1302 2322 ingredienti
1333 2267 1459 2321 legati
1485 2267 1558 2307 ob-

207 2337 421 2368 currerunt
456 2328 712 2378 nuntiantes,
750 2339 938 2384 paratum
971 2344 1063 2370 esse
1101 2338 1321 2382 tyrannum
1358 2329 1560 2383 imperata

163 2403 181 2431 5
207 2390 361 2430 facere:
400 2392 591 2439 orabant,
630 2400 674 2431 ut
710 2400 881 2445 pacatus
918 2392 1011 2432 finis
1048 2392 1168 2432 iniret
1205 2391 1497 2444 cohiberetque
1534 2405 1558 2430 a

206 2451 470 2504 populatione
497 2453 585 2507 agri
610 2453 802 2502 militem,
837 2463 875 2494 et
906 2453 946 2493 in
974 2468 1167 2494 coronam
1195 2468 1360 2493 auream
1387 2452 1557 2505 quinde-

165 2524 182 2553 6
209 2511 288 2550 cim
319 2513 473 2553 talenta
505 2514 762 2555 adferebant.
823 2514 1001 2555 Helvius
1032 2515 1216 2568 integros
1244 2530 1267 2554 a
1291 2513 1557 2568 populatione

208 2587 329 2625 agros
352 2583 610 2615 servaturum
635 2576 841 2629 pollicitus
861 2576 918 2616 ire
940 2577 991 2616 ad
1011 2577 1222 2617 consulem
1244 2576 1404 2629 legatos
1425 2574 1556 2614 iussit.
