<?xml version="1.0" encoding="UTF-8"?>
<!DOCTYPE html PUBLIC "-//W3C//DTD XHTML 1.0 Transitional//EN"
    "http://www.w3.org/TR/xhtml1/DTD/xhtml1-transitional.dtd">
<html xmlns="http://www.w3.org/1999/xhtml" xml:lang="en" lang="en">
 <head>
  <title>
</title>
<meta http-equiv="Content-Type" content="text/html;charset=utf-8" />
  <meta name='ocr-system' content='tesseract 3.04.00' />
  <meta name='ocr-capabilities' content='ocr_page ocr_carea ocr_par ocr_line ocrx_word'/>
</head>
<body>
  <div class='ocr_page' id='page_1' title='image "./aburbeconditalib03livyuoft_0384.png"; bbox 0 0 1799 2900; ppageno 0'>
   <div class='ocr_carea' id='block_1_1' title="bbox 179 327 217 356">
    <p class='ocr_par' dir='ltr' id='par_1_1' title="bbox 179 327 217 356">
     <span class='ocr_line' id='line_1_1' title="bbox 179 327 217 356; baseline -0.026 0"><span class='ocrx_word' id='word_1_1' title='bbox 179 327 217 356; x_wconf 91' lang='lat'>10</span> 
     </span>
    </p>
   </div>
   <div class='ocr_carea' id='block_1_2' title="bbox 196 636 214 665">
    <p class='ocr_par' dir='ltr' id='par_1_2' title="bbox 196 636 214 665">
     <span class='ocr_line' id='line_1_2' title="bbox 196 636 214 665; textangle 90"><span class='ocrx_word' id='word_1_2' title='bbox 196 636 214 665; x_wconf 66' lang='lat'>10</span> 
     </span>
    </p>
   </div>
   <div class='ocr_carea' id='block_1_3' title="bbox 196 1628 212 1657">
    <p class='ocr_par' dir='ltr' id='par_1_3' title="bbox 196 1628 212 1657">
     <span class='ocr_line' id='line_1_3' title="bbox 196 1628 212 1657; textangle 90"><span class='ocrx_word' id='word_1_3' title='bbox 196 1628 212 1657; x_wconf 50' lang='lat' dir='ltr'>*l</span> 
     </span>
    </p>
   </div>
   <div class='ocr_carea' id='block_1_4' title="bbox 176 2306 213 2336">
    <p class='ocr_par' dir='ltr' id='par_1_4' title="bbox 176 2306 213 2336">
     <span class='ocr_line' id='line_1_4' title="bbox 176 2306 213 2336; baseline -0.081 0"><span class='ocrx_word' id='word_1_4' title='bbox 176 2306 213 2336; x_wconf 89' lang='lat' dir='ltr'>lo</span> 
     </span>
    </p>
   </div>
   <div class='ocr_carea' id='block_1_5' title="bbox 243 144 1326 197">
    <p class='ocr_par' dir='ltr' id='par_1_5' title="bbox 243 144 1326 197">
     <span class='ocr_line' id='line_1_5' title="bbox 243 144 1326 197; baseline 0.001 -12"><span class='ocrx_word' id='word_1_5' title='bbox 243 144 328 186; x_wconf 73' lang='grc'>304</span> <span class='ocrx_word' id='word_1_6' title='bbox 519 150 671 185; x_wconf 87' lang='lat' dir='ltr'>LIBER</span> <span class='ocrx_word' id='word_1_7' title='bbox 696 151 901 196; x_wconf 85' lang='lat' dir='ltr'>XXXVII,</span> <span class='ocrx_word' id='word_1_8' title='bbox 928 151 983 186; x_wconf 82' lang='lat'>51.</span> <span class='ocrx_word' id='word_1_9' title='bbox 1002 152 1057 187; x_wconf 73' lang='lat'>52.</span> <span class='ocrx_word' id='word_1_10' title='bbox 1087 155 1135 197; x_wconf 86' lang='lat' dir='ltr'>[a.</span> <span class='ocrx_word' id='word_1_11' title='bbox 1149 164 1183 188; x_wconf 85' lang='lat' dir='ltr'>u.</span> <span class='ocrx_word' id='word_1_12' title='bbox 1200 164 1229 188; x_wconf 88' lang='lat' dir='ltr'>c.</span> <span class='ocrx_word' id='word_1_13' title='bbox 1244 153 1326 196; x_wconf 74' lang='lat'>565]</span> 
     </span>
    </p>
   </div>
   <div class='ocr_carea' id='block_1_6' title="bbox 237 253 1601 2665">
    <p class='ocr_par' dir='ltr' id='par_1_6' title="bbox 241 253 1598 489">
     <span class='ocr_line' id='line_1_6' title="bbox 243 253 1598 308; baseline 0 -11"><span class='ocrx_word' id='word_1_14' title='bbox 243 256 373 297; x_wconf 91' lang='lat' dir='ltr'>hostis</span> <span class='ocrx_word' id='word_1_15' title='bbox 401 262 439 296; x_wconf 87' lang='lat' dir='ltr'>et</span> <span class='ocrx_word' id='word_1_16' title='bbox 466 254 551 295; x_wconf 90' lang='lat' dir='ltr'>sui&#39;s</span> <span class='ocrx_word' id='word_1_17' title='bbox 579 253 734 294; x_wconf 84' lang='lat' dir='ltr'>viribus</span> <span class='ocrx_word' id='word_1_18' title='bbox 761 261 801 295; x_wconf 83' lang='lat' dir='ltr'>et</span> <span class='ocrx_word' id='word_1_19' title='bbox 826 255 936 308; x_wconf 88' lang='lat' dir='ltr'>quod</span> <span class='ocrx_word' id='word_1_20' title='bbox 962 255 1242 297; x_wconf 85' lang='lat' dir='ltr'>Hannibalem</span> <span class='ocrx_word' id='word_1_21' title='bbox 1267 263 1468 297; x_wconf 87' lang='lat' dir='ltr'>rectorem</span> <span class='ocrx_word' id='word_1_22' title='bbox 1494 257 1598 297; x_wconf 88' lang='lat' dir='ltr'>mili-</span> 
     </span>
     <span class='ocr_line' id='line_1_7' title="bbox 242 316 1598 360; baseline 0.001 -1"><span class='ocrx_word' id='word_1_23' title='bbox 242 319 323 360; x_wconf 88' lang='lat' dir='ltr'>tiae</span> <span class='ocrx_word' id='word_1_24' title='bbox 360 318 531 357; x_wconf 86' lang='lat' dir='ltr'>haberet.</span> <span class='ocrx_word' id='word_1_25' title='bbox 567 316 681 356; x_wconf 76' lang='lat' dir='ltr'>visus</span> <span class='ocrx_word' id='word_1_26' title='bbox 719 316 867 357; x_wconf 86' lang='lat' dir='ltr'>suerat.</span> <span class='ocrx_word' id='word_1_27' title='bbox 927 318 1028 358; x_wconf 84' lang='lat' dir='ltr'>nihil</span> <span class='ocrx_word' id='word_1_28' title='bbox 1066 325 1204 359; x_wconf 88' lang='lat' dir='ltr'>tamen</span> <span class='ocrx_word' id='word_1_29' title='bbox 1240 326 1310 359; x_wconf 89' lang='lat' dir='ltr'>aut</span> <span class='ocrx_word' id='word_1_30' title='bbox 1347 319 1397 360; x_wconf 89' lang='lat' dir='ltr'>de</span> <span class='ocrx_word' id='word_1_31' title='bbox 1429 320 1598 360; x_wconf 84' lang='lat' dir='ltr'>consule</span> 
     </span>
     <span class='ocr_line' id='line_1_8' title="bbox 241 378 1597 437; baseline 0.002 -17"><span class='ocrx_word' id='word_1_32' title='bbox 241 379 440 420; x_wconf 89' lang='lat' dir='ltr'>mittendo</span> <span class='ocrx_word' id='word_1_33' title='bbox 466 379 508 419; x_wconf 90' lang='lat' dir='ltr'>in</span> <span class='ocrx_word' id='word_1_34' title='bbox 533 378 681 418; x_wconf 82' lang='lat' dir='ltr'>Asiam</span> <span class='ocrx_word' id='word_1_35' title='bbox 707 379 951 419; x_wconf 86' lang='lat' dir='ltr'>mutandum</span> <span class='ocrx_word' id='word_1_36' title='bbox 978 387 1045 420; x_wconf 89' lang='lat' dir='ltr'>aut</span> <span class='ocrx_word' id='word_1_37' title='bbox 1071 380 1314 421; x_wconf 85' lang='lat' dir='ltr'>minuendas</span> <span class='ocrx_word' id='word_1_38' title='bbox 1342 381 1429 422; x_wconf 88' lang='lat' dir='ltr'>eius</span> <span class='ocrx_word' id='word_1_39' title='bbox 1457 382 1597 437; x_wconf 88' lang='lat' dir='ltr'>copias</span> 
     </span>
     <span class='ocr_line' id='line_1_9' title="bbox 241 440 1414 489; baseline 0.001 -8"><span class='ocrx_word' id='word_1_40' title='bbox 241 448 489 481; x_wconf 82' lang='lat' dir='ltr'>censuerunt</span> <span class='ocrx_word' id='word_1_41' title='bbox 514 448 647 489; x_wconf 89' lang='lat' dir='ltr'>metu,</span> <span class='ocrx_word' id='word_1_42' title='bbox 674 455 725 480; x_wconf 92' lang='lat' dir='ltr'>ne</span> <span class='ocrx_word' id='word_1_43' title='bbox 752 455 845 480; x_wconf 91' lang='lat' dir='ltr'>cum</span> <span class='ocrx_word' id='word_1_44' title='bbox 872 440 1004 481; x_wconf 85' lang='lat' dir='ltr'>Gallis</span> <span class='ocrx_word' id='word_1_45' title='bbox 1032 442 1138 483; x_wconf 86' lang='lat' dir='ltr'>foret</span> <span class='ocrx_word' id='word_1_46' title='bbox 1162 443 1414 483; x_wconf 84' lang='lat' dir='ltr'>bellandum.</span> 
     </span>
    </p>

    <p class='ocr_par' dir='ltr' id='par_1_7' title="bbox 237 502 1601 2665">
     <span class='ocr_line' id='line_1_10' title="bbox 325 502 1598 560; baseline 0.002 -17"><span class='ocrx_word' id='word_1_47' title='bbox 325 502 426 543; x_wconf 84' lang='lat' dir='ltr'><strong>LII.</strong></span> <span class='ocrx_word' id='word_1_48' title='bbox 475 502 604 542; x_wconf 85' lang='lat' dir='ltr'>Haud</span> <span class='ocrx_word' id='word_1_49' title='bbox 629 502 758 542; x_wconf 89' lang='lat' dir='ltr'>multo</span> <span class='ocrx_word' id='word_1_50' title='bbox 783 511 879 556; x_wconf 84' lang='lat' dir='ltr'>post</span> <span class='ocrx_word' id='word_1_51' title='bbox 904 503 966 544; x_wconf 87' lang='lat' dir='ltr'>M.</span> <span class='ocrx_word' id='word_1_52' title='bbox 986 504 1182 544; x_wconf 78' lang='lat' dir='ltr'>Aurelius</span> <span class='ocrx_word' id='word_1_53' title='bbox 1206 504 1331 545; x_wconf 87' lang='lat' dir='ltr'>Cotta</span> <span class='ocrx_word' id='word_1_54' title='bbox 1356 505 1518 560; x_wconf 85' lang='lat' dir='ltr'>legatus</span> <span class='ocrx_word' id='word_1_55' title='bbox 1544 506 1598 546; x_wconf 91' lang='lat' dir='ltr'>L.</span> 
     </span>
     <span class='ocr_line' id='line_1_11' title="bbox 242 564 1599 619; baseline 0.003 -15"><span class='ocrx_word' id='word_1_56' title='bbox 242 564 449 619; x_wconf 74' lang='lat' dir='ltr'>Scipionis</span> <span class='ocrx_word' id='word_1_57' title='bbox 488 579 581 604; x_wconf 92' lang='lat' dir='ltr'>eum</span> <span class='ocrx_word' id='word_1_58' title='bbox 611 564 811 605; x_wconf 83' lang='lat' dir='ltr'>Antiochi</span> <span class='ocrx_word' id='word_1_59' title='bbox 846 565 956 619; x_wconf 89' lang='lat' dir='ltr'>regis</span> <span class='ocrx_word' id='word_1_60' title='bbox 993 565 1162 619; x_wconf 86' lang='lat' dir='ltr'>legatis,</span> <span class='ocrx_word' id='word_1_61' title='bbox 1206 574 1245 607; x_wconf 90' lang='lat' dir='ltr'>et</span> <span class='ocrx_word' id='word_1_62' title='bbox 1276 567 1487 608; x_wconf 79' lang='lat' dir='ltr'>Eumenes</span> <span class='ocrx_word' id='word_1_63' title='bbox 1525 582 1599 608; x_wconf 85' lang='lat' dir='ltr'>rex</span> 
     </span>
     <span class='ocr_line' id='line_1_12' title="bbox 240 626 1598 684; baseline 0.002 -18"><span class='ocrx_word' id='word_1_64' title='bbox 240 626 461 679; x_wconf 81' lang='lat' dir='ltr'>Rhodique</span> <span class='ocrx_word' id='word_1_65' title='bbox 492 626 671 667; x_wconf 81' lang='lat' dir='ltr'>Romam</span> <span class='ocrx_word' id='word_1_66' title='bbox 709 634 922 667; x_wconf 79' lang='lat' dir='ltr'>venerunt.</span> <span class='ocrx_word' id='word_1_67' title='bbox 985 626 1110 668; x_wconf 89' lang='lat' dir='ltr'>Cotta</span> <span class='ocrx_word' id='word_1_68' title='bbox 1147 628 1189 667; x_wconf 92' lang='lat' dir='ltr'>in</span> <span class='ocrx_word' id='word_1_69' title='bbox 1226 637 1372 668; x_wconf 88' lang='lat' dir='ltr'>senatu</span> <span class='ocrx_word' id='word_1_70' title='bbox 1406 629 1598 684; x_wconf 88' lang='lat' dir='ltr'>primum,</span> 
     </span>
     <span class='ocr_line' id='line_1_13' title="bbox 240 688 1599 744; baseline 0.003 -16"><span class='ocrx_word' id='word_1_71' title='bbox 240 689 388 730; x_wconf 91' lang='lat' dir='ltr'>deinde</span> <span class='ocrx_word' id='word_1_72' title='bbox 420 689 461 729; x_wconf 90' lang='lat' dir='ltr'>in</span> <span class='ocrx_word' id='word_1_73' title='bbox 495 689 685 729; x_wconf 90' lang='lat' dir='ltr'>contione</span> <span class='ocrx_word' id='word_1_74' title='bbox 717 688 833 729; x_wconf 86' lang='lat' dir='ltr'>iussu</span> <span class='ocrx_word' id='word_1_75' title='bbox 862 696 1045 744; x_wconf 86' lang='lat' dir='ltr'>patrum,</span> <span class='ocrx_word' id='word_1_76' title='bbox 1084 704 1189 742; x_wconf 87' lang='lat' dir='ltr'>quae</span> <span class='ocrx_word' id='word_1_77' title='bbox 1221 697 1313 730; x_wconf 86' lang='lat' dir='ltr'>aeta</span> <span class='ocrx_word' id='word_1_78' title='bbox 1338 691 1380 730; x_wconf 91' lang='lat' dir='ltr'>in</span> <span class='ocrx_word' id='word_1_79' title='bbox 1404 691 1510 731; x_wconf 82' lang='lat' dir='ltr'>Asia</span> <span class='ocrx_word' id='word_1_80' title='bbox 1536 706 1599 732; x_wconf 88' lang='lat' dir='ltr'>es-</span> 
     </span>
     <span class='ocr_line' id='line_1_14' title="bbox 240 751 1598 805; baseline 0.002 -15"><span class='ocrx_word' id='word_1_81' title='bbox 240 758 350 800; x_wconf 86' lang='lat' dir='ltr'>sent,</span> <span class='ocrx_word' id='word_1_82' title='bbox 388 751 591 805; x_wconf 74' lang='lat' dir='ltr'>exposuit.</span> <span class='ocrx_word' id='word_1_83' title='bbox 654 751 901 805; x_wconf 72' lang='lat' dir='ltr'>supplicatio</span> <span class='ocrx_word' id='word_1_84' title='bbox 932 751 1027 791; x_wconf 89' lang='lat' dir='ltr'>inde</span> <span class='ocrx_word' id='word_1_85' title='bbox 1059 751 1101 791; x_wconf 90' lang='lat' dir='ltr'>in</span> <span class='ocrx_word' id='word_1_86' title='bbox 1126 751 1306 791; x_wconf 89' lang='lat' dir='ltr'>triduum</span> <span class='ocrx_word' id='word_1_87' title='bbox 1333 752 1497 793; x_wconf 85' lang='lat' dir='ltr'>decreta</span> <span class='ocrx_word' id='word_1_88' title='bbox 1522 762 1598 801; x_wconf 84' lang='lat' dir='ltr'>est,</span> 
     </span>
     <span class='ocr_line' id='line_1_15' title="bbox 240 813 1600 867; baseline 0.001 -14"><span class='ocrx_word' id='word_1_89' title='bbox 240 823 280 853; x_wconf 87' lang='lat' dir='ltr'>et</span> <span class='ocrx_word' id='word_1_90' title='bbox 316 813 592 867; x_wconf 87' lang='lat' dir='ltr'>quadraginta</span> <span class='ocrx_word' id='word_1_91' title='bbox 630 813 807 853; x_wconf 88' lang='lat' dir='ltr'>maiores</span> <span class='ocrx_word' id='word_1_92' title='bbox 852 813 1011 854; x_wconf 77' lang='lat' dir='ltr'>hostiae</span> <span class='ocrx_word' id='word_1_93' title='bbox 1055 813 1245 854; x_wconf 87' lang='lat' dir='ltr'>inmolari</span> <span class='ocrx_word' id='word_1_94' title='bbox 1288 813 1440 854; x_wconf 82' lang='lat' dir='ltr'>iussae.</span> <span class='ocrx_word' id='word_1_95' title='bbox 1512 823 1600 855; x_wconf 88' lang='lat' dir='ltr'>tum</span> 
     </span>
     <span class='ocr_line' id='line_1_16' title="bbox 240 875 1599 930; baseline 0.002 -16"><span class='ocrx_word' id='word_1_96' title='bbox 240 876 423 915; x_wconf 88' lang='lat' dir='ltr'>omnium</span> <span class='ocrx_word' id='word_1_97' title='bbox 448 875 627 930; x_wconf 87' lang='lat' dir='ltr'>primum</span> <span class='ocrx_word' id='word_1_98' title='bbox 652 875 834 915; x_wconf 86' lang='lat' dir='ltr'>Eumeni</span> <span class='ocrx_word' id='word_1_99' title='bbox 859 885 1028 916; x_wconf 87' lang='lat' dir='ltr'>senatus</span> <span class='ocrx_word' id='word_1_100' title='bbox 1056 876 1175 916; x_wconf 87' lang='lat' dir='ltr'>datus</span> <span class='ocrx_word' id='word_1_101' title='bbox 1202 884 1277 916; x_wconf 87' lang='lat' dir='ltr'>est.</span> <span class='ocrx_word' id='word_1_102' title='bbox 1327 876 1360 916; x_wconf 87' lang='lat' dir='ltr'>is</span> <span class='ocrx_word' id='word_1_103' title='bbox 1388 891 1481 916; x_wconf 88' lang='lat' dir='ltr'>cum</span> <span class='ocrx_word' id='word_1_104' title='bbox 1506 876 1599 918; x_wconf 92' lang='lat' dir='ltr'>bre-</span> 
     </span>
     <span class='ocr_line' id='line_1_17' title="bbox 241 938 1601 992; baseline 0.001 -15"><span class='ocrx_word' id='word_1_105' title='bbox 241 938 343 978; x_wconf 73' lang='lat' dir='ltr'>viter</span> <span class='ocrx_word' id='word_1_106' title='bbox 373 947 413 978; x_wconf 87' lang='lat' dir='ltr'>et</span> <span class='ocrx_word' id='word_1_107' title='bbox 444 938 600 992; x_wconf 79' lang='lat' dir='ltr'>egisset</span> <span class='ocrx_word' id='word_1_108' title='bbox 631 939 788 992; x_wconf 80' lang='lat' dir='ltr'>gratias</span> <span class='ocrx_word' id='word_1_109' title='bbox 819 938 1027 992; x_wconf 85' lang='lat' dir='ltr'>patribus,</span> <span class='ocrx_word' id='word_1_110' title='bbox 1073 938 1183 991; x_wconf 87' lang='lat' dir='ltr'>quod</span> <span class='ocrx_word' id='word_1_111' title='bbox 1219 938 1434 979; x_wconf 83' lang='lat' dir='ltr'>obsidione</span> <span class='ocrx_word' id='word_1_112' title='bbox 1472 953 1516 979; x_wconf 89' lang='lat' dir='ltr'>se</span> <span class='ocrx_word' id='word_1_113' title='bbox 1553 953 1601 979; x_wconf 89' lang='lat' dir='ltr'>ae</span> 
     </span>
     <span class='ocr_line' id='line_1_18' title="bbox 239 999 1601 1055; baseline 0.001 -16"><span class='ocrx_word' id='word_1_114' title='bbox 239 1000 408 1040; x_wconf 87' lang='lat' dir='ltr'>fratrem</span> <span class='ocrx_word' id='word_1_115' title='bbox 440 999 692 1040; x_wconf 80' lang='lat' dir='ltr'>exemissent</span> <span class='ocrx_word' id='word_1_116' title='bbox 722 1014 982 1055; x_wconf 77' lang='lat' dir='ltr'>regnumque</span> <span class='ocrx_word' id='word_1_117' title='bbox 1012 1001 1065 1041; x_wconf 88' lang='lat' dir='ltr'>ab</span> <span class='ocrx_word' id='word_1_118' title='bbox 1095 1000 1253 1040; x_wconf 88' lang='lat' dir='ltr'>iniuriis</span> <span class='ocrx_word' id='word_1_119' title='bbox 1279 1000 1479 1041; x_wconf 86' lang='lat' dir='ltr'>Antiochi</span> <span class='ocrx_word' id='word_1_120' title='bbox 1513 1001 1601 1041; x_wconf 88' lang='lat' dir='ltr'>vin-</span> 
     </span>
     <span class='ocr_line' id='line_1_19' title="bbox 240 1061 1600 1116; baseline 0.001 -15"><span class='ocrx_word' id='word_1_121' title='bbox 240 1062 468 1110; x_wconf 88' lang='lat' dir='ltr'>dicassent,</span> <span class='ocrx_word' id='word_1_122' title='bbox 508 1070 548 1102; x_wconf 89' lang='lat' dir='ltr'>et</span> <span class='ocrx_word' id='word_1_123' title='bbox 584 1061 815 1116; x_wconf 77' lang='lat' dir='ltr'>gratulatus</span> <span class='ocrx_word' id='word_1_124' title='bbox 854 1068 985 1112; x_wconf 85' lang='lat' dir='ltr'>esset,</span> <span class='ocrx_word' id='word_1_125' title='bbox 1024 1062 1136 1115; x_wconf 89' lang='lat' dir='ltr'>quod</span> <span class='ocrx_word' id='word_1_126' title='bbox 1173 1062 1274 1102; x_wconf 89' lang='lat' dir='ltr'>mari</span> <span class='ocrx_word' id='word_1_127' title='bbox 1313 1070 1502 1116; x_wconf 88' lang='lat' dir='ltr'>terraque</span> <span class='ocrx_word' id='word_1_128' title='bbox 1533 1078 1600 1104; x_wconf 89' lang='lat' dir='ltr'>res</span> 
     </span>
     <span class='ocr_line' id='line_1_20' title="bbox 239 1124 1600 1178; baseline 0.001 -15"><span class='ocrx_word' id='word_1_129' title='bbox 239 1138 437 1178; x_wconf 86' lang='lat' dir='ltr'>prospere</span> <span class='ocrx_word' id='word_1_130' title='bbox 474 1124 724 1178; x_wconf 84' lang='lat' dir='ltr'>gessissent,</span> <span class='ocrx_word' id='word_1_131' title='bbox 763 1124 954 1177; x_wconf 87' lang='lat' dir='ltr'>quodque</span> <span class='ocrx_word' id='word_1_132' title='bbox 991 1139 1134 1178; x_wconf 86' lang='lat' dir='ltr'>regem</span> <span class='ocrx_word' id='word_1_133' title='bbox 1165 1124 1423 1165; x_wconf 79' lang='lat' dir='ltr'>Antiochum</span> <span class='ocrx_word' id='word_1_134' title='bbox 1461 1125 1600 1165; x_wconf 90' lang='lat' dir='ltr'>fusum</span> 
     </span>
     <span class='ocr_line' id='line_1_21' title="bbox 239 1186 1600 1241; baseline 0.001 -16"><span class='ocrx_word' id='word_1_135' title='bbox 239 1186 512 1239; x_wconf 81' lang='lat' dir='ltr'>fugatumque</span> <span class='ocrx_word' id='word_1_136' title='bbox 538 1194 576 1226; x_wconf 92' lang='lat' dir='ltr'>et</span> <span class='ocrx_word' id='word_1_137' title='bbox 603 1194 774 1226; x_wconf 85' lang='lat' dir='ltr'>exutum</span> <span class='ocrx_word' id='word_1_138' title='bbox 800 1187 945 1226; x_wconf 89' lang='lat' dir='ltr'>castris</span> <span class='ocrx_word' id='word_1_139' title='bbox 972 1187 1085 1241; x_wconf 88' lang='lat' dir='ltr'>prius</span> <span class='ocrx_word' id='word_1_140' title='bbox 1107 1187 1295 1241; x_wconf 82' lang='lat' dir='ltr'>Europa,</span> <span class='ocrx_word' id='word_1_141' title='bbox 1320 1194 1415 1241; x_wconf 88' lang='lat' dir='ltr'>post</span> <span class='ocrx_word' id='word_1_142' title='bbox 1441 1194 1481 1227; x_wconf 88' lang='lat' dir='ltr'>et</span> <span class='ocrx_word' id='word_1_143' title='bbox 1495 1187 1600 1227; x_wconf 85' lang='lat' dir='ltr'>Asia</span> 
     </span>
     <span class='ocr_line' id='line_1_22' title="bbox 240 1248 1599 1303; baseline 0.001 -16"><span class='ocrx_word' id='word_1_144' title='bbox 240 1263 345 1301; x_wconf 86' lang='lat' dir='ltr'>quae</span> <span class='ocrx_word' id='word_1_145' title='bbox 383 1248 439 1288; x_wconf 91' lang='lat' dir='ltr'>eis</span> <span class='ocrx_word' id='word_1_146' title='bbox 478 1248 663 1288; x_wconf 83' lang='lat' dir='ltr'>Taurum</span> <span class='ocrx_word' id='word_1_147' title='bbox 702 1258 885 1288; x_wconf 85' lang='lat' dir='ltr'>montem</span> <span class='ocrx_word' id='word_1_148' title='bbox 922 1257 984 1289; x_wconf 88' lang='lat' dir='ltr'>est</span> <span class='ocrx_word' id='word_1_149' title='bbox 1021 1248 1295 1303; x_wconf 81' lang='lat' dir='ltr'>expulissent,</span> <span class='ocrx_word' id='word_1_150' title='bbox 1340 1264 1415 1289; x_wconf 90' lang='lat' dir='ltr'>sua</span> <span class='ocrx_word' id='word_1_151' title='bbox 1451 1249 1599 1290; x_wconf 88' lang='lat' dir='ltr'>deinde</span> 
     </span>
     <span class='ocr_line' id='line_1_23' title="bbox 238 1309 1599 1364; baseline 0.001 -15"><span class='ocrx_word' id='word_1_152' title='bbox 238 1310 384 1350; x_wconf 89' lang='lat' dir='ltr'>merita</span> <span class='ocrx_word' id='word_1_153' title='bbox 409 1310 532 1350; x_wconf 86' lang='lat' dir='ltr'>malle</span> <span class='ocrx_word' id='word_1_154' title='bbox 559 1325 628 1350; x_wconf 90' lang='lat' dir='ltr'>eos</span> <span class='ocrx_word' id='word_1_155' title='bbox 662 1325 713 1350; x_wconf 90' lang='lat' dir='ltr'>ex</span> <span class='ocrx_word' id='word_1_156' title='bbox 744 1309 1061 1364; x_wconf 83' lang='lat' dir='ltr'>imperatoribus</span> <span class='ocrx_word' id='word_1_157' title='bbox 1095 1311 1178 1350; x_wconf 86' lang='lat' dir='ltr'>suis</span> <span class='ocrx_word' id='word_1_158' title='bbox 1211 1310 1442 1364; x_wconf 81' lang='lat' dir='ltr'>legatisque</span> <span class='ocrx_word' id='word_1_159' title='bbox 1475 1325 1599 1364; x_wconf 85' lang='lat' dir='ltr'>quam</span> 
     </span>
     <span class='ocr_line' id='line_1_24' title="bbox 242 1372 1599 1428; baseline 0 -15"><span class='ocrx_word' id='word_1_160' title='bbox 242 1388 286 1413; x_wconf 90' lang='lat' dir='ltr'>se</span> <span class='ocrx_word' id='word_1_161' title='bbox 312 1381 659 1413; x_wconf 86' lang='lat' dir='ltr'>commemorante</span> <span class='ocrx_word' id='word_1_162' title='bbox 692 1387 943 1427; x_wconf 80' lang='lat' dir='ltr'>cognoscere</span> <span class='ocrx_word' id='word_1_163' title='bbox 970 1373 1084 1413; x_wconf 82' lang='lat' dir='ltr'>dixit.</span> <span class='ocrx_word' id='word_1_164' title='bbox 1145 1372 1248 1413; x_wconf 86' lang='lat' dir='ltr'>haec</span> <span class='ocrx_word' id='word_1_165' title='bbox 1274 1373 1599 1428; x_wconf 85' lang='lat' dir='ltr'>adprobantibus</span> 
     </span>
     <span class='ocr_line' id='line_1_25' title="bbox 240 1434 1598 1488; baseline 0.001 -14"><span class='ocrx_word' id='word_1_166' title='bbox 240 1435 396 1475; x_wconf 89' lang='lat' dir='ltr'>cunctis</span> <span class='ocrx_word' id='word_1_167' title='bbox 423 1435 742 1487; x_wconf 82' lang='lat' dir='ltr'>iubentibusque</span> <span class='ocrx_word' id='word_1_168' title='bbox 769 1435 904 1475; x_wconf 88' lang='lat' dir='ltr'>dicere</span> <span class='ocrx_word' id='word_1_169' title='bbox 930 1434 1066 1488; x_wconf 89' lang='lat' dir='ltr'>ipsum</span> <span class='ocrx_word' id='word_1_170' title='bbox 1092 1434 1246 1475; x_wconf 89' lang='lat' dir='ltr'>omissa</span> <span class='ocrx_word' id='word_1_171' title='bbox 1271 1434 1313 1474; x_wconf 92' lang='lat' dir='ltr'>in</span> <span class='ocrx_word' id='word_1_172' title='bbox 1339 1434 1379 1474; x_wconf 91' lang='lat' dir='ltr'>id</span> <span class='ocrx_word' id='word_1_173' title='bbox 1401 1449 1598 1476; x_wconf 79' lang='lat' dir='ltr'>verecun—</span> 
     </span>
     <span class='ocr_line' id='line_1_26' title="bbox 240 1496 1598 1550; baseline 0.001 -14"><span class='ocrx_word' id='word_1_174' title='bbox 240 1497 325 1545; x_wconf 84' lang='lat' dir='ltr'>dia,</span> <span class='ocrx_word' id='word_1_175' title='bbox 353 1496 451 1549; x_wconf 87' lang='lat' dir='ltr'>quid</span> <span class='ocrx_word' id='word_1_176' title='bbox 478 1497 556 1537; x_wconf 88' lang='lat' dir='ltr'>sibi</span> <span class='ocrx_word' id='word_1_177' title='bbox 577 1497 629 1537; x_wconf 87' lang='lat' dir='ltr'>ab</span> <span class='ocrx_word' id='word_1_178' title='bbox 650 1504 795 1537; x_wconf 88' lang='lat' dir='ltr'>senatu</span> <span class='ocrx_word' id='word_1_179' title='bbox 815 1496 1052 1550; x_wconf 87' lang='lat' dir='ltr'>populoque</span> <span class='ocrx_word' id='word_1_180' title='bbox 1066 1496 1257 1537; x_wconf 83' lang='lat' dir='ltr'>Romano</span> <span class='ocrx_word' id='word_1_181' title='bbox 1278 1496 1401 1536; x_wconf 88' lang='lat' dir='ltr'>tribui</span> <span class='ocrx_word' id='word_1_182' title='bbox 1422 1511 1598 1550; x_wconf 87' lang='lat' dir='ltr'>aequum</span> 
     </span>
     <span class='ocr_line' id='line_1_27' title="bbox 239 1557 1598 1613; baseline 0.001 -15"><span class='ocrx_word' id='word_1_183' title='bbox 239 1558 733 1613; x_wconf 84' lang='lat' dir='ltr'>censeret—propensius</span> <span class='ocrx_word' id='word_1_184' title='bbox 761 1557 1103 1610; x_wconf 84' lang='lat' dir='ltr'>cumulatiusque,</span> <span class='ocrx_word' id='word_1_185' title='bbox 1132 1558 1166 1598; x_wconf 92' lang='lat' dir='ltr'>si</span> <span class='ocrx_word' id='word_1_186' title='bbox 1192 1572 1273 1610; x_wconf 87' lang='lat' dir='ltr'>quo</span> <span class='ocrx_word' id='word_1_187' title='bbox 1299 1558 1451 1612; x_wconf 88' lang='lat' dir='ltr'>possit,</span> <span class='ocrx_word' id='word_1_188' title='bbox 1477 1567 1598 1613; x_wconf 90' lang='lat' dir='ltr'>prout</span> 
     </span>
     <span class='ocr_line' id='line_1_28' title="bbox 240 1619 1598 1669; baseline 0.001 -10"><span class='ocrx_word' id='word_1_189' title='bbox 240 1620 326 1660; x_wconf 90' lang='lat' dir='ltr'>eius</span> <span class='ocrx_word' id='word_1_190' title='bbox 353 1619 500 1660; x_wconf 87' lang='lat' dir='ltr'>merita</span> <span class='ocrx_word' id='word_1_191' title='bbox 525 1620 625 1668; x_wconf 86' lang='lat' dir='ltr'>sint,</span> <span class='ocrx_word' id='word_1_192' title='bbox 664 1627 854 1660; x_wconf 85' lang='lat' dir='ltr'>senatum</span> <span class='ocrx_word' id='word_1_193' title='bbox 885 1619 1091 1659; x_wconf 84' lang='lat' dir='ltr'>facturum</span> <span class='ocrx_word' id='word_1_194' title='bbox 1105 1635 1156 1668; x_wconf 91' lang='lat'>—;</span> <span class='ocrx_word' id='word_1_195' title='bbox 1194 1620 1246 1660; x_wconf 90' lang='lat' dir='ltr'>ad</span> <span class='ocrx_word' id='word_1_196' title='bbox 1272 1635 1320 1660; x_wconf 89' lang='lat' dir='ltr'>ea</span> <span class='ocrx_word' id='word_1_197' title='bbox 1350 1635 1442 1669; x_wconf 86' lang='lat' dir='ltr'>rex,</span> <span class='ocrx_word' id='word_1_198' title='bbox 1480 1620 1514 1661; x_wconf 89' lang='lat' dir='ltr'>si</span> <span class='ocrx_word' id='word_1_199' title='bbox 1546 1621 1598 1661; x_wconf 89' lang='lat' dir='ltr'>ab</span> 
     </span>
     <span class='ocr_line' id='line_1_29' title="bbox 239 1681 1600 1736; baseline 0.002 -16"><span class='ocrx_word' id='word_1_200' title='bbox 239 1681 328 1721; x_wconf 86' lang='lat' dir='ltr'>aliis</span> <span class='ocrx_word' id='word_1_201' title='bbox 351 1681 428 1721; x_wconf 89' lang='lat' dir='ltr'>sibi</span> <span class='ocrx_word' id='word_1_202' title='bbox 448 1681 726 1736; x_wconf 90' lang='lat' dir='ltr'>praemiorum</span> <span class='ocrx_word' id='word_1_203' title='bbox 746 1681 856 1736; x_wconf 91' lang='lat' dir='ltr'>optio</span> <span class='ocrx_word' id='word_1_204' title='bbox 880 1681 1121 1730; x_wconf 78' lang='lat' dir='ltr'>deferretur,</span> <span class='ocrx_word' id='word_1_205' title='bbox 1148 1681 1335 1730; x_wconf 88' lang='lat' dir='ltr'>libenter,</span> <span class='ocrx_word' id='word_1_206' title='bbox 1363 1681 1458 1722; x_wconf 87' lang='lat' dir='ltr'>data</span> <span class='ocrx_word' id='word_1_207' title='bbox 1476 1682 1600 1723; x_wconf 90' lang='lat' dir='ltr'>modo</span> 
     </span>
     <span class='ocr_line' id='line_1_30' title="bbox 238 1743 1598 1798; baseline 0.001 -16"><span class='ocrx_word' id='word_1_208' title='bbox 238 1743 434 1783; x_wconf 86' lang='lat' dir='ltr'>facultate</span> <span class='ocrx_word' id='word_1_209' title='bbox 461 1743 704 1784; x_wconf 91' lang='lat' dir='ltr'>consulendi</span> <span class='ocrx_word' id='word_1_210' title='bbox 731 1750 920 1783; x_wconf 87' lang='lat' dir='ltr'>senatum</span> <span class='ocrx_word' id='word_1_211' title='bbox 944 1743 1199 1792; x_wconf 82' lang='lat' dir='ltr'>Romanum,</span> <span class='ocrx_word' id='word_1_212' title='bbox 1232 1743 1404 1784; x_wconf 91' lang='lat' dir='ltr'>consilio</span> <span class='ocrx_word' id='word_1_213' title='bbox 1430 1743 1598 1798; x_wconf 88' lang='lat' dir='ltr'>amplis-</span> 
     </span>
     <span class='ocr_line' id='line_1_31' title="bbox 239 1805 1600 1858; baseline 0.001 -13"><span class='ocrx_word' id='word_1_214' title='bbox 239 1806 331 1845; x_wconf 86' lang='lat' dir='ltr'>simi</span> <span class='ocrx_word' id='word_1_215' title='bbox 357 1806 512 1846; x_wconf 88' lang='lat' dir='ltr'>ordinis</span> <span class='ocrx_word' id='word_1_216' title='bbox 539 1820 711 1846; x_wconf 90' lang='lat' dir='ltr'>usurum</span> <span class='ocrx_word' id='word_1_217' title='bbox 736 1805 884 1854; x_wconf 87' lang='lat' dir='ltr'>fuisse,</span> <span class='ocrx_word' id='word_1_218' title='bbox 923 1820 975 1845; x_wconf 93' lang='lat' dir='ltr'>ne</span> <span class='ocrx_word' id='word_1_219' title='bbox 1007 1805 1106 1858; x_wconf 87' lang='lat' dir='ltr'>quid</span> <span class='ocrx_word' id='word_1_220' title='bbox 1138 1813 1207 1845; x_wconf 87' lang='lat' dir='ltr'>aut</span> <span class='ocrx_word' id='word_1_221' title='bbox 1242 1806 1498 1846; x_wconf 86' lang='lat' dir='ltr'>inmoderate</span> <span class='ocrx_word' id='word_1_222' title='bbox 1530 1820 1600 1846; x_wconf 93' lang='lat' dir='ltr'>eu—</span> 
     </span>
     <span class='ocr_line' id='line_1_32' title="bbox 238 1867 1599 1922; baseline 0 -14"><span class='ocrx_word' id='word_1_223' title='bbox 238 1867 350 1922; x_wconf 85' lang='lat' dir='ltr'>pisse</span> <span class='ocrx_word' id='word_1_224' title='bbox 388 1875 458 1908; x_wconf 88' lang='lat' dir='ltr'>aut</span> <span class='ocrx_word' id='word_1_225' title='bbox 494 1867 649 1922; x_wconf 90' lang='lat' dir='ltr'>petisse</span> <span class='ocrx_word' id='word_1_226' title='bbox 681 1882 829 1922; x_wconf 90' lang='lat' dir='ltr'>parum</span> <span class='ocrx_word' id='word_1_227' title='bbox 859 1867 1047 1908; x_wconf 87' lang='lat' dir='ltr'>modeste</span> <span class='ocrx_word' id='word_1_228' title='bbox 1084 1867 1214 1907; x_wconf 67' lang='lat' dir='ltr'>videri</span> <span class='ocrx_word' id='word_1_229' title='bbox 1252 1874 1411 1921; x_wconf 83' lang='lat' dir='ltr'>posset3</span> <span class='ocrx_word' id='word_1_230' title='bbox 1455 1882 1599 1908; x_wconf 75' lang='lat' dir='ltr'>verum</span> 
     </span>
     <span class='ocr_line' id='line_1_33' title="bbox 238 1929 1600 1984; baseline 0.001 -16"><span class='ocrx_word' id='word_1_231' title='bbox 238 1929 449 1970; x_wconf 76' lang='lat' dir='ltr'>enimvero</span> <span class='ocrx_word' id='word_1_232' title='bbox 481 1943 574 1969; x_wconf 88' lang='lat' dir='ltr'>eum</span> <span class='ocrx_word' id='word_1_233' title='bbox 605 1929 684 1984; x_wconf 88' lang='lat' dir='ltr'>ipsi</span> <span class='ocrx_word' id='word_1_234' title='bbox 717 1929 850 1969; x_wconf 89' lang='lat' dir='ltr'>daturi</span> <span class='ocrx_word' id='word_1_235' title='bbox 883 1929 983 1978; x_wconf 84' lang='lat' dir='ltr'>sint,</span> <span class='ocrx_word' id='word_1_236' title='bbox 1025 1929 1155 1969; x_wconf 87' lang='lat' dir='ltr'>multo</span> <span class='ocrx_word' id='word_1_237' title='bbox 1192 1929 1326 1983; x_wconf 88' lang='lat' dir='ltr'>magis</span> <span class='ocrx_word' id='word_1_238' title='bbox 1359 1929 1600 1970; x_wconf 88' lang='lat' dir='ltr'>munificen-</span> 
     </span>
     <span class='ocr_line' id='line_1_34' title="bbox 237 1991 1598 2046; baseline 0.001 -15"><span class='ocrx_word' id='word_1_239' title='bbox 237 1992 337 2031; x_wconf 88' lang='lat' dir='ltr'>tiam</span> <span class='ocrx_word' id='word_1_240' title='bbox 363 2006 506 2032; x_wconf 89' lang='lat' dir='ltr'>eorum</span> <span class='ocrx_word' id='word_1_241' title='bbox 535 1991 577 2031; x_wconf 88' lang='lat' dir='ltr'>in</span> <span class='ocrx_word' id='word_1_242' title='bbox 603 2007 646 2032; x_wconf 91' lang='lat' dir='ltr'>se</span> <span class='ocrx_word' id='word_1_243' title='bbox 673 1992 905 2044; x_wconf 84' lang='lat' dir='ltr'>fratresque</span> <span class='ocrx_word' id='word_1_244' title='bbox 932 2006 1028 2032; x_wconf 89' lang='lat' dir='ltr'>suos</span> <span class='ocrx_word' id='word_1_245' title='bbox 1053 1991 1238 2046; x_wconf 88' lang='lat' dir='ltr'>ipsorum</span> <span class='ocrx_word' id='word_1_246' title='bbox 1264 1991 1420 2031; x_wconf 89' lang='lat' dir='ltr'>arbitrii</span> <span class='ocrx_word' id='word_1_247' title='bbox 1447 1991 1598 2032; x_wconf 86' lang='lat' dir='ltr'>debere</span> 
     </span>
     <span class='ocr_line' id='line_1_35' title="bbox 238 2052 1599 2107; baseline -0.001 -14"><span class='ocrx_word' id='word_1_248' title='bbox 238 2068 343 2093; x_wconf 84' lang='lat' dir='ltr'>esse.</span> <span class='ocrx_word' id='word_1_249' title='bbox 404 2053 505 2093; x_wconf 90' lang='lat' dir='ltr'>nihil</span> <span class='ocrx_word' id='word_1_250' title='bbox 542 2053 619 2093; x_wconf 88' lang='lat' dir='ltr'>hae</span> <span class='ocrx_word' id='word_1_251' title='bbox 651 2053 834 2094; x_wconf 85' lang='lat' dir='ltr'>oratione</span> <span class='ocrx_word' id='word_1_252' title='bbox 867 2053 954 2093; x_wconf 90' lang='lat' dir='ltr'>eius</span> <span class='ocrx_word' id='word_1_253' title='bbox 986 2062 1124 2107; x_wconf 87' lang='lat' dir='ltr'>patres</span> <span class='ocrx_word' id='word_1_254' title='bbox 1158 2052 1379 2107; x_wconf 82' lang='lat' dir='ltr'>conscripti</span> <span class='ocrx_word' id='word_1_255' title='bbox 1417 2052 1599 2093; x_wconf 85' lang='lat' dir='ltr'>deterriti</span> 
     </span>
     <span class='ocr_line' id='line_1_36' title="bbox 238 2114 1599 2170; baseline 0.001 -17"><span class='ocrx_word' id='word_1_256' title='bbox 238 2123 351 2164; x_wconf 89' lang='lat' dir='ltr'>sunt,</span> <span class='ocrx_word' id='word_1_257' title='bbox 379 2130 460 2168; x_wconf 89' lang='lat' dir='ltr'>quo</span> <span class='ocrx_word' id='word_1_258' title='bbox 485 2115 621 2155; x_wconf 90' lang='lat' dir='ltr'>minus</span> <span class='ocrx_word' id='word_1_259' title='bbox 649 2115 784 2156; x_wconf 86' lang='lat' dir='ltr'>dicere</span> <span class='ocrx_word' id='word_1_260' title='bbox 810 2115 948 2170; x_wconf 89' lang='lat' dir='ltr'>ipsum</span> <span class='ocrx_word' id='word_1_261' title='bbox 973 2115 1176 2156; x_wconf 88' lang='lat' dir='ltr'>iuberent.</span> <span class='ocrx_word' id='word_1_262' title='bbox 1216 2123 1255 2156; x_wconf 87' lang='lat' dir='ltr'>et</span> <span class='ocrx_word' id='word_1_263' title='bbox 1281 2129 1374 2155; x_wconf 92' lang='lat' dir='ltr'>eum</span> <span class='ocrx_word' id='word_1_264' title='bbox 1400 2114 1599 2168; x_wconf 84' lang='lat' dir='ltr'>aliquam-</span> 
     </span>
     <span class='ocr_line' id='line_1_37' title="bbox 238 2177 1599 2233; baseline 0.001 -17"><span class='ocrx_word' id='word_1_265' title='bbox 238 2177 307 2217; x_wconf 88' lang='lat' dir='ltr'>diu</span> <span class='ocrx_word' id='word_1_266' title='bbox 333 2178 428 2218; x_wconf 82' lang='lat' dir='ltr'>hine</span> <span class='ocrx_word' id='word_1_267' title='bbox 458 2177 719 2233; x_wconf 86' lang='lat' dir='ltr'>indulgentia</span> <span class='ocrx_word' id='word_1_268' title='bbox 751 2177 846 2217; x_wconf 88' lang='lat' dir='ltr'>hine</span> <span class='ocrx_word' id='word_1_269' title='bbox 877 2177 1082 2218; x_wconf 87' lang='lat' dir='ltr'>modestia</span> <span class='ocrx_word' id='word_1_270' title='bbox 1113 2177 1219 2217; x_wconf 90' lang='lat' dir='ltr'>inter</span> <span class='ocrx_word' id='word_1_271' title='bbox 1250 2177 1525 2231; x_wconf 86' lang='lat' dir='ltr'>permittentis</span> <span class='ocrx_word' id='word_1_272' title='bbox 1557 2177 1599 2217; x_wconf 87' lang='lat' dir='ltr'>in</span> 
     </span>
     <span class='ocr_line' id='line_1_38' title="bbox 237 2239 1598 2294; baseline 0.001 -17"><span class='ocrx_word' id='word_1_273' title='bbox 237 2239 371 2279; x_wconf 66' lang='lat' dir='ltr'>vicem</span> <span class='ocrx_word' id='word_1_274' title='bbox 396 2255 479 2280; x_wconf 92' lang='lat' dir='ltr'>non</span> <span class='ocrx_word' id='word_1_275' title='bbox 504 2240 637 2294; x_wconf 86' lang='lat' dir='ltr'>magis</span> <span class='ocrx_word' id='word_1_276' title='bbox 663 2246 806 2279; x_wconf 90' lang='lat' dir='ltr'>mutua</span> <span class='ocrx_word' id='word_1_277' title='bbox 833 2254 956 2292; x_wconf 86' lang='lat' dir='ltr'>quam</span> <span class='ocrx_word' id='word_1_278' title='bbox 981 2239 1262 2294; x_wconf 88' lang='lat' dir='ltr'>inexplicabili</span> <span class='ocrx_word' id='word_1_279' title='bbox 1287 2239 1484 2280; x_wconf 84' lang='lat' dir='ltr'>facilitate</span> <span class='ocrx_word' id='word_1_280' title='bbox 1510 2253 1598 2280; x_wconf 87' lang='lat' dir='ltr'>eer-</span> 
     </span>
     <span class='ocr_line' id='line_1_39' title="bbox 238 2301 1598 2356; baseline 0 -16"><span class='ocrx_word' id='word_1_281' title='bbox 238 2308 370 2341; x_wconf 88' lang='lat' dir='ltr'>tatum</span> <span class='ocrx_word' id='word_1_282' title='bbox 406 2310 534 2351; x_wconf 90' lang='lat' dir='ltr'>esset,</span> <span class='ocrx_word' id='word_1_283' title='bbox 571 2302 784 2342; x_wconf 82' lang='lat' dir='ltr'>Eumenes</span> <span class='ocrx_word' id='word_1_284' title='bbox 823 2316 874 2342; x_wconf 86' lang='lat' dir='ltr'>ex</span> <span class='ocrx_word' id='word_1_285' title='bbox 912 2301 1066 2356; x_wconf 84' lang='lat' dir='ltr'>templo</span> <span class='ocrx_word' id='word_1_286' title='bbox 1103 2301 1295 2342; x_wconf 84' lang='lat' dir='ltr'>excessit.</span> <span class='ocrx_word' id='word_1_287' title='bbox 1357 2308 1524 2342; x_wconf 87' lang='lat' dir='ltr'>senatus</span> <span class='ocrx_word' id='word_1_288' title='bbox 1554 2301 1598 2341; x_wconf 88' lang='lat' dir='ltr'>in</span> 
     </span>
     <span class='ocr_line' id='line_1_40' title="bbox 239 2363 1598 2418; baseline 0.001 -16"><span class='ocrx_word' id='word_1_289' title='bbox 239 2363 383 2403; x_wconf 88' lang='lat' dir='ltr'>eadem</span> <span class='ocrx_word' id='word_1_290' title='bbox 408 2371 592 2418; x_wconf 90' lang='lat' dir='ltr'>perstare</span> <span class='ocrx_word' id='word_1_291' title='bbox 620 2363 835 2412; x_wconf 86' lang='lat' dir='ltr'>sententia,</span> <span class='ocrx_word' id='word_1_292' title='bbox 862 2371 906 2403; x_wconf 88' lang='lat' dir='ltr'>ut</span> <span class='ocrx_word' id='word_1_293' title='bbox 931 2363 1157 2404; x_wconf 87' lang='lat' dir='ltr'>absurdum</span> <span class='ocrx_word' id='word_1_294' title='bbox 1183 2378 1275 2404; x_wconf 85' lang='lat' dir='ltr'>esse</span> <span class='ocrx_word' id='word_1_295' title='bbox 1302 2363 1456 2404; x_wconf 86' lang='lat' dir='ltr'>diceret</span> <span class='ocrx_word' id='word_1_296' title='bbox 1480 2363 1598 2417; x_wconf 82' lang='lat' dir='ltr'>igno-</span> 
     </span>
     <span class='ocr_line' id='line_1_41' title="bbox 238 2424 1598 2480; baseline 0.001 -17"><span class='ocrx_word' id='word_1_297' title='bbox 238 2439 328 2464; x_wconf 89' lang='lat' dir='ltr'>rare</span> <span class='ocrx_word' id='word_1_298' title='bbox 359 2440 520 2479; x_wconf 90' lang='lat' dir='ltr'>regem,</span> <span class='ocrx_word' id='word_1_299' title='bbox 558 2426 657 2479; x_wconf 88' lang='lat' dir='ltr'>quid</span> <span class='ocrx_word' id='word_1_300' title='bbox 688 2441 860 2480; x_wconf 86' lang='lat' dir='ltr'>sperans</span> <span class='ocrx_word' id='word_1_301' title='bbox 891 2433 961 2466; x_wconf 82' lang='lat' dir='ltr'>aut</span> <span class='ocrx_word' id='word_1_302' title='bbox 996 2432 1142 2480; x_wconf 86' lang='lat' dir='ltr'>petens</span> <span class='ocrx_word' id='word_1_303' title='bbox 1174 2425 1351 2466; x_wconf 74' lang='lat' dir='ltr'>venerit:</span> <span class='ocrx_word' id='word_1_304' title='bbox 1389 2439 1494 2478; x_wconf 89' lang='lat' dir='ltr'>quae</span> <span class='ocrx_word' id='word_1_305' title='bbox 1526 2424 1598 2465; x_wconf 86' lang='lat' dir='ltr'>ad-</span> 
     </span>
     <span class='ocr_line' id='line_1_42' title="bbox 241 2485 1595 2542; baseline 0.001 -19"><span class='ocrx_word' id='word_1_306' title='bbox 241 2487 499 2526; x_wconf 88' lang='lat' dir='ltr'>commodata</span> <span class='ocrx_word' id='word_1_307' title='bbox 530 2503 659 2541; x_wconf 88' lang='lat' dir='ltr'>regno</span> <span class='ocrx_word' id='word_1_308' title='bbox 693 2503 767 2528; x_wconf 90' lang='lat' dir='ltr'>suo</span> <span class='ocrx_word' id='word_1_309' title='bbox 801 2488 898 2536; x_wconf 88' lang='lat' dir='ltr'>sint,</span> <span class='ocrx_word' id='word_1_310' title='bbox 937 2487 1074 2542; x_wconf 89' lang='lat' dir='ltr'>ipsum</span> <span class='ocrx_word' id='word_1_311' title='bbox 1107 2487 1260 2542; x_wconf 89' lang='lat' dir='ltr'>optime</span> <span class='ocrx_word' id='word_1_312' title='bbox 1287 2487 1410 2535; x_wconf 89' lang='lat' dir='ltr'>seire,</span> <span class='ocrx_word' id='word_1_313' title='bbox 1448 2485 1595 2527; x_wconf 84' lang='lat' dir='ltr'>Asiam</span> 
     </span>
     <span class='ocr_line' id='line_1_43' title="bbox 239 2545 1596 2602; baseline 0.002 -19"><span class='ocrx_word' id='word_1_314' title='bbox 239 2545 362 2599; x_wconf 88' lang='lat' dir='ltr'>longe</span> <span class='ocrx_word' id='word_1_315' title='bbox 388 2548 534 2589; x_wconf 85' lang='lat' dir='ltr'>melius</span> <span class='ocrx_word' id='word_1_316' title='bbox 561 2563 684 2601; x_wconf 85' lang='lat' dir='ltr'>quam</span> <span class='ocrx_word' id='word_1_317' title='bbox 712 2556 901 2590; x_wconf 86' lang='lat' dir='ltr'>senatum</span> <span class='ocrx_word' id='word_1_318' title='bbox 926 2564 1064 2590; x_wconf 87' lang='lat' dir='ltr'>nosse.</span> <span class='ocrx_word' id='word_1_319' title='bbox 1101 2549 1381 2590; x_wconf 81' lang='lat' dir='ltr'>revocandum</span> <span class='ocrx_word' id='word_1_320' title='bbox 1406 2548 1530 2602; x_wconf 85' lang='lat' dir='ltr'>igitur</span> <span class='ocrx_word' id='word_1_321' title='bbox 1555 2553 1596 2586; x_wconf 86' lang='lat' dir='ltr'>et</span> 
     </span>
     <span class='ocr_line' id='line_1_44' title="bbox 242 2609 1462 2665; baseline 0.003 -20"><span class='ocrx_word' id='word_1_322' title='bbox 242 2609 491 2661; x_wconf 88' lang='lat' dir='ltr'>cogendum,</span> <span class='ocrx_word' id='word_1_323' title='bbox 519 2624 624 2662; x_wconf 87' lang='lat' dir='ltr'>quae</span> <span class='ocrx_word' id='word_1_324' title='bbox 651 2611 774 2651; x_wconf 73' lang='lat' dir='ltr'>vellet</span> <span class='ocrx_word' id='word_1_325' title='bbox 800 2625 987 2664; x_wconf 86' lang='lat' dir='ltr'>quaeque</span> <span class='ocrx_word' id='word_1_326' title='bbox 1014 2611 1184 2652; x_wconf 89' lang='lat' dir='ltr'>sentiret</span> <span class='ocrx_word' id='word_1_327' title='bbox 1209 2625 1462 2665; x_wconf 87' lang='lat' dir='ltr'>expromere.</span> 
     </span>
    </p>
   </div>
  </div>
 </body>
</html>
