1799 2900
475 107 628 142 LtBER
654 107 857 153 XXXvu,
883 108 1028 142 5840.
1057 110 1104 151 [a.
1121 106 1159 141 e.
1176 107 1256 151 189]
1459 97 1542 139 313

193 228 297 255 esse.
335 218 518 253 ceterum
544 225 639 251 vere
667 211 901 252 aestimanti
914 211 1152 252 Aetolicum
1177 210 1310 265 magis
1338 210 1390 251 ad
1409 209 1541 250 Ther·
1568 224 1587 254 8

191 274 379 329 mopylas
415 273 572 314 bellum
607 287 731 326 quam
766 273 927 328 regium
963 274 1053 314 fuit.
1119 282 1245 326 quota
1282 273 1391 314 enim
1426 280 1543 327 parte

192 336 338 376 virium
376 350 543 375 suarum
580 335 635 376 ibi
668 335 878 375 dimicavit
907 335 1168 376 Antiochus?
1204 335 1246 375 in
1277 335 1382 375 Asia
1420 334 1544 375 totius

192 397 322 438 Asiae
355 403 557 438 steterunt
594 397 721 445 vires,
759 397 811 437 ab
842 397 996 438 ultimis
1029 397 1110 439 oris
1143 397 1327 438 omnium
1357 396 1544 451 gentium

193 460 413 502 contractis
441 459 618 500 auxiliis.

278 522 469 564 LVIHL
517 521 672 562 Merito
703 536 802 576 ergo
835 529 874 562 et
906 522 982 562 diis
1023 521 1328 569 inmortalibus,
1367 527 1544 574 quantus

193 584 398 624 maximus
430 590 610 638 poterat,
649 583 815 624 habitus
843 591 905 624 est
931 584 1082 631 honos,
1115 583 1225 636 quod
1249 583 1462 637 ingentem
1489 581 1547 621 vi-

194 646 366 687 ctoriam
391 646 558 686 facilem
585 646 709 685 etiam
735 646 951 694 fecissent,
986 653 1026 686 et
1050 645 1288 700 imperatori
1314 643 1546 698 triumphus

193 716 258 748 est
283 708 487 748 decretus.
548 707 817 761 triumphavit
840 722 984 748 mense
1017 707 1276 748 intercalario
1306 706 1438 761 pridie
1463 705 1545 746 kal.

193 769 383 810 Martias.
421 769 490 822 qui
516 769 747 824 triumphus
775 769 1010 824 spectaculo
1037 769 1248 809 oculorum
1274 768 1404 809 maior
1424 782 1547 820 quam

193 831 384 871 Africani
410 831 547 871 fratris
575 831 661 871 eius
689 831 785 880 fuit,
816 831 1100 871 recordatione
1125 846 1263 871 rerum
1289 837 1327 870 et
1354 830 1546 870 aestima-

195 893 304 934 tione
326 893 497 947 periculi
518 892 834 945 certaminisque
854 908 936 933 non
957 892 1090 946 magis
1106 892 1407 946 comparandus
1424 905 1547 943 quam

196 955 229 994 si
254 955 545 1009 imperatorem
571 953 807 1008 imperatori
834 961 904 994 aut
929 953 1185 993 Antiochum
1211 953 1357 993 ducem
1384 952 1547 992 Hanni-

194 1016 277 1056 bali
303 1016 526 1056 conferres.
587 1015 678 1055 tulit
703 1015 745 1054 in
771 1015 978 1068 triumpho
1006 1014 1125 1067 signa
1150 1014 1344 1054 militaria
1369 1014 1547 1053 ducenta

195 1077 340 1133 viginti
378 1085 589 1131 quattuor,
629 1076 875 1130 oppidorum
919 1075 1139 1115 simulacra
1175 1084 1340 1115 eentum
1378 1075 1547 1129 triginta

195 1148 405 1192 quattuor,
441 1139 643 1180 eburneos
670 1138 814 1177 dentes
840 1137 951 1177 mille
979 1137 1177 1177 ducentos
1211 1137 1380 1190 triginta
1404 1151 1546 1184 unum,

195 1217 340 1242 aureas
366 1215 540 1241 coronas
568 1201 766 1240 ducentas
793 1199 963 1253 triginta
988 1206 1194 1251 quattuor,
1223 1197 1383 1252 argenti
1408 1198 1546 1251 pondo

194 1272 360 1304 eentum
375 1263 543 1317 triginta
558 1271 717 1316 septem
737 1261 848 1301 milia
863 1261 1165 1314 quadringenta
1186 1259 1344 1314 viginti,
1372 1259 1549 1299 tetrach-

194 1328 307 1365 mum
316 1324 552 1364 Atticorum
567 1324 745 1364 ducenta
759 1322 905 1378 viginti
919 1329 1112 1375 quattuor
1126 1322 1251 1370 milia,
1267 1321 1549 1376 cistophorum

195 1393 378 1427 trecenta
404 1386 549 1441 viginti
575 1401 702 1425 unum
728 1385 840 1425 milia
866 1384 1149 1439 septuaginta,
1183 1398 1373 1424 nummos
1401 1398 1547 1423 aureos

194 1448 436 1502 Philippeos
464 1456 628 1488 eentum
651 1447 927 1501 quadraginta
951 1446 1081 1494 milia3
1109 1461 1303 1487 vasorum
1330 1452 1547 1499 argenteo-

195 1525 285 1549 rum
311 1534 363 1538 ——
391 1509 528 1550 onmia
561 1510 720 1550 caelata
751 1516 867 1549 erant
892 1532 947 1537 —
972 1508 1082 1548 mille
1114 1507 1252 1562 pondo
1284 1514 1323 1547 et
1356 1506 1550 1559 quadrin-

196 1584 322 1627 genta
346 1572 492 1626 viginti
519 1572 613 1621 tria,
640 1587 859 1612 aureorum
885 1570 995 1610 mille
1021 1570 1159 1624 pondo
1185 1569 1331 1622 viginti
1357 1568 1446 1608 tria.
1508 1576 1548 1608 et

197 1636 322 1675 duces
354 1634 478 1688 regii,
517 1634 715 1689 praefecti
747 1641 787 1674 et
823 1633 1037 1688 purpurati
1071 1632 1151 1672 duo
1184 1638 1223 1671 et
1254 1631 1423 1684 triginta
1454 1638 1548 1669 ante

197 1711 361 1737 currum
387 1696 511 1736 ducti.
556 1696 754 1736 militibus
783 1695 895 1748 quini
922 1693 1055 1734 viceni
1082 1692 1238 1733 denarii
1271 1692 1367 1740 dati,
1395 1691 1547 1745 duplex

198 1757 443 1806 centurioni,
477 1757 626 1812 triplex
657 1757 795 1810 equiti.
858 1764 897 1796 et
924 1755 1174 1810 stipendium
1199 1754 1373 1793 militare
1400 1760 1440 1793 et
1465 1753 1550 1792 fru-

196 1826 381 1860 mentum
414 1819 566 1873 duplex
596 1827 692 1874 post
724 1818 976 1873 triumphum
1008 1818 1161 1857 datum.
1226 1814 1360 1870 [item]
1393 1815 1550 1869 proelio

196 1882 238 1922 in
274 1881 380 1922 Asia
416 1882 526 1922 facto
565 1882 717 1936 duplex
756 1881 938 1921 dederat.
1010 1878 1278 1933 triumphavit
1319 1892 1426 1917 anno
1463 1877 1549 1917 fere

195 1954 291 1999 post
317 1958 439 1996 quam
465 1943 681 1984 consulatu
708 1943 819 1983 abiit.

280 2005 383 2046 LX.
431 2006 596 2046 Eodem
627 2005 713 2045 fere
739 2012 924 2059 tempore
957 2011 997 2044 et
1023 2002 1101 2044 Cn.
1127 2001 1312 2042 BIanlius
1340 2000 1482 2041 consul
1508 1999 1549 2039 in

196 2067 345 2108 Asiam
381 2074 422 2108 et
459 2067 512 2118 Q.
544 2067 701 2108 Fabius
733 2068 881 2107 Labeo
916 2073 1082 2120 praetor
1119 2065 1171 2104 ad
1209 2064 1386 2104 classem
1424 2062 1548 2102 venit.

198 2136 380 2169 ceterum
416 2129 575 2169 consuli
617 2144 700 2169 non
737 2129 878 2169 deerat
915 2142 1008 2167 cum
1047 2126 1179 2167 Gallis
1224 2125 1322 2165 belli
1358 2123 1548 2171 materia3

197 2205 309 2230 mare
332 2197 526 2245 pacatum
552 2198 639 2230 erat
664 2190 826 2231 devicto
851 2188 1074 2229 Antiocho.
1120 2187 1318 2242 cogitanti
1345 2185 1398 2237 Q.
1417 2184 1550 2226 Fabio

198 2251 263 2292 cui
287 2251 345 2291 rei
370 2251 633 2305 potissimum
657 2252 885 2299 insisteret,
919 2266 970 2291 ne
996 2250 1172 2290 otiosam
1196 2247 1452 2303 provinciam
1478 2246 1550 2286 ha-

196 2313 337 2353 buisse
364 2313 492 2352 videri
517 2320 672 2367 posset,
700 2313 900 2367 optimum
925 2312 1060 2352 visum
1086 2318 1149 2350 est
1172 2311 1215 2349 in
1242 2308 1411 2350 Cretam
1437 2308 1550 2347 insu-

196 2374 279 2415 lam
321 2374 505 2415 traicere.
579 2374 837 2428 Cydoniatae
880 2374 1036 2414 bellum
1077 2373 1277 2412 adversus
1323 2369 1548 2423 Gortynios

198 2435 462 2489 Gnosiosque
498 2437 710 2491 gerebant,
748 2442 788 2476 et
826 2434 1082 2490 captivorum
1112 2434 1395 2474 Romanorum
1426 2440 1547 2484 atque

196 2498 331 2538 Italici
354 2498 518 2552 generis
549 2513 726 2552 magnus
751 2512 947 2538 numerus
973 2497 1015 2536 in
1042 2495 1239 2536 servitute
1266 2509 1358 2535 esse
1390 2508 1463 2548 per
1488 2500 1550 2533 to-

1572 716 1590 745 ιζ)

1574 1459 1592 1486 5

1575 2136 1593 2164 [ὑ

1575 2383 1593 2412 3

196 2567 280 2600 tam
305 2560 483 2601 insulam
510 2560 733 2600 dicebatur.
784 2559 916 2600 classe
943 2558 994 2599 ab
1022 2557 1190 2612 Epheso
1216 2556 1426 2611 profectus
1453 2569 1545 2595 eum
1573 2568 1591 2596 4
