1799 2900
478 130 630 164 LIBER
654 130 877 173 XXXVIII,
905 131 933 164 7.
955 130 986 163 8.
1015 132 1061 173 [a.
1078 129 1117 164 C.
1134 130 1214 173 189]
1445 118 1524 160 3⁸21

179 234 435 276 altitudinem
459 239 637 286 quantae
662 247 754 273 esse
781 233 913 273 salum
937 232 1123 273 infimum
1154 231 1328 273 cuniculi
1354 237 1528 286 poterat,

178 302 469 351 pervenerunt,
508 294 670 336 silentio
703 294 830 343 facto,
867 295 1053 349 pluribus
1085 294 1185 335 locis
1218 308 1314 335 aure
1351 294 1529 341 admota,

179 358 358 399 sonitum
378 356 623 397 fodientium
642 357 874 410 captabant.
913 371 1035 408 quem
1054 356 1125 396 ubi
1144 363 1408 410 acceperunt,
1435 369 1531 409 ape-

177 419 287 460 riunt
317 426 471 459 rectam
497 418 539 458 in
564 417 797 458 cuniculum
822 418 944 458 viam.
1006 432 1081 458 nec
1108 418 1184 458 suit
1208 418 1349 472 magni
1374 417 1528 472 operis3

178 488 386 522 momento
425 480 533 521 enim
566 480 618 520 ad
649 480 789 528 inane,
829 495 1031 534 suspenso
1064 480 1227 520 fulturis
1260 480 1311 520 ab
1342 479 1530 520 hostibus

179 558 313 591 muro,
345 548 635 596 pervenerunt.
695 542 751 582 ibi
776 541 1007 582 commissis
1034 542 1225 595 operibus
1252 555 1345 581 cum
1370 556 1391 581 e
1417 540 1531 581 fossa

177 604 218 645 in
238 603 473 644 cuniculum
499 611 657 658 pateret
680 604 770 652 iter,
797 603 928 658 primo
954 603 1054 657 ipsis
1081 603 1355 651 ferramentis,
1382 603 1531 656 quibus

178 667 219 706 in
238 681 361 720 opere
380 666 443 705 usi
465 672 599 714 erant,
627 665 774 706 deinde
795 666 980 706 celeriter
998 665 1143 706 armati
1163 665 1285 705 etiam
1307 665 1530 705 subeuntes

179 728 381 769 occultam
408 728 484 768 sub
511 736 618 768 terra
643 727 860 768 ediderunt
885 743 1080 782 pugnam.
1120 727 1285 781 segnior
1311 727 1458 768 deinde
1484 741 1533 767 ea

181 789 290 829 faeta
315 796 395 838 cst,
422 789 811 843 intersaepientibus
840 789 1091 837 cuniculum,
1123 789 1193 828 ubi
1220 789 1390 837 vellent,
1422 802 1533 829 nunc

181 851 323 891 ciliciis
362 851 606 905 praetentis,
643 865 752 891 nunc
788 851 945 891 foribus
982 851 1132 905 raptim
1169 851 1353 892 obiectis.
1424 865 1533 891 nova

181 913 304 953 etiam
340 912 450 952 haud
487 913 629 967 magni
665 912 799 967 operis
837 913 1035 953 adversus
1070 927 1139 953 eos
1173 912 1240 965 qui
1271 912 1313 952 in
1344 913 1532 953 cuniculo

180 982 294 1015 erant
332 974 565 1028 excogitata
601 989 680 1015 res.
749 974 904 1015 dolium
940 990 964 1014 a
1000 975 1128 1015 fundo
1165 982 1404 1028 pertusum,
1453 989 1534 1027 qua

179 1036 316 1076 fistula
340 1036 503 1076 modica
526 1035 652 1075 inseri
675 1043 836 1089 posset,
874 1043 913 1076 et
946 1035 1121 1076 ferream
1151 1036 1330 1076 fistulam
1363 1050 1534 1090 opercu-

178 1097 344 1150 lumque
370 1097 467 1138 dolii
492 1097 672 1137 ferreum
698 1104 738 1137 et
767 1097 904 1151 ipsum
936 1097 1122 1150 pluribus
1153 1097 1254 1137 locis
1280 1098 1534 1152 perforatum

179 1159 376 1199 fecerunt.
437 1158 515 1198 hoc
541 1159 653 1198 tenui
683 1158 824 1212 pluma
848 1159 1097 1213 completum
1124 1158 1277 1199 dolium
1303 1173 1372 1199 ore
1397 1158 1439 1198 in
1465 1173 1534 1198 cu-

178 1220 359 1259 niculum
396 1234 516 1259 verso
554 1227 793 1273 posuerunt.
854 1234 927 1274 per
963 1220 1145 1274 operculi
1183 1220 1386 1260 foramina
1417 1235 1534 1274 prae-

176 1281 326 1335 longae
363 1281 532 1330 hastae,
581 1296 683 1334 quas
722 1281 873 1322 sarisas
912 1289 1086 1330 vocant,
1137 1282 1188 1322 ad
1226 1282 1532 1322 submovendos

178 1342 318 1383 hostes
346 1343 594 1383 eminebant.
634 1342 854 1383 scintillam
879 1342 1014 1383 levem
1033 1343 1140 1397 ignis
1160 1343 1332 1384 inditam
1353 1343 1532 1398 plumae,

178 1404 274 1445 folle
300 1404 436 1445 fabrili
461 1405 514 1445 ad
539 1412 662 1459 caput
685 1405 847 1445 fistulae
867 1405 1059 1459 inposito,
1085 1405 1222 1446 flando
1243 1406 1531 1446 accenderunt.

178 1466 272 1507 inde
298 1482 381 1507 non
407 1467 539 1507 solum
564 1482 718 1521 magna
748 1467 809 1507 vis
841 1467 961 1515 fumi,
1001 1467 1074 1507 scd
1100 1467 1230 1508 acrior
1256 1468 1379 1508 etiam
1410 1468 1532 1509 foedo

178 1528 357 1580 quodam
381 1529 523 1569 nidore
557 1544 608 1569 ex
639 1529 787 1569 adusta
817 1529 975 1583 pluma,
1015 1543 1108 1569 cum
1141 1536 1271 1571 totum
1298 1530 1532 1570 cuniculum

181 1590 448 1643 complesset,
475 1590 545 1630 vix
570 1590 717 1631 durare
743 1591 963 1643 quisquam
988 1590 1096 1631 intus
1124 1598 1297 1645 poterat.

262 1652 386 1694 VIII.
426 1651 534 1693 Cum
559 1652 600 1692 in
626 1652 703 1692 hoc
730 1659 839 1692 statu
864 1652 917 1692 ad
938 1652 1207 1693 Ambraciam
1231 1667 1297 1693 res
1324 1660 1448 1701 esset,
1473 1652 1532 1693 10-

179 1713 265 1767 gati
290 1714 342 1753 ab
367 1714 528 1754 Aetolis
554 1714 772 1754 Phaeneas
799 1720 837 1753 et
863 1713 1107 1754 Damoteles
1135 1728 1228 1753 cum
1253 1714 1392 1755 liberis
1418 1729 1534 1754 man-

180 1775 286 1815 datis
313 1775 478 1815 decreto
503 1775 638 1829 gentis
665 1775 718 1815 ad
743 1775 955 1815 consulem
981 1782 1194 1815 venerunt.
1248 1791 1345 1815 nam
1369 1784 1533 1830 praetor

180 1851 320 1877 eorum
347 1850 440 1876 cum
465 1837 545 1877 alia
562 1844 677 1891 parte
691 1837 960 1877 Ambraciam
980 1836 1210 1891 obpugnari
1231 1844 1427 1886 cerneret,
1454 1838 1533 1879 alia

178 1897 373 1938 infestam
405 1913 519 1939 oram
549 1899 724 1939 navibus
751 1898 932 1939 hostium
963 1913 1074 1947 esse,
1112 1899 1191 1939 alia
1214 1899 1531 1954 Amphilochos,

178 1959 403 2014 Dolopiam
440 1976 463 2000 a
493 1960 798 2001 Macedonibus
834 1960 1007 2008 vastari,
1050 1974 1126 2001 nec
1156 1961 1331 2002 Aetolos
1369 1961 1421 2002 ad
1458 1961 1534 2001 tria

180 2021 301 2061 simul
327 2021 489 2062 diversa
514 2022 623 2063 bella
649 2022 903 2063 occursantis
932 2022 1151 2071 subfieere,
1185 2030 1411 2063 convocato
1437 2036 1533 2063 con-

180 2082 272 2122 cilio
307 2082 500 2124 Aetoliae
536 2084 743 2138 principes
782 2083 880 2137 quid
917 2084 1125 2138 agendum
1167 2092 1277 2125 esset
1314 2084 1530 2125 consuluit.

180 2143 362 2184 omnium
388 2159 436 2184 eo
463 2145 689 2185 sententiae
710 2145 996 2194 decurrerunt,
1022 2153 1067 2186 ut
1092 2161 1192 2200 pax,
1220 2146 1254 2186 si
1278 2153 1439 2201 posset,
1466 2161 1533 2186 ae-

180 2204 291 2257 quis,
330 2205 364 2245 si
395 2206 548 2254 minus,
588 2206 810 2246 tolerandis
845 2206 1154 2248 condicionibus
1180 2214 1406 2262 peteretur:
1442 2208 1533 2247 An-

179 2265 304 2306 tiochi
328 2266 478 2307 fiducia
502 2267 655 2307 bellum
681 2275 937 2322 susceptum3
976 2268 1186 2309 Antiocho
1218 2276 1325 2309 terra
1349 2269 1532 2322 marique

182 2335 374 2381 superato
411 2335 451 2368 et
486 2343 615 2382 prope
653 2336 769 2369 extra
799 2330 941 2369 orbem
972 2336 1103 2371 terrae
1135 2331 1241 2371 ultra
1276 2331 1374 2385 iuga
1405 2330 1533 2371 Tauri

1556 367 1574 397 9

1560 552 1598 582 10

1563 862 1596 890 11

1562 1233 1600 1261 12

1562 1481 1599 1509 13

1560 1666 1575 1694 l

1558 1788 1576 1817 2

1558 2159 1576 2188 3

1557 2220 1576 2249 4

180 2396 324 2429 exacto
361 2403 485 2441 quam
523 2405 638 2444 spem
676 2405 768 2431 esse
806 2390 1036 2431 sustinendi
1072 2392 1193 2432 belli?
1240 2392 1459 2435 Phaeneas
1491 2399 1531 2433 e't
1555 2407 1574 2436 5

180 2450 421 2492 Damoteles
448 2452 559 2504 quod
584 2467 605 2492 e
630 2467 673 2492 re
699 2452 964 2500 Aetolorum,
991 2460 1036 2492 ut
1060 2453 1102 2493 in
1127 2454 1197 2494 tali
1224 2468 1343 2503 casu,
1370 2454 1531 2507 fideque

181 2527 256 2553 sua
285 2527 377 2553 esse
410 2521 642 2561 censerent,
682 2520 869 2567 agerent3
919 2514 1029 2566 quod
1061 2514 1168 2555 enim
1201 2515 1278 2556 sibi
1316 2516 1531 2557 eonsilium

180 2580 249 2614 aut
286 2574 401 2614 cuius
437 2574 496 2615 rei
532 2574 773 2616 electionem
809 2590 833 2615 a
869 2575 1030 2617 fortuna
1074 2577 1284 2620 relictam?
1332 2592 1425 2619 cum
1467 2577 1528 2618 his
1555 2590 1573 2621 6

249 2640 310 2666 Livi
326 2641 380 2668 vol.
396 2640 445 2667 111.
1268 2644 1308 2677 ‘21
