1799 2900
518 125 672 158 LIBER
697 124 906 167 xxxun,
933 125 1054 159 4148.
1083 123 1185 170 [ac
1202 124 1283 168 194]
1496 116 1575 157 163

225 229 356 269 donec
382 227 528 268 cohors
550 228 888 277 extraordinaria,
915 227 1042 269 missa
1068 243 1090 268 a
1115 227 1283 268 consule
1304 228 1356 267 ad
1381 228 1576 268 tuendam

224 290 500 345 quaestoriam
525 297 686 344 portam
712 299 752 331 et
777 305 847 331 eos
874 290 943 344 qui
968 291 1075 331 intra
1095 290 1247 330 vallum
1273 297 1401 339 erant,
1427 290 1577 344 partim

225 352 393 401 occidit,
431 352 581 406 partim
613 352 769 406 expulit
801 352 946 392 castris
977 361 1017 393 et
1041 352 1373 407 inrumpentibus
1405 352 1576 393 obstitit.

224 415 370 455 eodem
402 414 488 454 fere
520 420 705 468 tempore
739 421 779 454 et
810 424 955 466 quarta
985 414 1094 468 legio
1126 428 1220 454 cum
1252 414 1411 454 duabus
1442 422 1577 454 extra-

224 475 439 516 ordinariis
468 475 706 516 cohortibus
732 482 852 530 porta
877 475 1023 529 erupit.
1083 476 1140 516 ita
1167 475 1288 515 simul
1319 476 1396 515 tria
1420 475 1577 530 proelia

223 538 331 578 circa
362 546 498 578 castra
528 538 629 578 locis
663 537 913 578 distantibus
941 545 1075 586 erant,
1108 537 1393 590 clamoresque
1419 537 1576 578 dissoni

224 600 276 640 ad
301 600 479 640 incertos
501 615 670 640 suorum
690 608 862 640 eventus
890 615 913 640 a
937 600 1146 654 praesenti
1167 599 1389 640 certamine
1416 599 1573 640 animos

223 662 497 717 pugnantium
523 663 777 702 avertebant.
838 676 969 714 usque
997 662 1048 702 ad
1073 661 1285 702 meridiem
1312 661 1452 714 aequis
1479 662 1575 702 viri-

224 725 300 765 bus
338 738 386 764 ac
420 739 548 779 prope
586 724 675 779 pari
708 740 780 779 spe
812 732 1040 779 pugnatum
1078 732 1152 765 est.
1218 724 1335 764 labor
1366 732 1404 764 et
1436 732 1575 765 aestus

224 786 363 827 mollia
399 794 439 826 et
475 786 602 826 fluida
638 800 811 841 corpora
845 785 1061 827 Gallorum
1098 794 1137 826 et
1173 785 1342 826 minime
1377 786 1576 841 patientia

225 848 313 888 sitis
346 862 439 887 cum
470 849 669 888 decedere
701 863 843 902 pugna
869 847 1094 902 coegisset,
1126 847 1167 887 in
1198 861 1354 902 paucos
1380 848 1573 888 restantis

224 909 409 963 inpetum
440 909 619 950 Romani
652 910 856 957 fecerunt,
890 910 1088 962 fusosque
1120 909 1405 963 compulerunt
1435 909 1476 949 in
1509 924 1575 950 ca-

224 982 320 1012 stra.
383 971 548 1025 signum
583 972 679 1011 inde
711 971 895 1024 receptui
933 972 985 1011 ab
1017 971 1186 1011 consule
1224 971 1364 1010 datum
1403 979 1484 1020 est3
1523 972 1574 1011 ad

223 1033 333 1085 quod
357 1048 453 1087 pars
479 1033 609 1073 maior
639 1040 883 1086 receperunt,
910 1047 1021 1080 sese,
1053 1047 1149 1086 pars
1177 1033 1412 1072 certaminis
1439 1033 1576 1073 studio

222 1102 263 1134 ct
287 1109 360 1148 spe
386 1094 573 1149 potiundi
588 1094 733 1134 castris
756 1093 937 1134 hostium
963 1093 1140 1147 perstitit
1162 1093 1214 1133 ad
1234 1093 1399 1134 vallum.
1434 1109 1573 1134 eorum

220 1156 426 1210 paucitate
459 1162 696 1210 contempta
722 1154 833 1196 Galli
865 1154 1047 1195 universi
1073 1169 1124 1195 ex
1156 1155 1302 1196 castris
1331 1164 1571 1209 eruperunt;

220 1217 302 1257 fusi
332 1217 427 1257 inde
452 1217 649 1266 Romani,
689 1231 792 1270 quae
823 1216 995 1271 imperio
1023 1217 1203 1257 consulis
1230 1217 1466 1266 noluerant,
1500 1233 1573 1257 suo

218 1295 372 1334 pavore
405 1294 453 1320 ae
483 1286 637 1321 terrore
669 1287 804 1320 castra
834 1287 1037 1334 repetunt.
1097 1279 1155 1319 ita
1180 1278 1293 1319 varia
1324 1278 1419 1319 hinc
1451 1287 1573 1332 atque

219 1341 332 1381 illinc
356 1355 467 1381 nunc
498 1341 616 1396 fuga,
649 1355 760 1381 nunc
785 1340 957 1382 victoria
981 1341 1076 1390 fuit3
1116 1340 1332 1382 Gallorum
1358 1349 1496 1382 tamen
1523 1343 1574 1382 ad

221 1403 411 1443 undecim
436 1403 561 1451 milia,
587 1404 873 1444 Romanorum
898 1403 1078 1456 quinque
1104 1403 1216 1443 milia
1242 1411 1336 1443 sunt
1363 1404 1512 1444 occisa.

303 1464 626 1507 XXXXVHI.
676 1465 787 1506 Galli
818 1479 1013 1519 recepere
1043 1465 1083 1504 in
1115 1465 1261 1506 intima
1290 1465 1434 1505 finium
1468 1481 1572 1515 sese,

220 1526 365 1567 consul
393 1527 653 1567 Placentiam
684 1527 869 1582 legiones
902 1527 1031 1568 duxit.
1101 1526 1339 1582 Scipionem
1377 1527 1445 1567 alii
1477 1542 1574 1568 eon-

219 1589 357 1629 iuncto
395 1589 577 1629 exercitu
614 1603 707 1629 eum
745 1589 905 1643 collega
941 1604 1015 1643 per
1049 1589 1251 1629 Boiorum
1282 1589 1572 1643 Ligurumque

221 1665 342 1705 agros
368 1650 635 1705 populantem
661 1651 756 1699 isse,
783 1651 919 1703 quoad
943 1651 1139 1705 progredi
1164 1651 1232 1691 silx
1246 1666 1292 1691 ae
1318 1651 1573 1705 paludesque

219 1728 369 1768 passae
396 1714 495 1761 sint,
524 1713 727 1761 scribunt,
760 1713 829 1753 alii
853 1713 966 1752 nulla
990 1712 1248 1754 memorabili
1273 1721 1393 1766 gesta
1417 1726 1460 1752 re
1486 1712 1572 1753 Ro-

220 1790 329 1815 mam
355 1775 613 1815 comitiorum
639 1789 764 1815 causa
789 1775 961 1815 redisse.

303 1837 466 1877 Eodem
505 1852 613 1878 anno
645 1836 696 1877 T.
729 1836 950 1888 Quinctius
981 1836 1164 1885 Elatiae,
1204 1850 1284 1889 quo
1321 1836 1362 1875 in
1400 1835 1571 1876 hiberna

218 1898 439 1939 reduxerat
465 1898 618 1953 copias,
645 1906 775 1939 totum
797 1898 944 1938 hiemis
971 1905 1136 1952 tempus
1156 1898 1244 1938 iure
1271 1897 1448 1937 dicundo
1475 1911 1572 1937 con-

220 1961 396 2014 sumpsit
431 1961 722 2014 mutandisque
758 1961 826 2008 iis,
865 1975 971 2013 quae
1010 1968 1082 2000 aut
1116 1959 1246 2014 ipsius
1282 1959 1467 2014 Philippi
1503 1967 1572 1999 aut

218 2023 522 2076 praefectorum
547 2023 634 2063 eius
661 2023 826 2063 licentia
850 2023 893 2062 in
918 2022 1152 2063 civitatibus
1180 2022 1290 2062 facta
1316 2030 1449 2070 erant,
1478 2035 1571 2061 cum

219 2100 318 2125 suae
350 2085 541 2126 factionis
574 2085 788 2126 hominum
815 2085 921 2125 vires
949 2085 1139 2139 augendo
1172 2084 1234 2125 ius
1262 2098 1309 2124 ac
1339 2084 1570 2124 libertatem

219 2146 392 2186 aliorum
423 2147 713 2201 deprimerent.
781 2147 889 2187 veris
929 2146 1043 2187 initio
1078 2145 1329 2187 Corinthum
1365 2152 1570 2186 conventu

219 2208 352 2248 edicto
389 2209 513 2249 venit.
573 2209 629 2249 ibi
661 2209 845 2249 omnium
876 2209 1106 2249 civitatium
1136 2208 1366 2263 legationes
1400 2209 1443 2248 in
1474 2222 1572 2248 con-

219 2269 340 2309 tionis
372 2270 542 2310 modum
573 2270 845 2310 circumfusas
879 2278 942 2310 est
967 2271 1202 2318 adlocutus,
1241 2285 1360 2310 orsus
1393 2271 1444 2310 ab
1470 2269 1571 2309 inita

217 2330 395 2385 primum
419 2331 620 2372 Romanis
655 2332 833 2372 amicitia
863 2345 957 2371 eum
984 2331 1240 2372 Graecorum
1272 2338 1397 2386 gente
1423 2338 1464 2371 et
1495 2330 1570 2370 im-

218 2400 454 2446 peratorum
491 2393 561 2446 qui
605 2401 698 2433 ante
736 2408 780 2434 se
820 2393 863 2433 in
898 2393 1150 2434 BIacedonia
1186 2394 1364 2434 fuissent
1402 2393 1569 2446 suisque

217 2454 340 2494 rebus
366 2454 510 2509 gestis.
570 2455 709 2496 omnia
739 2469 833 2495 cum
864 2455 1160 2509 adprobatione
1185 2455 1344 2510 ingenti
1377 2462 1474 2495 sunt
1499 2469 1570 2494 au-

218 2516 321 2564 dita,
359 2524 647 2570 praeterquam
685 2531 779 2557 cum
815 2517 868 2557 ad
902 2517 1153 2557 mentionem
1189 2517 1361 2558 Nabidis
1399 2523 1568 2557 ventum

218 2586 346 2627 esset3
372 2578 414 2618 id
433 2579 600 2620 minime
621 2579 870 2620 conveniens
891 2579 1080 2620 liberanti
1097 2578 1317 2621 Graeciam
1338 2579 1568 2627 videbatur,

1275 2646 1315 2678 11
1333 2647 1347 2663 *

1603 431 1620 456 4

1603 986 1620 1015 6

1604 1110 1618 1137 7

1602 1481 1615 1508 1

1598 1850 1615 1878 10

1597 2161 1616 2190 3

1597 2285 1615 2313 4
