1799 2900
528 192 683 227 LIBER
708 194 858 238 XXXI,
885 193 940 228 46.
971 196 1019 238 [a.
1035 192 1074 229 0.
1087 194 1170 239 200]
1476 184 1529 225 41

178 296 339 352 gravati
369 296 483 352 prius
516 306 656 338 essent.
689 298 740 337 ad
772 298 1053 352 populandam
1083 297 1377 339 Macedoniam
1408 297 1533 348 exire,

177 374 258 413 quo
283 367 469 414 tempore
493 358 689 414 Philippo
717 359 824 400 circa
847 360 1102 414 Pergamum
1126 368 1270 401 urente
1297 375 1414 404 sacra
1438 375 1534 415 pro-

175 421 354 474 fanaque
396 421 636 462 abstrahere
678 436 772 461 eum
815 421 909 462 inde
952 430 1144 476 respectu
1184 437 1322 463 rerum
1366 437 1534 463 suarum

175 483 420 538 potuissent.
481 483 538 523 ita
569 483 710 524 Aetoli
743 498 836 524 eum
869 499 941 538 spe
972 484 1124 539 magis,
1162 484 1363 525 Romanis
1396 484 1534 525 omnia

175 545 483 599 pollicentibus,
523 560 647 598 quaxn
672 559 765 586 curn
793 546 944 587 auxilio
971 546 1143 587 dimissi.
1204 547 1410 601 Apustius
1438 561 1531 587 cum

179 607 324 648 Attalo
350 608 400 648 ad
429 607 604 648 classem
631 608 749 648 redit.

260 670 364 711 Inde
402 670 549 724 agitari
587 670 637 710 de
672 670 786 711 Orco
818 671 1098 725 obpugnando
1131 679 1335 726 coeptum.
1395 671 1532 712 valida

175 748 224 773 ea
261 732 406 772 civitas
445 740 485 773 et
521 732 738 773 moenibus
777 740 835 782 et,
880 733 975 785 quia
1016 741 1111 774 ante
1148 734 1283 774 fuerat
1320 741 1531 788 temptata,

173 793 291 835 firmo
317 801 405 835 erat
428 794 650 849 praesidio,
712 795 1009 835 coniunxerant
1043 810 1086 835 se
1118 795 1167 835 iis
1199 802 1294 850 post
1319 810 1533 850 expugna-

176 856 332 897 tionem
377 857 513 897 Andri
555 871 649 897 011111
690 857 902 911 praefecto
919 856 1217 911 Agesimbroto
1245 857 1391 912 viginti
1415 857 1530 898 Rho-

175 917 265 958 diae
291 933 439 967 naves,
468 926 600 959 tectae
626 934 783 959 omnes.
845 934 936 959 eam
962 919 1140 959 classem
1165 919 1207 959 in
1234 920 1454 960 stationem
1481 920 1532 960 ad

176 980 387 1020 Zelasium
419 980 619 1020 miserunt
649 1005 705 1009 ——
734 980 957 1021 Phthiniae
990 981 1032 1020 id
1064 996 1188 1035 super
1218 981 1533 1022 Demetriadem

173 1042 506 1096 pronmnturium
533 1049 595 1082 est
620 1049 926 1096 peropportune
954 1042 1161 1082 obiectum
1187 1067 1254 1091 —,
1281 1050 1344 1091 ut,
1373 1043 1407 1083 si
1433 1043 1533 1096 quid

174 1103 268 1144 inde
304 1110 519 1144 moverent
549 1104 832 1144 Blaeedonum
868 1118 1015 1152 naves,
1054 1103 1095 1143 111
1132 1104 1340 1157 praesidio
1378 1112 1531 1146 essent.

172 1165 419 1205 Heraclides
451 1165 684 1219 praefectus
718 1165 857 1218 regius
891 1165 1068 1205 classem
1105 1165 1161 1205 ibi
1198 1166 1365 1206 tenebat
1397 1167 1530 1220 magis

171 1242 245 1281 per
275 1227 554 1275 occasionem,
594 1227 627 1267 si
658 1241 782 1279 quam
818 1226 1082 1281 neglegentia
1120 1227 1301 1267 hostium
1334 1228 1530 1277 dedisset,

171 1302 294 1341 quam
327 1296 468 1344 aperta
500 1288 539 1328 vi
571 1288 792 1341 quicquam
825 1303 1015 1329 ausurus.
1079 1288 1239 1329 Oreum
1266 1289 1420 1330 diversi
1445 1290 1531 1330 Ro-

170 1350 283 1390 mani
312 1358 351 1391 et
381 1366 454 1391 rex
485 1351 655 1392 Attalus
689 1351 1006 1405 obpugnabant,
1045 1351 1225 1392 Romani
1258 1367 1280 1392 a
1310 1352 1530 1393 marituma

171 1427 282 1461 aree,
318 1413 422 1467 regii
458 1413 659 1454 adversus
699 1413 849 1454 vallem
887 1413 993 1453 inter
1024 1413 1126 1454 duas
1159 1413 1362 1454 iacentem
1399 1429 1528 1463 arces,

170 1489 251 1527 qua
275 1482 316 1514 et
340 1489 457 1515 muro
483 1475 737 1529 intersaepta
761 1476 860 1516 urbs
888 1482 964 1515 est.
1015 1483 1054 1515 et
1080 1483 1124 1515 ut
1148 1475 1239 1516 loca
1266 1475 1442 1525 diversa,
1471 1475 1530 1516 sic

172 1536 327 1590 dispari
351 1537 474 1577 modo
501 1538 625 1578 ctiam
651 1538 968 1592 obpugnabant:
1007 1537 1222 1578 Romanus
1249 1538 1528 1578 testudinibus

171 1604 211 1638 et
236 1598 367 1639 vineis
394 1606 434 1638 et>
460 1599 585 1639 ariete
613 1600 874 1640 admovendo
899 1599 1047 1647 muris,
1086 1600 1189 1654 regii
1215 1600 1391 1640 ballistis
1419 1608 1530 1640 cata-

170 1659 377 1713 pultisque
400 1670 440 1700 et
459 1660 538 1701 alio
559 1661 670 1701 omni
690 1676 841 1715 genere
864 1668 1160 1701 tormentorum
1187 1661 1268 1701 tela
1292 1661 1528 1715 ingerentes

171 1730 211 1762 et
230 1722 412 1776 pondere
432 1722 590 1776 ingenti
612 1738 724 1763 saxa.
754 1723 961 1763 faciebant
982 1730 1022 1763 et
1043 1723 1253 1763 cuniculos
1276 1730 1315 1763 et
1331 1723 1531 1776 quidquid

171 1783 282 1824 aliud
306 1784 441 1838 priore
473 1784 782 1838 obpugnatione
815 1794 1030 1838 expertum
1061 1785 1285 1838 profuerat.
1347 1793 1529 1825 ceterum

170 1861 254 1887 non
272 1846 412 1901 plures
433 1853 592 1887 tantum
608 1847 865 1887 Blaccdones
887 1861 1010 1900 quam
1031 1854 1124 1887 ante
1145 1847 1365 1887 tuebantur
1384 1848 1529 1887 urbem

171 1922 390 1961 arcesque,
429 1908 503 1949 sed
535 1909 658 1949 etiam
689 1908 1040 1963 1⁷›raesentioribus
1073 1908 1239 1957 animis,
1279 1916 1319 1949 et
1351 1909 1525 1962 castiga-

171 1970 293 2011 tionis
325 1970 436 2024 regis
469 1971 511 2010 in
544 1971 727 2011 admissa
760 1971 880 2026 eulpa
912 1978 951 2011 et
985 1971 1105 2011 simul
1142 1971 1366 2020 minarum,
1406 1971 1528 2012 simul

168 2032 469 2086 promissorum
500 2033 543 2073 in
574 2034 759 2073 futurum
789 2048 1008 2074 memores.
1069 2033 1206 2086 itaque
1241 2047 1334 2072 eum
1364 2042 1529 2088 praeter

170 2109 288 2149 spem
319 2102 483 2149 tempus
515 2095 572 2135 ihi
606 2095 836 2136 traheretur
866 2096 1042 2150 plusque
1078 2095 1120 2134 in
1157 2095 1372 2136 obsidione
1410 2102 1449 2136 et
1485 2095 1528 2135 in

170 2156 365 2210 operibus
393 2171 516 2210 quam
541 2157 583 2197 in
608 2157 917 2211 obpugnatione
945 2157 1067 2197 celeri
1094 2156 1181 2211 spei
1208 2164 1336 2205 esset,
1364 2157 1527 2197 interim

170 2227 211 2258 ct
236 2218 347 2258 aliud
373 2219 440 2273 agi
465 2234 590 2273 posse
615 2227 728 2260 ratus
755 2220 937 2274 legatus,
976 2219 1128 2260 relictis
1156 2227 1253 2272 quot
1288 2219 1387 2260 satis
1413 2220 1528 2260 vide-

170 2279 320 2319 bantur
346 2281 398 2320 ad
417 2296 542 2335 opera
567 2282 829 2336 perficienda,
856 2282 990 2322 traicit
1008 2282 1049 2321 in
1070 2282 1258 2336 proxima
1280 2282 1525 2323 continentis

170 2341 447 2394 Larisamque
477 2366 534 2371 ——
564 2359 647 2384 non
683 2343 796 2384 illam
827 2343 870 2384 in
899 2344 1122 2384 Thessalia
1154 2344 1335 2384 nobilem
1366 2345 1524 2393 urbem,

172 2402 245 2442 sed
276 2402 466 2452 alteram,
504 2419 628 2457 quam
656 2404 903 2445 Cremasten
928 2413 1078 2446 vocant
1103 2430 1158 2434 —-
1184 2406 1319 2447 subito
1346 2406 1526 2447 adventu

170 2470 333 2518 praeter
370 2479 507 2505 arcem
550 2466 670 2520 cepit.
730 2467 899 2507 Attalus
937 2482 1100 2520 quoque
1138 2467 1375 2522 Aegeleon,
1424 2468 1526 2508 nihil

170 2525 306 2566 minus
328 2540 451 2579 quam
478 2527 557 2568 tale
578 2528 799 2582 quicquam
822 2528 865 2569 in
889 2529 1057 2570 alterius
1079 2530 1388 2585 obpugnatione
1409 2531 1522 2571 urbis

1560 933 1575 961 &1

1559 1492 1597 1519 10

1558 1800 1593 1827 11

1554 2170 1594 2200 12

1554 2481 1593 2510 13

171 2587 424 2637 timentibus,
452 2589 671 2644 obpressit.
720 2599 761 2631 et
785 2591 867 2631 iam
892 2605 985 2632 cum
1011 2607 1137 2646 opera
1161 2592 1204 2632 in
1229 2592 1380 2634 effectu
1405 2599 1521 2633 erant
1550 2604 1587 2633 11

172 2649 279 2691 eirca
311 2650 490 2701 Oreum,
529 2658 614 2692 tum
644 2653 915 2707 praesidium,
953 2654 1065 2707 quod
1094 2653 1205 2695 intus
1237 2661 1343 2704 erat,
1381 2654 1521 2696 labore
