1799 2900
240 147 322 187 282
511 150 662 185 LIBER
689 149 894 192 XXXVII,
922 149 974 182 26.
995 151 1048 184 27.
1078 153 1126 194 [a.
1144 149 1316 194 masei]

238 258 348 312 quod
383 271 466 296 non
504 254 735 294 subiectum
772 252 900 293 oculis
934 252 1286 309 Colophoniorum
1324 266 1371 292 ac
1407 267 1481 307 per
1518 266 1588 292 005

197 335 212 363 7
238 328 381 361 notum
414 316 622 370 extemplo
652 315 854 356 Romanis
886 327 1014 363 esset,
1057 330 1158 368 quos
1197 315 1336 355 audita
1374 313 1589 354 obsidione

238 397 321 422 11011
347 379 562 420 dubitabat.
588 378 640 418 ad
665 392 787 431 opem
814 377 948 417 sociae
974 377 1066 418 urbi
1096 377 1310 417 ferendam
1336 377 1513 416 classem
1539 375 1589 415 ab

240 444 368 483 Samo
393 449 600 481 moturos:
628 454 719 479 cam
745 439 1007 480 occasionem
1019 439 1303 492 Polyxenidae
1330 438 1382 478 ad
1406 453 1493 478 rem
1519 452 1590 492 ge—

197 520 216 549 8
240 504 413 545 rendam
440 504 540 543 sore.
573 502 698 556 igitur
719 501 911 556 operibus
934 501 1174 556 obpugnare
1200 501 1345 541 urbem
1365 500 1589 554 adgrcssus

238 576 276 607 01
297 566 350 606 ad
370 580 481 606 mare
507 564 692 619 partibus
714 564 874 604 duabus
899 563 1052 618 pariter
1071 563 1366 603 munitionibus
1389 561 1589 609 deductis,

238 628 442 681 utrimque
463 628 604 667 11110115
625 635 664 668 01
690 641 887 681 aggerem
911 641 1028 666 muro
1048 626 1223 665 iniunxit
1249 633 1288 666 et
1313 624 1590 666 testudinibus

196 706 213 733 ε)
240 690 388 731 3110105
416 689 611 730 admovit.
672 688 821 741 quibus
848 688 977 728 territi
1002 688 1120 727 malis
1148 687 1382 741 Colophoni
1408 696 1590 727 oratorcs

241 751 414 792 Samum
440 751 492 791 ad
518 751 570 791 L.
598 750 842 798 Aemilium,
875 750 999 790 fidem
1032 748 1232 803 praetoris
1258 748 1482 802 populique
1506 748 1592 788 Ro-

177 829 214 857 10
241 814 351 854 mani
382 813 656 868 inplorantes,
694 813 908 853 miserunt.
968 811 1195 852 Aemilium
1227 818 1265 851 et
1300 809 1416 850 Sami
1452 809 1591 863 segnis

240 876 308 916 diu
333 890 449 915 mora
474 875 738 923 obfendcbat,
765 874 866 913 nihil
891 873 1026 914 minus
1053 873 1291 928 opinantem
1318 886 1442 924 quam
1465 870 1593 924 Poly-

239 937 434 978 xenidam
469 937 533 977 bis
570 937 821 989 nequiquam
858 936 909 976 ab
948 951 991 976 se
1036 943 1306 990 provocatum
1342 940 1592 988 potestatem

177 1015 210 1043 11
239 1014 404 1053 pugnae
441 999 647 1039 facturum
684 1013 795 1047 esse3
841 1006 881 1038 et
916 1007 1034 1052 turpe
1073 997 1354 1045 existimabat,
1390 995 1592 1036 Eumenis

242 1061 418 1101 classem
448 1060 642 1101 3111111310
676 1061 889 1101 001151110111
921 1061 973 1100 ad
1004 1060 1250 1100 traiciendas
1283 1059 1326 1099 in
1355 1058 1505 1098 Asiam
1536 1057 1593 1098 le-

241 1123 405 1177 giones,
440 1138 483 1163 se
512 1123 771 1177 Colophonis
804 1124 1002 1164 obsessae
1034 1122 1206 1170 auxilio,
1240 1121 1439 1161 incertam
1468 1120 1593 1160 finem

178 1201 214 1230 1⁴2
241 1185 451 1233 habituro,
489 1185 675 1238 adligari.
740 1185 957 1225 Eudamus
983 1185 1193 1232 Rhodius,
1236 1183 1305 1236 qui
1336 1191 1374 1223 et
1406 1190 1594 1223 tenuerat

242 1262 335 1288 eum
363 1245 480 1287 Sami
505 1247 739 1300 cupientem
764 1247 969 1300 proficisci
994 1246 1036 1286 111
1062 1246 1404 1300 Hellespontum,
1438 1244 1593 1285 cuncti-

178 1325 214 1353 13
243 1323 321 1361 que
346 1308 498 1348 instare
525 1318 565 1349 et
590 1308 744 1356 dicere,
772 1316 924 1361 quanto
951 1308 1078 1348 satius
1106 1323 1198 1348 esse
1224 1307 1289 1347 101
1322 1307 1455 1347 socios
1483 1306 1592 1346 obsi-

242 1371 362 1411 dione
406 1370 584 1410 eximere
628 1370 693 1410 101
736 1370 887 1410 victam
929 1372 1010 1410 iam
1054 1370 1183 1410 semel
1226 1369 1402 1409 classem
1443 1369 1592 1408 iterum

243 1434 407 1473 vincere
434 1441 473 1473 et
499 1442 627 1472 totam
651 1433 775 1472 maris
807 1432 1117 1486 possessionem
1149 1431 1257 1471 hosti
1284 1430 1441 1484 eripere
1468 1444 1591 1482 quam

243 1495 416 1535 desertis
456 1495 597 1543 sociis,
636 1494 784 1534 tradita
815 1494 1025 1534 Antiocho
1050 1494 1156 1534 Asia
1193 1505 1302 1533 terra
1338 1493 1521 1545 marique
1550 1493 1593 1532 in

241 1557 582 1611 Hellespontum,
621 1556 691 1596 ubi
724 1557 823 1596 satis
857 1565 965 1596 esset
996 1555 1198 1595 Eumenis
1232 1555 1397 1603 0135515,
1435 1555 1486 1595 ab
1520 1569 1593 1594 sua

241 1626 357 1673 parte
382 1618 480 1659 belli
505 1618 730 1658 discedere.

201 1697 214 1724 1
326 1679 525 1722 XXVII.
572 1679 759 1721 Profecti
785 1679 836 1720 ab
864 1677 991 1720 Samo
1018 1679 1071 1718 ad
1095 1678 1296 1733 petendos
1324 1686 1593 1726 commeatus,

243 1742 498 1797 consumptis
530 1742 612 1782 iam
644 1742 854 1789 omnibus,
890 1740 1043 1782 Chium
1073 1741 1275 1796 parabant
1307 1740 1493 1781 traicere.
1553 1739 1596 1780 id

242 1812 330 1846 erat
365 1804 557 1845 horreum
587 1803 808 1851 Romanis,
847 1818 977 1856 eoque
1017 1818 1160 1844 omnes
1199 1818 1249 1842 ex
1286 1802 1407 1842 Italia
1442 1802 1595 1842 missae

243 1866 453 1907 onerariae
491 1865 735 1920 derigebant
771 1879 950 1905 cursum.
1017 1863 1280 1905 circumvecti
1317 1864 1369 1903 ab
1404 1864 1506 1904 urbe
1543 1863 1596 1904 ad

243 1943 389 1968 aversa
412 1927 571 1967 insulae
595 1952 652 1955 ——
676 1927 837 1968 obiecta
862 1926 1044 1979 aquiloni
1069 1926 1121 1966 ad
1148 1924 1300 1966 Chium
1325 1935 1365 1966 et
1388 1925 1594 1979 Erythras

243 1998 338 2030 sunt
361 2013 417 2018 —
442 2004 535 2029 cum
560 1999 752 2043 pararent
779 1988 969 2037 traicere,
1000 1988 1147 2028 litteris
1174 1987 1322 2028 certior
1346 1987 1392 2027 fit
1416 1996 1593 2041 praetor,

241 2051 437 2091 frumenti
476 2050 557 2091 11111
588 2066 784 2105 magnam
811 2050 963 2091 Chium
996 2065 1048 2090 eX
1077 2049 1199 2090 Italia
1230 2049 1417 2098 venisse,
1454 2048 1594 2089 vinum

198 2128 216 2157 3
241 2120 452 2168 portantes
479 2127 606 2153 naves
632 2112 950 2167 tempestatibus
975 2121 1156 2152 retentas
1183 2126 1289 2152 esse.
1335 2111 1457 2151 simul
1483 2111 1596 2151 adla-

243 2186 329 2215 tum
360 2182 441 2224 est,
478 2175 604 2216 Teios
642 2175 782 2229 regiae
815 2175 939 2215 classi
975 2174 1155 2228 benigne
1187 2182 1441 2214 commeatus
1477 2187 1595 2228 prae-

241 2237 396 2285 buisse,
424 2237 602 2290 quinque
627 2237 740 2277 milia
766 2251 960 2277 vasorum
983 2236 1067 2275 11111
1091 2235 1296 2290 pollicitos
1318 2250 1424 2276 esse.
1462 2235 1596 2276 Teum

242 2314 294 2340 ex
328 2299 464 2340 medio
496 2313 619 2340 cursu
652 2300 829 2340 classem
857 2308 1027 2353 repente
1058 2298 1225 2347 avertit,
1259 2306 1328 2338 aut
1360 2297 1595 2339 volentibus

243 2361 292 2401 iis
317 2376 467 2402 usurus
495 2369 725 2403 commeatu
749 2368 893 2416 parato
919 2360 1107 2402 hostibus
1134 2368 1203 2400 aut
1226 2360 1341 2415 ipsos
1366 2375 1441 2414 pro
1467 2358 1595 2400 hosti—

202 2437 219 2463 1
244 2423 320 2463 bus
346 2423 574 2464 habiturus.
635 2438 728 2464 cum
755 2423 1012 2464 derexissent
1038 2422 1090 2463 ad
1115 2432 1267 2463 terram
1291 2437 1449 2476 proras,
1477 2421 1595 2474 quin-

244 2483 376 2524 decim
412 2486 540 2526 ferme
578 2485 637 2526 eis
675 2500 802 2526 naves
840 2485 948 2525 circa
983 2485 1266 2538 Myonnesum
1303 2484 1593 2538 adparuerunt,

245 2560 346 2597 quas
372 2547 501 2600 primo
528 2562 578 2587 ex
605 2548 737 2588 classe
764 2547 879 2602 regia
908 2554 1074 2601 praetor
1100 2561 1192 2586 esse
1217 2555 1332 2586 ratus
1358 2544 1505 2585 institit
1529 2557 1594 2584 se-

246 2606 326 2658 qui.
387 2608 573 2661 adparuit
605 2609 771 2657 deinde,
808 2608 1001 2662 piraticas
1028 2607 1188 2648 celoces
1220 2615 1258 2647 et
1295 2607 1455 2646 lembos
1487 2618 1591 2644 esse.

198 1881 216 1910 20
