1799 2900
477 98 630 132 LIBER
655 98 859 143 XXXVII,
886 99 1014 134 31140.
1043 98 1242 143 [a.C.190]
1456 90 1538 132 293

189 210 425 251 tenuerunt3
452 202 710 243 hastatorum
730 203 861 257 prima
883 204 1014 258 signa,
1043 203 1137 243 dein
1156 202 1387 257 principum
1409 210 1538 251 eraut,

188 265 299 307 triari
336 272 570 319 postremos
608 265 868 306 claudebant.
941 273 1057 306 extra
1093 265 1200 305 hanc
1235 264 1348 305 velut
1388 264 1540 305 iustam

189 328 318 368 aciem
340 343 363 368 a
382 335 498 382 parte
521 327 666 367 dextra
687 329 829 368 consul
844 328 1109 369 Achaeorum
1131 327 1320 368 caetratis
1346 327 1542 368 inmixtos

189 390 410 430 auxiliares
434 389 658 438 Eumenis,
696 390 773 430 tria
809 391 922 430 milia
958 391 1088 431 ferme
1124 390 1328 445 peditum,
1368 397 1543 443 aequata

188 452 323 492 fronte
354 451 545 491 instruxit
556 467 565 500 3
604 451 711 491 ultra
743 467 813 493 eos
847 452 1030 505 equitum
1060 453 1194 493 minus
1226 452 1304 492 tria
1335 452 1448 492 milia
1472 452 1545 492 ob-

188 513 346 568 posuit,
388 527 439 553 ex
476 513 625 566 quibus
663 513 866 554 Eumenis
906 514 1150 569 octingenti,
1187 514 1370 567 reliquus
1409 514 1543 555 omnis

189 575 394 628 equitatus
431 574 646 615 Romanus
685 584 790 624 erat3
828 584 1034 617 extremos
1067 576 1218 616 Trallis
1257 584 1297 616 et
1330 574 1543 616 Cretensis

188 661 243 665 —-
269 636 589 690 quingentorum
621 637 785 689 utrique
811 653 1028 678 numerum
1060 637 1284 692 explebant
1308 661 1364 666 —-
1389 637 1543 678 statuit.

188 700 353 740 laevum
380 714 506 739 cornu
538 714 621 740 non
652 700 870 740 videbatur
895 715 1018 755 egere
1051 701 1201 740 talibus
1228 700 1411 749 auxiliis,
1449 699 1546 753 quia

189 762 342 802 flumen
370 763 420 802 ab
448 777 496 802 ea
526 770 641 816 parte
674 762 870 816 ripaeque
903 763 1101 817 deruptae
1128 762 1394 810 claudebant3
1429 770 1546 815 quat-

189 831 281 863 tuor
306 832 445 863 tamen
470 823 565 864 inde
592 832 749 865 turmae
777 824 961 877 equitum
988 824 1217 878 obpositae.
1256 824 1358 864 haec
1385 839 1545 864 summa

190 885 401 940 copiarum
429 892 515 925 erat
539 885 761 935 Romanis,
789 894 829 926 et
855 887 935 927 duo
961 886 1074 926 milia
1099 886 1320 927 mixtorum
1346 886 1546 926 Macedo-

189 963 286 987 num
314 947 618 1000 Thracumque,
645 948 713 1000 qui
740 948 950 988 voluntate
978 948 1107 988 secuti
1133 954 1262 988 erant.
1324 947 1364 987 hi
1390 948 1546 1002 praesi-

191 1009 257 1049 dio
285 1009 429 1049 eastris
455 1009 587 1049 relicti
614 1016 722 1050 sunt.
784 1009 965 1049 sedecim
992 1009 1235 1063 elephantos
1261 1016 1356 1063 post
1382 1009 1544 1050 triarios

190 1072 232 1110 in
259 1071 443 1111 subsidio
470 1071 724 1111 locaverunt.
786 1087 881 1111 nam
912 1078 1203 1126 praeterquam
1229 1071 1339 1124 quod
1364 1072 1548 1111 multitu-

192 1133 329 1173 dinem
366 1132 575 1187 regiorum
612 1133 926 1187 elephantorum
952 1158 1007 1162 —
1032 1140 1148 1174 erant
1185 1142 1322 1173 autem
1356 1140 1548 1186 quattuor

191 1203 232 1235 et
269 1194 566 1248 quinquaginta
590 1219 646 1224 ——
672 1195 875 1236 sustinere
912 1210 995 1236 non
1032 1195 1278 1236 videbantur
1314 1210 1457 1250 posse,
1496 1210 1548 1235 ne

190 1257 280 1311 pari
316 1257 482 1309 quidem
519 1272 689 1298 numero
721 1257 877 1298 Indicis
906 1257 1040 1298 Africi
1075 1257 1293 1307 resistunt,
1333 1258 1420 1298 sive
1452 1257 1549 1310 quia

191 1319 475 1372 magnitudine
499 1343 556 1347 -—
579 1319 704 1373 longe
736 1319 845 1360 enim
876 1319 934 1361 illi
964 1329 1179 1375 praestant
1201 1344 1258 1348 —
1284 1320 1370 1360 sive
1400 1321 1548 1360 robore

192 1381 422 1422 animorum
449 1381 681 1424 vincuntur.

278 1445 484 1486 XXXX.
533 1445 668 1500 Regia
699 1445 807 1486 acies
845 1445 959 1485 varia
990 1444 1123 1499 magis
1160 1444 1299 1485 multis
1339 1444 1545 1499 gentibus,

193 1506 524 1547 dissimilitudine
561 1523 768 1548 armorum
807 1507 1134 1560 auxiliorumque
1167 1514 1266 1547 erat.
1327 1506 1471 1546 decem
1508 1513 1549 1545 et

194 1583 265 1608 sex
300 1568 413 1608 milia
448 1569 632 1622 peditum
664 1584 778 1609 more
808 1569 1091 1610 Macedonum
1123 1568 1270 1608 armati
1306 1568 1441 1615 fuere,
1480 1567 1549 1620 qui

192 1630 458 1684 phalangitae
475 1630 801 1684 adpellabantur.
836 1630 938 1670 haec
957 1631 1093 1671 media
1108 1630 1216 1670 acies
1237 1629 1326 1677 fuit,
1354 1629 1394 1668 in
1414 1629 1549 1669 fronte

193 1692 235 1731 in
261 1692 403 1732 decem
429 1701 567 1746 partes
594 1692 739 1732 divisa.
788 1700 925 1746 partes
953 1707 1022 1733 eas
1055 1691 1307 1746 interpositis
1334 1691 1440 1731 binis
1467 1691 1549 1731 ele-

193 1754 359 1809 phantis
381 1754 674 1809 distinguebat.
708 1770 731 1794 a
751 1755 885 1795 fronte
910 1755 1112 1795 introrsus
1133 1754 1175 1794 in
1196 1754 1298 1794 duos
1321 1762 1361 1793 et
1383 1752 1551 1806 triginta

194 1816 358 1857 ordines
385 1824 636 1857 armatorum
662 1817 771 1857 acies
798 1817 979 1870 patebat.
1012 1816 1091 1857 hoc
1111 1824 1151 1857 et
1176 1815 1335 1856 roboris
1362 1814 1402 1854 111
1422 1814 1548 1868 regiis

194 1878 322 1932 copiis
350 1886 454 1927 erat,
493 1885 531 1918 et
558 1878 727 1933 perinde
761 1893 853 1919 cum
886 1879 965 1919 alia
991 1878 1127 1932 specie
1158 1886 1246 1917 tum
1273 1876 1548 1917 eminentibus

193 1947 354 1980 tantum
384 1940 490 1980 inter
516 1948 695 1981 armatos
723 1940 953 1995 elephantis
986 1955 1185 1995 magnum
1216 1947 1412 1979 terrorem
1432 1953 1551 1993 prae-

194 2003 332 2042 bebat.
369 2002 558 2057 ingentes
585 2003 665 2057 ipsi
691 2013 825 2052 erant3
853 2003 1061 2043 addebant
1087 2001 1268 2057 speciem
1293 2000 1486 2041 frontalia
1510 2007 1551 2040 et

195 2064 343 2104 cristae
369 2072 410 2104 et
433 2071 550 2118 tergo
576 2064 780 2119 inpositae
806 2072 939 2105 turres
972 2064 1237 2116 turribusque
1265 2069 1548 2117 superstantes

195 2133 358 2179 praeter
382 2134 583 2167 rectorem
609 2127 796 2179 quaterni
823 2127 980 2167 armati.
1020 2127 1072 2167 ad
1097 2126 1204 2166 latus
1233 2126 1423 2166 dextrum
1448 2124 1550 2178 pha-

196 2188 444 2240 langitarum
480 2188 592 2228 mille
630 2196 670 2228 et
706 2189 954 2242 quingentos
990 2187 1359 2242 Gallograecorum
1392 2185 1548 2238 equites

197 2249 402 2303 obposuit.
446 2249 509 2289 his
537 2250 614 2290 tria
640 2250 751 2290 milia
776 2250 958 2303 equitum
985 2248 1551 2303 loricatorum—cataphra-

198 2318 286 2352 ctos
311 2311 390 2366 ipsi
417 2312 695 2366 adpellant—
714 2312 913 2352 adiunxit.
953 2311 1093 2352 addita
1118 2311 1181 2351 his
1204 2311 1268 2351 ala
1288 2310 1399 2350 mille
1420 2311 1550 2350 ferme

1573 587 1611 616 10

1573 712 1609 741 11

1575 1021 1613 1050 13

1575 1705 1593 1723 ι)

1575 1828 1594 1855 3

1575 2012 1595 2041 4

1575 2135 1594 2165 5

197 2374 400 2426 equitum3
428 2389 576 2429 agema
602 2390 693 2414 eam
718 2375 936 2415 vocabant.
996 2373 1114 2414 Medi
1142 2382 1257 2413 erant
1289 2373 1384 2413 lecti
1409 2372 1485 2412 viri
1510 2379 1550 2412 et
1576 2386 1594 2415 6

197 2436 382 2476 eiusdem
409 2437 590 2491 regionis
622 2436 739 2476 mixti
771 2437 992 2475 multarum
1018 2435 1205 2490 gentium
1231 2435 1402 2488 equites.
1453 2449 1551 2476 con-

197 2498 331 2538 tinens
370 2498 433 2539 his
471 2513 574 2553 grex
606 2498 787 2539 sedecim
818 2498 1131 2552 elephantorum
1162 2505 1225 2538 est
1256 2497 1470 2551 obpositus
1508 2496 1549 2536 in

197 2560 406 2600 subsidiis.
468 2561 613 2601 eadem
639 2568 774 2615 parte,
800 2560 1011 2614 paululum
1037 2559 1237 2614 producto
1265 2573 1408 2607 cornu,
1435 2558 1550 2612 regia
1577 2571 1593 2599 7
