<?xml version="1.0" encoding="UTF-8"?>
<!DOCTYPE html PUBLIC "-//W3C//DTD XHTML 1.0 Transitional//EN"
    "http://www.w3.org/TR/xhtml1/DTD/xhtml1-transitional.dtd">
<html xmlns="http://www.w3.org/1999/xhtml" xml:lang="en" lang="en">
 <head>
  <title>
</title>
<meta http-equiv="Content-Type" content="text/html;charset=utf-8" />
  <meta name='ocr-system' content='tesseract 3.04.00' />
  <meta name='ocr-capabilities' content='ocr_page ocr_carea ocr_par ocr_line ocrx_word'/>
</head>
<body>
  <div class='ocr_page' id='page_1' title='image "./aburbeconditalib03livyuoft_0269.png"; bbox 0 0 1799 2900; ppageno 0'>
   <div class='ocr_carea' id='block_1_1' title="bbox 459 147 1510 201">
    <p class='ocr_par' dir='ltr' id='par_1_1' title="bbox 459 147 1510 201">
     <span class='ocr_line' id='line_1_1' title="bbox 459 147 1510 201; baseline -0.002 -11"><span class='ocrx_word' id='word_1_1' title='bbox 459 155 610 190; x_wconf 81' lang='lat' dir='ltr'>LIBER</span> <span class='ocrx_word' id='word_1_2' title='bbox 634 156 802 201; x_wconf 80' lang='lat' dir='ltr'>xxxv,</span> <span class='ocrx_word' id='word_1_3' title='bbox 830 157 974 191; x_wconf 73' lang='lat'>16-18.</span> <span class='ocrx_word' id='word_1_4' title='bbox 1003 156 1202 201; x_wconf 72' lang='lat' dir='ltr'>[a.e.193]</span> <span class='ocrx_word' id='word_1_5' title='bbox 1430 147 1510 189; x_wconf 81' lang='grc'>189</span> 
     </span>
    </p>
   </div>
   <div class='ocr_carea' id='block_1_2' title="bbox 154 259 1515 1184">
    <p class='ocr_par' dir='ltr' id='par_1_2' title="bbox 157 259 1513 376">
     <span class='ocr_line' id='line_1_2' title="bbox 157 259 1513 317; baseline -0.001 -14"><span class='ocrx_word' id='word_1_6' title='bbox 157 277 250 317; x_wconf 86' lang='lat' dir='ltr'>ago,</span> <span class='ocrx_word' id='word_1_7' title='bbox 276 276 401 315; x_wconf 86' lang='lat' dir='ltr'>quam</span> <span class='ocrx_word' id='word_1_8' title='bbox 425 259 526 314; x_wconf 89' lang='lat' dir='ltr'>ipsis</span> <span class='ocrx_word' id='word_1_9' title='bbox 553 259 772 314; x_wconf 74' lang='lat' dir='ltr'>agentibus</span> <span class='ocrx_word' id='word_1_10' title='bbox 799 268 839 301; x_wconf 86' lang='lat' dir='ltr'>et</span> <span class='ocrx_word' id='word_1_11' title='bbox 863 275 938 302; x_wconf 88' lang='lat' dir='ltr'>nos</span> <span class='ocrx_word' id='word_1_12' title='bbox 965 268 1005 302; x_wconf 88' lang='lat' dir='ltr'>et</span> <span class='ocrx_word' id='word_1_13' title='bbox 1029 276 1171 316; x_wconf 88' lang='lat' dir='ltr'>regem</span> <span class='ocrx_word' id='word_1_14' title='bbox 1196 260 1333 315; x_wconf 81' lang='lat' dir='ltr'>ipsum</span> <span class='ocrx_word' id='word_1_15' title='bbox 1359 274 1513 316; x_wconf 86' lang='lat' dir='ltr'>cogno-</span> 
     </span>
     <span class='ocr_line' id='line_1_3' title="bbox 157 322 601 376; baseline -0.005 -12"><span class='ocrx_word' id='word_1_16' title='bbox 157 338 271 364; x_wconf 91' lang='lat' dir='ltr'>scere</span> <span class='ocrx_word' id='word_1_17' title='bbox 297 322 469 376; x_wconf 86' lang='lat' dir='ltr'>aequius</span> <span class='ocrx_word' id='word_1_18' title='bbox 497 322 601 362; x_wconf 56' lang='lat' dir='ltr'>est?</span> 
     </span>
    </p>

    <p class='ocr_par' dir='ltr' id='par_1_3' title="bbox 154 383 1514 874">
     <span class='ocr_line' id='line_1_4' title="bbox 240 383 1511 440; baseline -0.001 -15"><span class='ocrx_word' id='word_1_19' title='bbox 240 384 391 428; x_wconf 82' lang='lat' dir='ltr'>XVII.</span> <span class='ocrx_word' id='word_1_20' title='bbox 446 383 600 426; x_wconf 84' lang='lat' dir='ltr'>Vocari</span> <span class='ocrx_word' id='word_1_21' title='bbox 648 383 795 424; x_wconf 89' lang='lat' dir='ltr'>deinde</span> <span class='ocrx_word' id='word_1_22' title='bbox 838 384 1066 426; x_wconf 82' lang='lat' dir='ltr'>eivitatium</span> <span class='ocrx_word' id='word_1_23' title='bbox 1114 384 1344 440; x_wconf 78' lang='lat' dir='ltr'>legationes</span> <span class='ocrx_word' id='word_1_24' title='bbox 1391 383 1511 425; x_wconf 86' lang='lat' dir='ltr'>iussit</span> 
     </span>
     <span class='ocr_line' id='line_1_5' title="bbox 155 446 1513 502; baseline -0.002 -14"><span class='ocrx_word' id='word_1_25' title='bbox 155 455 421 502; x_wconf 84' lang='lat' dir='ltr'>praeparatas</span> <span class='ocrx_word' id='word_1_26' title='bbox 448 446 530 486; x_wconf 89' lang='lat' dir='ltr'>iam</span> <span class='ocrx_word' id='word_1_27' title='bbox 556 455 650 486; x_wconf 89' lang='lat' dir='ltr'>ante</span> <span class='ocrx_word' id='word_1_28' title='bbox 676 454 716 487; x_wconf 85' lang='lat' dir='ltr'>et</span> <span class='ocrx_word' id='word_1_29' title='bbox 740 447 962 488; x_wconf 87' lang='lat' dir='ltr'>instructas</span> <span class='ocrx_word' id='word_1_30' title='bbox 991 448 1040 488; x_wconf 87' lang='lat' dir='ltr'>ab</span> <span class='ocrx_word' id='word_1_31' title='bbox 1056 448 1260 495; x_wconf 83' lang='lat' dir='ltr'>Eumene,</span> <span class='ocrx_word' id='word_1_32' title='bbox 1289 446 1358 500; x_wconf 86' lang='lat' dir='ltr'>qui</span> <span class='ocrx_word' id='word_1_33' title='bbox 1384 461 1513 500; x_wconf 84' lang='lat' dir='ltr'>quan-</span> 
     </span>
     <span class='ocr_line' id='line_1_6' title="bbox 156 508 1513 562; baseline -0.001 -13"><span class='ocrx_word' id='word_1_34' title='bbox 156 519 421 562; x_wconf 83' lang='lat' dir='ltr'>tumcumque</span> <span class='ocrx_word' id='word_1_35' title='bbox 446 508 595 548; x_wconf 68' lang='lat' dir='ltr'>virium</span> <span class='ocrx_word' id='word_1_36' title='bbox 619 508 830 549; x_wconf 79' lang='lat' dir='ltr'>Antiocho</span> <span class='ocrx_word' id='word_1_37' title='bbox 857 509 1125 558; x_wconf 69' lang='lat' dir='ltr'>decessisset,</span> <span class='ocrx_word' id='word_1_38' title='bbox 1154 524 1228 549; x_wconf 85' lang='lat' dir='ltr'>suo</span> <span class='ocrx_word' id='word_1_39' title='bbox 1253 509 1296 548; x_wconf 92' lang='lat' dir='ltr'>id</span> <span class='ocrx_word' id='word_1_40' title='bbox 1320 522 1513 549; x_wconf 86' lang='lat' dir='ltr'>accessu-</span> 
     </span>
     <span class='ocr_line' id='line_1_7' title="bbox 154 571 1512 626; baseline 0 -16"><span class='ocrx_word' id='word_1_41' title='bbox 154 586 246 611; x_wconf 91' lang='lat' dir='ltr'>rum</span> <span class='ocrx_word' id='word_1_42' title='bbox 276 586 404 625; x_wconf 88' lang='lat' dir='ltr'>regno</span> <span class='ocrx_word' id='word_1_43' title='bbox 432 571 621 611; x_wconf 80' lang='lat' dir='ltr'>ducebat.</span> <span class='ocrx_word' id='word_1_44' title='bbox 684 571 854 611; x_wconf 81' lang='lat' dir='ltr'>admissi</span> <span class='ocrx_word' id='word_1_45' title='bbox 886 572 1045 626; x_wconf 86' lang='lat' dir='ltr'>plures,</span> <span class='ocrx_word' id='word_1_46' title='bbox 1079 572 1176 611; x_wconf 86' lang='lat' dir='ltr'>dum</span> <span class='ocrx_word' id='word_1_47' title='bbox 1208 586 1304 611; x_wconf 89' lang='lat' dir='ltr'>suas</span> <span class='ocrx_word' id='word_1_48' title='bbox 1338 571 1512 623; x_wconf 85' lang='lat' dir='ltr'>quisque</span> 
     </span>
     <span class='ocr_line' id='line_1_8' title="bbox 155 631 1512 687; baseline -0.001 -14"><span class='ocrx_word' id='word_1_49' title='bbox 155 647 264 673; x_wconf 89' lang='lat' dir='ltr'>nunc</span> <span class='ocrx_word' id='word_1_50' title='bbox 284 633 486 686; x_wconf 77' lang='lat' dir='ltr'>querelas,</span> <span class='ocrx_word' id='word_1_51' title='bbox 513 646 622 672; x_wconf 86' lang='lat' dir='ltr'>nnnc</span> <span class='ocrx_word' id='word_1_52' title='bbox 648 633 948 687; x_wconf 80' lang='lat' dir='ltr'>postulationes</span> <span class='ocrx_word' id='word_1_53' title='bbox 974 633 1118 673; x_wconf 88' lang='lat' dir='ltr'>inserit</span> <span class='ocrx_word' id='word_1_54' title='bbox 1139 641 1179 673; x_wconf 87' lang='lat' dir='ltr'>et</span> <span class='ocrx_word' id='word_1_55' title='bbox 1205 647 1338 685; x_wconf 83' lang='lat' dir='ltr'>aequa</span> <span class='ocrx_word' id='word_1_56' title='bbox 1362 631 1512 685; x_wconf 82' lang='lat' dir='ltr'>iniquis</span> 
     </span>
     <span class='ocr_line' id='line_1_9' title="bbox 155 695 1513 750; baseline -0.001 -15"><span class='ocrx_word' id='word_1_57' title='bbox 155 695 343 744; x_wconf 84' lang='lat' dir='ltr'>miscent,</span> <span class='ocrx_word' id='word_1_58' title='bbox 370 710 421 735; x_wconf 89' lang='lat' dir='ltr'>ex</span> <span class='ocrx_word' id='word_1_59' title='bbox 448 695 747 750; x_wconf 75' lang='lat' dir='ltr'>disceptatione</span> <span class='ocrx_word' id='word_1_60' title='bbox 775 696 1084 737; x_wconf 78' lang='lat' dir='ltr'>altercationem</span> <span class='ocrx_word' id='word_1_61' title='bbox 1111 695 1310 736; x_wconf 81' lang='lat' dir='ltr'>fecerunt.</span> <span class='ocrx_word' id='word_1_62' title='bbox 1361 695 1513 748; x_wconf 85' lang='lat' dir='ltr'>itaque,</span> 
     </span>
     <span class='ocr_line' id='line_1_10' title="bbox 155 758 1514 813; baseline -0.001 -15"><span class='ocrx_word' id='word_1_63' title='bbox 155 772 232 798; x_wconf 88' lang='lat' dir='ltr'>nec</span> <span class='ocrx_word' id='word_1_64' title='bbox 260 758 436 798; x_wconf 87' lang='lat' dir='ltr'>remissa</span> <span class='ocrx_word' id='word_1_65' title='bbox 471 758 556 798; x_wconf 89' lang='lat' dir='ltr'>ulla</span> <span class='ocrx_word' id='word_1_66' title='bbox 592 773 635 798; x_wconf 91' lang='lat' dir='ltr'>re</span> <span class='ocrx_word' id='word_1_67' title='bbox 674 772 750 798; x_wconf 92' lang='lat' dir='ltr'>nec</span> <span class='ocrx_word' id='word_1_68' title='bbox 787 758 1024 813; x_wconf 87' lang='lat' dir='ltr'>impetrata,</span> <span class='ocrx_word' id='word_1_69' title='bbox 1064 772 1193 811; x_wconf 79' lang='lat' dir='ltr'>aeque</span> <span class='ocrx_word' id='word_1_70' title='bbox 1231 772 1278 798; x_wconf 87' lang='lat' dir='ltr'>ac</span> <span class='ocrx_word' id='word_1_71' title='bbox 1315 766 1514 798; x_wconf 73' lang='lat' dir='ltr'>venerant</span> 
     </span>
     <span class='ocr_line' id='line_1_11' title="bbox 156 819 1114 874; baseline 0.001 -15"><span class='ocrx_word' id='word_1_72' title='bbox 156 820 341 860; x_wconf 91' lang='lat' dir='ltr'>omnium</span> <span class='ocrx_word' id='word_1_73' title='bbox 365 819 510 860; x_wconf 83' lang='lat' dir='ltr'>incerti</span> <span class='ocrx_word' id='word_1_74' title='bbox 535 820 662 874; x_wconf 88' lang='lat' dir='ltr'>legati</span> <span class='ocrx_word' id='word_1_75' title='bbox 687 820 865 860; x_wconf 81' lang='lat' dir='ltr'>Romam</span> <span class='ocrx_word' id='word_1_76' title='bbox 891 821 1114 861; x_wconf 85' lang='lat' dir='ltr'>redierunt.</span> 
     </span>
    </p>

    <p class='ocr_par' dir='ltr' id='par_1_4' title="bbox 156 881 1515 1184">
     <span class='ocr_line' id='line_1_12' title="bbox 240 881 1512 922; baseline 0.001 -1"><span class='ocrx_word' id='word_1_77' title='bbox 240 882 335 922; x_wconf 81' lang='lat' dir='ltr'>Rex</span> <span class='ocrx_word' id='word_1_78' title='bbox 367 882 547 922; x_wconf 85' lang='lat' dir='ltr'>dimissis</span> <span class='ocrx_word' id='word_1_79' title='bbox 579 882 628 922; x_wconf 86' lang='lat' dir='ltr'>iis</span> <span class='ocrx_word' id='word_1_80' title='bbox 661 882 879 922; x_wconf 85' lang='lat' dir='ltr'>consilium</span> <span class='ocrx_word' id='word_1_81' title='bbox 911 883 961 922; x_wconf 89' lang='lat' dir='ltr'>de</span> <span class='ocrx_word' id='word_1_82' title='bbox 992 883 1100 922; x_wconf 89' lang='lat' dir='ltr'>bello</span> <span class='ocrx_word' id='word_1_83' title='bbox 1131 882 1323 922; x_wconf 83' lang='lat' dir='ltr'>Romano</span> <span class='ocrx_word' id='word_1_84' title='bbox 1355 881 1512 922; x_wconf 86' lang='lat' dir='ltr'>habuit.</span> 
     </span>
     <span class='ocr_line' id='line_1_13' title="bbox 156 943 1514 998; baseline 0 -15"><span class='ocrx_word' id='word_1_85' title='bbox 156 944 212 984; x_wconf 90' lang='lat' dir='ltr'>ibi</span> <span class='ocrx_word' id='word_1_86' title='bbox 238 943 341 984; x_wconf 88' lang='lat' dir='ltr'>alius</span> <span class='ocrx_word' id='word_1_87' title='bbox 374 944 452 984; x_wconf 86' lang='lat' dir='ltr'>alio</span> <span class='ocrx_word' id='word_1_88' title='bbox 479 943 677 992; x_wconf 80' lang='lat' dir='ltr'>ferocius,</span> <span class='ocrx_word' id='word_1_89' title='bbox 710 944 806 996; x_wconf 84' lang='lat' dir='ltr'>quia</span> <span class='ocrx_word' id='word_1_90' title='bbox 831 958 911 996; x_wconf 81' lang='lat' dir='ltr'>quo</span> <span class='ocrx_word' id='word_1_91' title='bbox 944 944 1118 997; x_wconf 86' lang='lat' dir='ltr'>quisque</span> <span class='ocrx_word' id='word_1_92' title='bbox 1153 944 1340 998; x_wconf 83' lang='lat' dir='ltr'>asperius</span> <span class='ocrx_word' id='word_1_93' title='bbox 1368 944 1514 984; x_wconf 76' lang='lat' dir='ltr'>adver-</span> 
     </span>
     <span class='ocr_line' id='line_1_14' title="bbox 157 1006 1511 1060; baseline 0.001 -15"><span class='ocrx_word' id='word_1_94' title='bbox 157 1022 227 1046; x_wconf 89' lang='lat' dir='ltr'>sus</span> <span class='ocrx_word' id='word_1_95' title='bbox 258 1006 472 1046; x_wconf 77' lang='lat' dir='ltr'>Romanos</span> <span class='ocrx_word' id='word_1_96' title='bbox 504 1006 665 1046; x_wconf 89' lang='lat' dir='ltr'>locutus</span> <span class='ocrx_word' id='word_1_97' title='bbox 699 1013 826 1054; x_wconf 87' lang='lat' dir='ltr'>esset,</span> <span class='ocrx_word' id='word_1_98' title='bbox 866 1021 912 1046; x_wconf 90' lang='lat' dir='ltr'>eo</span> <span class='ocrx_word' id='word_1_99' title='bbox 941 1021 1035 1060; x_wconf 88' lang='lat' dir='ltr'>spes</span> <span class='ocrx_word' id='word_1_100' title='bbox 1067 1007 1224 1060; x_wconf 85' lang='lat' dir='ltr'>gratiae</span> <span class='ocrx_word' id='word_1_101' title='bbox 1254 1007 1385 1046; x_wconf 84' lang='lat' dir='ltr'>maior</span> <span class='ocrx_word' id='word_1_102' title='bbox 1412 1014 1511 1055; x_wconf 84' lang='lat' dir='ltr'>erat,</span> 
     </span>
     <span class='ocr_line' id='line_1_15' title="bbox 157 1067 1514 1122; baseline 0 -15"><span class='ocrx_word' id='word_1_103' title='bbox 157 1068 261 1107; x_wconf 88' lang='lat' dir='ltr'>alius</span> <span class='ocrx_word' id='word_1_104' title='bbox 288 1067 526 1122; x_wconf 82' lang='lat' dir='ltr'>superbiam</span> <span class='ocrx_word' id='word_1_105' title='bbox 551 1067 854 1121; x_wconf 85' lang='lat' dir='ltr'>postulatorum</span> <span class='ocrx_word' id='word_1_106' title='bbox 879 1067 1106 1122; x_wconf 86' lang='lat' dir='ltr'>increpare,</span> <span class='ocrx_word' id='word_1_107' title='bbox 1135 1077 1346 1120; x_wconf 84' lang='lat' dir='ltr'>tamquam</span> <span class='ocrx_word' id='word_1_108' title='bbox 1361 1068 1514 1108; x_wconf 76' lang='lat' dir='ltr'>Nabidi</span> 
     </span>
     <span class='ocr_line' id='line_1_16' title="bbox 158 1128 1515 1184; baseline 0 -15"><span class='ocrx_word' id='word_1_109' title='bbox 158 1130 284 1178; x_wconf 66' lang='lat' dir='ltr'>victo,</span> <span class='ocrx_word' id='word_1_110' title='bbox 319 1130 378 1169; x_wconf 91' lang='lat' dir='ltr'>sic</span> <span class='ocrx_word' id='word_1_111' title='bbox 402 1129 633 1177; x_wconf 76' lang='lat' dir='ltr'>Antiocho,</span> <span class='ocrx_word' id='word_1_112' title='bbox 667 1129 848 1170; x_wconf 85' lang='lat' dir='ltr'>maximo</span> <span class='ocrx_word' id='word_1_113' title='bbox 875 1128 1005 1170; x_wconf 87' lang='lat' dir='ltr'>Asiae</span> <span class='ocrx_word' id='word_1_114' title='bbox 1032 1145 1196 1184; x_wconf 84' lang='lat' dir='ltr'>regum,</span> <span class='ocrx_word' id='word_1_115' title='bbox 1230 1131 1515 1184; x_wconf 85' lang='lat' dir='ltr'>inponentium</span> 
     </span>
    </p>
   </div>
   <div class='ocr_carea' id='block_1_3' title="bbox 155 1191 1553 1247">
    <p class='ocr_par' dir='ltr' id='par_1_5' title="bbox 155 1191 1553 1247">
     <span class='ocr_line' id='line_1_17' title="bbox 155 1191 1553 1247; baseline 0 -16"><span class='ocrx_word' id='word_1_116' title='bbox 155 1192 270 1246; x_wconf 90' lang='lat' dir='ltr'>leges</span> <span class='ocrx_word' id='word_1_117' title='bbox 285 1217 317 1220; x_wconf 81' lang='lat'><strong>—</strong></span> <span class='ocrx_word' id='word_1_118' title='bbox 332 1205 582 1244; x_wconf 76' lang='lat' dir='ltr'>quamquam</span> <span class='ocrx_word' id='word_1_119' title='bbox 596 1191 747 1231; x_wconf 76' lang='lat' dir='ltr'>Nabidi</span> <span class='ocrx_word' id='word_1_120' title='bbox 770 1201 906 1231; x_wconf 86' lang='lat' dir='ltr'>tamen</span> <span class='ocrx_word' id='word_1_121' title='bbox 928 1192 1251 1232; x_wconf 84' lang='lat' dir='ltr'>dominationem</span> <span class='ocrx_word' id='word_1_122' title='bbox 1272 1193 1312 1232; x_wconf 91' lang='lat' dir='ltr'>in</span> <span class='ocrx_word' id='word_1_123' title='bbox 1338 1193 1513 1247; x_wconf 87' lang='lat' dir='ltr'>patriam</span> <span class='ocrx_word' id='word_1_124' title='bbox 1540 1207 1553 1231; x_wconf 66' lang='grc' dir='ltr'><em>Γ</em></span> 
     </span>
    </p>
   </div>
   <div class='ocr_carea' id='block_1_4' title="bbox 154 1253 1517 2674">
    <p class='ocr_par' dir='ltr' id='par_1_6' title="bbox 154 1253 1517 2674">
     <span class='ocr_line' id='line_1_18' title="bbox 156 1253 1513 1307; baseline 0.001 -15"><span class='ocrx_word' id='word_1_125' title='bbox 156 1269 273 1293; x_wconf 84' lang='lat' dir='ltr'>suam</span> <span class='ocrx_word' id='word_1_126' title='bbox 299 1262 339 1293; x_wconf 86' lang='lat' dir='ltr'>et</span> <span class='ocrx_word' id='word_1_127' title='bbox 368 1253 545 1307; x_wconf 87' lang='lat' dir='ltr'>patriam</span> <span class='ocrx_word' id='word_1_128' title='bbox 570 1253 935 1294; x_wconf 84' lang='lat' dir='ltr'>Lacedaemonem</span> <span class='ocrx_word' id='word_1_129' title='bbox 966 1254 1204 1302; x_wconf 83' lang='lat' dir='ltr'>remissam,</span> <span class='ocrx_word' id='word_1_130' title='bbox 1240 1254 1451 1295; x_wconf 74' lang='lat' dir='ltr'>Antiocho</span> <span class='ocrx_word' id='word_1_131' title='bbox 1479 1255 1513 1295; x_wconf 90' lang='lat' dir='ltr'>si</span> 
     </span>
     <span class='ocr_line' id='line_1_19' title="bbox 157 1314 1512 1371; baseline 0.001 -17"><span class='ocrx_word' id='word_1_132' title='bbox 157 1314 337 1369; x_wconf 76' lang='lat' dir='ltr'>Smyrna</span> <span class='ocrx_word' id='word_1_133' title='bbox 351 1324 387 1355; x_wconf 89' lang='lat' dir='ltr'>et</span> <span class='ocrx_word' id='word_1_134' title='bbox 404 1315 666 1370; x_wconf 85' lang='lat' dir='ltr'>Lampsacus</span> <span class='ocrx_word' id='word_1_135' title='bbox 688 1315 889 1370; x_wconf 87' lang='lat' dir='ltr'>imperata</span> <span class='ocrx_word' id='word_1_136' title='bbox 910 1316 1076 1365; x_wconf 84' lang='lat' dir='ltr'>faciant,</span> <span class='ocrx_word' id='word_1_137' title='bbox 1092 1316 1309 1371; x_wconf 85' lang='lat' dir='ltr'>indignum</span> <span class='ocrx_word' id='word_1_138' title='bbox 1324 1316 1454 1357; x_wconf 69' lang='lat' dir='ltr'>videri</span> <span class='ocrx_word' id='word_1_139' title='bbox 1468 1341 1512 1366; x_wconf 86' lang='lat'>—‚</span> 
     </span>
     <span class='ocr_line' id='line_1_20' title="bbox 154 1377 1513 1433; baseline 0.002 -17"><span class='ocrx_word' id='word_1_140' title='bbox 154 1377 221 1417; x_wconf 89' lang='lat' dir='ltr'>alii</span> <span class='ocrx_word' id='word_1_141' title='bbox 246 1392 397 1432; x_wconf 79' lang='lat' dir='ltr'>parvas</span> <span class='ocrx_word' id='word_1_142' title='bbox 424 1384 462 1417; x_wconf 90' lang='lat' dir='ltr'>et</span> <span class='ocrx_word' id='word_1_143' title='bbox 490 1377 559 1416; x_wconf 74' lang='lat' dir='ltr'>vix</span> <span class='ocrx_word' id='word_1_144' title='bbox 585 1377 696 1417; x_wconf 90' lang='lat' dir='ltr'>dictu</span> <span class='ocrx_word' id='word_1_145' title='bbox 721 1378 868 1432; x_wconf 87' lang='lat' dir='ltr'>dignas</span> <span class='ocrx_word' id='word_1_146' title='bbox 895 1378 992 1418; x_wconf 89' lang='lat' dir='ltr'>belli</span> <span class='ocrx_word' id='word_1_147' title='bbox 1019 1393 1165 1419; x_wconf 87' lang='lat' dir='ltr'>causas</span> <span class='ocrx_word' id='word_1_148' title='bbox 1192 1387 1305 1419; x_wconf 86' lang='lat' dir='ltr'>tanto</span> <span class='ocrx_word' id='word_1_149' title='bbox 1331 1379 1419 1433; x_wconf 88' lang='lat' dir='ltr'>regi</span> <span class='ocrx_word' id='word_1_150' title='bbox 1444 1394 1513 1419; x_wconf 90' lang='lat' dir='ltr'>eas</span> 
     </span>
     <span class='ocr_line' id='line_1_21' title="bbox 155 1439 1515 1496; baseline 0.001 -17"><span class='ocrx_word' id='word_1_151' title='bbox 155 1439 341 1480; x_wconf 85' lang='lat' dir='ltr'>civitates</span> <span class='ocrx_word' id='word_1_152' title='bbox 369 1454 474 1480; x_wconf 88' lang='lat' dir='ltr'>esse.</span> <span class='ocrx_word' id='word_1_153' title='bbox 515 1439 589 1479; x_wconf 89' lang='lat' dir='ltr'>sed</span> <span class='ocrx_word' id='word_1_154' title='bbox 613 1439 775 1480; x_wconf 85' lang='lat' dir='ltr'>initium</span> <span class='ocrx_word' id='word_1_155' title='bbox 802 1455 966 1495; x_wconf 86' lang='lat' dir='ltr'>semper</span> <span class='ocrx_word' id='word_1_156' title='bbox 992 1456 1015 1481; x_wconf 89' lang='lat' dir='ltr'>a</span> <span class='ocrx_word' id='word_1_157' title='bbox 1040 1440 1179 1495; x_wconf 76' lang='lat' dir='ltr'>parvis</span> <span class='ocrx_word' id='word_1_158' title='bbox 1205 1441 1358 1481; x_wconf 83' lang='lat' dir='ltr'>iniusta</span> <span class='ocrx_word' id='word_1_159' title='bbox 1385 1441 1515 1496; x_wconf 89' lang='lat' dir='ltr'>impe-</span> 
     </span>
     <span class='ocr_line' id='line_1_22' title="bbox 154 1501 1514 1556; baseline 0 -14"><span class='ocrx_word' id='word_1_160' title='bbox 154 1501 273 1542; x_wconf 87' lang='lat' dir='ltr'>randi</span> <span class='ocrx_word' id='word_1_161' title='bbox 298 1501 403 1549; x_wconf 88' lang='lat' dir='ltr'>fieri,</span> <span class='ocrx_word' id='word_1_162' title='bbox 430 1501 510 1540; x_wconf 88' lang='lat' dir='ltr'>nisi</span> <span class='ocrx_word' id='word_1_163' title='bbox 536 1501 751 1541; x_wconf 86' lang='lat' dir='ltr'>crederent</span> <span class='ocrx_word' id='word_1_164' title='bbox 775 1502 949 1550; x_wconf 84' lang='lat' dir='ltr'>Persas,</span> <span class='ocrx_word' id='word_1_165' title='bbox 983 1516 1077 1542; x_wconf 91' lang='lat' dir='ltr'>cum</span> <span class='ocrx_word' id='word_1_166' title='bbox 1103 1516 1252 1555; x_wconf 84' lang='lat' dir='ltr'>aquam</span> <span class='ocrx_word' id='word_1_167' title='bbox 1280 1511 1514 1556; x_wconf 84' lang='lat' dir='ltr'>terramque</span> 
     </span>
     <span class='ocr_line' id='line_1_23' title="bbox 156 1563 1514 1618; baseline 0.001 -16"><span class='ocrx_word' id='word_1_168' title='bbox 156 1564 208 1603; x_wconf 88' lang='lat' dir='ltr'>ab</span> <span class='ocrx_word' id='word_1_169' title='bbox 232 1563 565 1603; x_wconf 83' lang='lat' dir='ltr'>Lacedaemonis</span> <span class='ocrx_word' id='word_1_170' title='bbox 593 1563 803 1618; x_wconf 85' lang='lat' dir='ltr'>petierint,</span> <span class='ocrx_word' id='word_1_171' title='bbox 831 1564 955 1618; x_wconf 86' lang='lat' dir='ltr'>gleba</span> <span class='ocrx_word' id='word_1_172' title='bbox 980 1572 1112 1605; x_wconf 89' lang='lat' dir='ltr'>terrae</span> <span class='ocrx_word' id='word_1_173' title='bbox 1139 1573 1179 1605; x_wconf 85' lang='lat' dir='ltr'>et</span> <span class='ocrx_word' id='word_1_174' title='bbox 1205 1564 1357 1605; x_wconf 85' lang='lat' dir='ltr'>haustu</span> <span class='ocrx_word' id='word_1_175' title='bbox 1383 1579 1514 1617; x_wconf 84' lang='lat' dir='ltr'>aquae</span> 
     </span>
     <span class='ocr_line' id='line_1_24' title="bbox 157 1624 1511 1679; baseline 0.001 -14"><span class='ocrx_word' id='word_1_176' title='bbox 157 1625 336 1679; x_wconf 78' lang='lat' dir='ltr'>eguisse.</span> <span class='ocrx_word' id='word_1_177' title='bbox 396 1639 470 1679; x_wconf 88' lang='lat' dir='ltr'>per</span> <span class='ocrx_word' id='word_1_178' title='bbox 496 1624 673 1665; x_wconf 89' lang='lat' dir='ltr'>similem</span> <span class='ocrx_word' id='word_1_179' title='bbox 704 1626 1019 1679; x_wconf 87' lang='lat' dir='ltr'>temptationem</span> <span class='ocrx_word' id='word_1_180' title='bbox 1043 1626 1245 1667; x_wconf 86' lang='lat' dir='ltr'>Romanis</span> <span class='ocrx_word' id='word_1_181' title='bbox 1273 1627 1323 1667; x_wconf 88' lang='lat' dir='ltr'>de</span> <span class='ocrx_word' id='word_1_182' title='bbox 1351 1626 1511 1667; x_wconf 90' lang='lat' dir='ltr'>duabus</span> 
     </span>
     <span class='ocr_line' id='line_1_25' title="bbox 157 1687 1515 1742; baseline -0.001 -14"><span class='ocrx_word' id='word_1_183' title='bbox 157 1687 391 1728; x_wconf 70' lang='lat' dir='ltr'>civitatibus</span> <span class='ocrx_word' id='word_1_184' title='bbox 408 1687 487 1741; x_wconf 89' lang='lat' dir='ltr'>agi.</span> <span class='ocrx_word' id='word_1_185' title='bbox 521 1696 560 1727; x_wconf 90' lang='lat' dir='ltr'>ct</span> <span class='ocrx_word' id='word_1_186' title='bbox 581 1687 681 1727; x_wconf 88' lang='lat' dir='ltr'>alias</span> <span class='ocrx_word' id='word_1_187' title='bbox 697 1687 898 1736; x_wconf 73' lang='lat' dir='ltr'>civitates,</span> <span class='ocrx_word' id='word_1_188' title='bbox 923 1688 1044 1728; x_wconf 87' lang='lat' dir='ltr'>simul</span> <span class='ocrx_word' id='word_1_189' title='bbox 1065 1689 1167 1728; x_wconf 89' lang='lat' dir='ltr'>duas</span> <span class='ocrx_word' id='word_1_190' title='bbox 1189 1688 1333 1742; x_wconf 86' lang='lat' dir='ltr'>iugum</span> <span class='ocrx_word' id='word_1_191' title='bbox 1347 1687 1515 1728; x_wconf 83' lang='lat' dir='ltr'>exuisse</span> 
     </span>
     <span class='ocr_line' id='line_1_26' title="bbox 156 1748 1516 1812; baseline 0 -23"><span class='ocrx_word' id='word_1_192' title='bbox 156 1749 378 1797; x_wconf 68' lang='lat' dir='ltr'>vidissent,</span> <span class='ocrx_word' id='word_1_193' title='bbox 419 1749 475 1812; x_wconf 63' lang='lat' dir='ltr'>ad</span> <span class='ocrx_word' id='word_1_194' title='bbox 511 1748 775 1789; x_wconf 85' lang='lat' dir='ltr'>liberatorem</span> <span class='ocrx_word' id='word_1_195' title='bbox 811 1750 1011 1804; x_wconf 82' lang='lat' dir='ltr'>populum</span> <span class='ocrx_word' id='word_1_196' title='bbox 1052 1750 1299 1790; x_wconf 86' lang='lat' dir='ltr'>defecturas.</span> <span class='ocrx_word' id='word_1_197' title='bbox 1362 1749 1396 1789; x_wconf 88' lang='lat' dir='ltr'>si</span> <span class='ocrx_word' id='word_1_198' title='bbox 1432 1764 1516 1790; x_wconf 90' lang='lat' dir='ltr'>non</span> 
     </span>
     <span class='ocr_line' id='line_1_27' title="bbox 157 1810 1516 1866; baseline 0.001 -16"><span class='ocrx_word' id='word_1_199' title='bbox 157 1810 325 1851; x_wconf 87' lang='lat' dir='ltr'>libertas</span> <span class='ocrx_word' id='word_1_200' title='bbox 359 1810 557 1851; x_wconf 73' lang='lat' dir='ltr'>servitute</span> <span class='ocrx_word' id='word_1_201' title='bbox 588 1811 723 1864; x_wconf 88' lang='lat' dir='ltr'>potior</span> <span class='ocrx_word' id='word_1_202' title='bbox 758 1811 828 1860; x_wconf 88' lang='lat' dir='ltr'>sit,</span> <span class='ocrx_word' id='word_1_203' title='bbox 862 1820 999 1851; x_wconf 86' lang='lat' dir='ltr'>tamen</span> <span class='ocrx_word' id='word_1_204' title='bbox 1027 1811 1137 1851; x_wconf 91' lang='lat' dir='ltr'>omni</span> <span class='ocrx_word' id='word_1_205' title='bbox 1171 1811 1379 1866; x_wconf 84' lang='lat' dir='ltr'>praesenti</span> <span class='ocrx_word' id='word_1_206' title='bbox 1407 1819 1516 1852; x_wconf 86' lang='lat' dir='ltr'>statu</span> 
     </span>
     <span class='ocr_line' id='line_1_28' title="bbox 158 1873 1336 1928; baseline 0 -14"><span class='ocrx_word' id='word_1_207' title='bbox 158 1888 275 1928; x_wconf 89' lang='lat' dir='ltr'>spem</span> <span class='ocrx_word' id='word_1_208' title='bbox 301 1873 498 1926; x_wconf 86' lang='lat' dir='ltr'>cuiusque</span> <span class='ocrx_word' id='word_1_209' title='bbox 524 1874 705 1914; x_wconf 75' lang='lat' dir='ltr'>novandi</span> <span class='ocrx_word' id='word_1_210' title='bbox 730 1889 795 1914; x_wconf 89' lang='lat' dir='ltr'>res</span> <span class='ocrx_word' id='word_1_211' title='bbox 824 1889 920 1914; x_wconf 87' lang='lat' dir='ltr'>suas</span> <span class='ocrx_word' id='word_1_212' title='bbox 948 1874 1206 1915; x_wconf 85' lang='lat' dir='ltr'>blandiorem</span> <span class='ocrx_word' id='word_1_213' title='bbox 1232 1889 1336 1915; x_wconf 88' lang='lat' dir='ltr'>esse.</span> 
     </span>
     <span class='ocr_line' id='line_1_29' title="bbox 242 1935 1515 1991; baseline 0.002 -16"><span class='ocrx_word' id='word_1_214' title='bbox 242 1935 416 1977; x_wconf 81' lang='lat' dir='ltr'><strong>XVIII.</strong></span> <span class='ocrx_word' id='word_1_215' title='bbox 454 1936 696 1976; x_wconf 74' lang='lat' dir='ltr'>Alexander</span> <span class='ocrx_word' id='word_1_216' title='bbox 717 1937 912 1976; x_wconf 77' lang='lat' dir='ltr'>Acarnan</span> <span class='ocrx_word' id='word_1_217' title='bbox 938 1936 979 1976; x_wconf 89' lang='lat' dir='ltr'>in</span> <span class='ocrx_word' id='word_1_218' title='bbox 1002 1936 1172 1977; x_wconf 84' lang='lat' dir='ltr'>consilio</span> <span class='ocrx_word' id='word_1_219' title='bbox 1194 1943 1293 1985; x_wconf 84' lang='lat' dir='ltr'>erat,</span> <span class='ocrx_word' id='word_1_220' title='bbox 1319 1936 1515 1991; x_wconf 82' lang='lat' dir='ltr'>Philippo</span> 
     </span>
     <span class='ocr_line' id='line_1_30' title="bbox 158 1997 1516 2053; baseline -0.001 -15"><span class='ocrx_word' id='word_1_221' title='bbox 158 1997 367 2051; x_wconf 88' lang='lat' dir='ltr'>quondam</span> <span class='ocrx_word' id='word_1_222' title='bbox 394 1997 569 2047; x_wconf 87' lang='lat' dir='ltr'>amicus,</span> <span class='ocrx_word' id='word_1_223' title='bbox 602 2013 734 2053; x_wconf 88' lang='lat' dir='ltr'>nuper</span> <span class='ocrx_word' id='word_1_224' title='bbox 764 1999 906 2039; x_wconf 87' lang='lat' dir='ltr'>relicto</span> <span class='ocrx_word' id='word_1_225' title='bbox 941 2013 988 2039; x_wconf 93' lang='lat' dir='ltr'>eo</span> <span class='ocrx_word' id='word_1_226' title='bbox 1016 2006 1182 2039; x_wconf 88' lang='lat' dir='ltr'>secutus</span> <span class='ocrx_word' id='word_1_227' title='bbox 1216 1998 1516 2052; x_wconf 88' lang='lat' dir='ltr'>opulentiorem</span> 
     </span>
     <span class='ocr_line' id='line_1_31' title="bbox 156 2060 1516 2116; baseline 0 -16"><span class='ocrx_word' id='word_1_228' title='bbox 156 2060 316 2114; x_wconf 80' lang='lat' dir='ltr'>regiain</span> <span class='ocrx_word' id='word_1_229' title='bbox 340 2060 553 2109; x_wconf 81' lang='lat' dir='ltr'>Antiochi,</span> <span class='ocrx_word' id='word_1_230' title='bbox 581 2068 621 2101; x_wconf 90' lang='lat' dir='ltr'>et</span> <span class='ocrx_word' id='word_1_231' title='bbox 647 2070 857 2114; x_wconf 84' lang='lat' dir='ltr'>tamquam</span> <span class='ocrx_word' id='word_1_232' title='bbox 882 2061 1038 2116; x_wconf 87' lang='lat' dir='ltr'>peritus</span> <span class='ocrx_word' id='word_1_233' title='bbox 1068 2060 1270 2102; x_wconf 86' lang='lat' dir='ltr'>Graeciae</span> <span class='ocrx_word' id='word_1_234' title='bbox 1296 2075 1373 2101; x_wconf 89' lang='lat' dir='ltr'>nec</span> <span class='ocrx_word' id='word_1_235' title='bbox 1398 2061 1516 2115; x_wconf 85' lang='lat' dir='ltr'>igna-</span> 
     </span>
     <span class='ocr_line' id='line_1_32' title="bbox 157 2122 1517 2177; baseline 0.001 -16"><span class='ocrx_word' id='word_1_236' title='bbox 157 2137 227 2162; x_wconf 88' lang='lat' dir='ltr'>rus</span> <span class='ocrx_word' id='word_1_237' title='bbox 241 2122 544 2171; x_wconf 84' lang='lat' dir='ltr'>Romanorum,</span> <span class='ocrx_word' id='word_1_238' title='bbox 578 2122 620 2162; x_wconf 88' lang='lat' dir='ltr'>in</span> <span class='ocrx_word' id='word_1_239' title='bbox 646 2138 740 2163; x_wconf 88' lang='lat' dir='ltr'>eum</span> <span class='ocrx_word' id='word_1_240' title='bbox 765 2123 941 2177; x_wconf 82' lang='lat' dir='ltr'>gradum</span> <span class='ocrx_word' id='word_1_241' title='bbox 967 2122 1169 2163; x_wconf 88' lang='lat' dir='ltr'>amicitiae</span> <span class='ocrx_word' id='word_1_242' title='bbox 1194 2122 1323 2177; x_wconf 87' lang='lat' dir='ltr'>regis,</span> <span class='ocrx_word' id='word_1_243' title='bbox 1349 2130 1394 2162; x_wconf 86' lang='lat' dir='ltr'>ut</span> <span class='ocrx_word' id='word_1_244' title='bbox 1420 2136 1517 2163; x_wconf 91' lang='lat' dir='ltr'>con-</span> 
     </span>
     <span class='ocr_line' id='line_1_33' title="bbox 160 2183 1515 2239; baseline 0 -16"><span class='ocrx_word' id='word_1_245' title='bbox 160 2183 259 2223; x_wconf 86' lang='lat' dir='ltr'>siliis</span> <span class='ocrx_word' id='word_1_246' title='bbox 287 2197 449 2236; x_wconf 82' lang='lat' dir='ltr'>quoque</span> <span class='ocrx_word' id='word_1_247' title='bbox 481 2184 641 2224; x_wconf 83' lang='lat' dir='ltr'>arcanis</span> <span class='ocrx_word' id='word_1_248' title='bbox 673 2184 912 2233; x_wconf 89' lang='lat' dir='ltr'>interesset,</span> <span class='ocrx_word' id='word_1_249' title='bbox 941 2191 1134 2239; x_wconf 86' lang='lat' dir='ltr'>aceeptus</span> <span class='ocrx_word' id='word_1_250' title='bbox 1161 2194 1261 2225; x_wconf 80' lang='lat' dir='ltr'>erat,</span> <span class='ocrx_word' id='word_1_251' title='bbox 1322 2184 1377 2234; x_wconf 83' lang='lat' dir='ltr'>iS,</span> <span class='ocrx_word' id='word_1_252' title='bbox 1410 2193 1515 2225; x_wconf 86' lang='lat' dir='ltr'>tam-</span> 
     </span>
     <span class='ocr_line' id='line_1_34' title="bbox 160 2246 1516 2297; baseline 0.001 -13"><span class='ocrx_word' id='word_1_253' title='bbox 160 2259 284 2297; x_wconf 86' lang='lat' dir='ltr'>quam</span> <span class='ocrx_word' id='word_1_254' title='bbox 309 2260 392 2285; x_wconf 87' lang='lat' dir='ltr'>non</span> <span class='ocrx_word' id='word_1_255' title='bbox 411 2252 549 2285; x_wconf 88' lang='lat' dir='ltr'>utrum</span> <span class='ocrx_word' id='word_1_256' title='bbox 572 2246 813 2286; x_wconf 88' lang='lat' dir='ltr'>bellandum</span> <span class='ocrx_word' id='word_1_257' title='bbox 834 2254 942 2287; x_wconf 88' lang='lat' dir='ltr'>esset</span> <span class='ocrx_word' id='word_1_258' title='bbox 966 2261 1095 2287; x_wconf 89' lang='lat' dir='ltr'>necne</span> <span class='ocrx_word' id='word_1_259' title='bbox 1118 2246 1414 2295; x_wconf 84' lang='lat' dir='ltr'>consuleretur,</span> <span class='ocrx_word' id='word_1_260' title='bbox 1443 2247 1516 2287; x_wconf 91' lang='lat' dir='ltr'>sed</span> 
     </span>
     <span class='ocr_line' id='line_1_35' title="bbox 160 2307 1517 2362; baseline 0.002 -16"><span class='ocrx_word' id='word_1_261' title='bbox 160 2307 231 2347; x_wconf 89' lang='lat' dir='ltr'>ubi</span> <span class='ocrx_word' id='word_1_262' title='bbox 263 2314 302 2347; x_wconf 87' lang='lat' dir='ltr'>ct</span> <span class='ocrx_word' id='word_1_263' title='bbox 333 2321 414 2360; x_wconf 83' lang='lat' dir='ltr'>qua</span> <span class='ocrx_word' id='word_1_264' title='bbox 443 2308 602 2348; x_wconf 86' lang='lat' dir='ltr'>ratione</span> <span class='ocrx_word' id='word_1_265' title='bbox 634 2309 789 2349; x_wconf 89' lang='lat' dir='ltr'>bellum</span> <span class='ocrx_word' id='word_1_266' title='bbox 820 2318 1051 2362; x_wconf 82' lang='lat' dir='ltr'>gereretur,</span> <span class='ocrx_word' id='word_1_267' title='bbox 1093 2309 1308 2349; x_wconf 77' lang='lat' dir='ltr'>victoriam</span> <span class='ocrx_word' id='word_1_268' title='bbox 1341 2324 1384 2349; x_wconf 92' lang='lat' dir='ltr'>se</span> <span class='ocrx_word' id='word_1_269' title='bbox 1416 2308 1517 2349; x_wconf 86' lang='lat' dir='ltr'>haut</span> 
     </span>
     <span class='ocr_line' id='line_1_36' title="bbox 161 2368 1516 2425; baseline 0.002 -18"><span class='ocrx_word' id='word_1_270' title='bbox 161 2368 329 2408; x_wconf 89' lang='lat' dir='ltr'>dubiam</span> <span class='ocrx_word' id='word_1_271' title='bbox 346 2384 575 2423; x_wconf 90' lang='lat' dir='ltr'>proponere</span> <span class='ocrx_word' id='word_1_272' title='bbox 597 2370 733 2410; x_wconf 88' lang='lat' dir='ltr'>animo</span> <span class='ocrx_word' id='word_1_273' title='bbox 753 2370 1010 2418; x_wconf 86' lang='lat' dir='ltr'>adfirmabat,</span> <span class='ocrx_word' id='word_1_274' title='bbox 1033 2370 1067 2410; x_wconf 87' lang='lat' dir='ltr'>si</span> <span class='ocrx_word' id='word_1_275' title='bbox 1088 2371 1131 2411; x_wconf 90' lang='lat' dir='ltr'>in</span> <span class='ocrx_word' id='word_1_276' title='bbox 1150 2371 1364 2425; x_wconf 84' lang='lat' dir='ltr'>Europam</span> <span class='ocrx_word' id='word_1_277' title='bbox 1383 2378 1516 2411; x_wconf 89' lang='lat' dir='ltr'>trans-</span> 
     </span>
     <span class='ocr_line' id='line_1_37' title="bbox 160 2430 1513 2487; baseline 0.002 -17"><span class='ocrx_word' id='word_1_278' title='bbox 160 2430 263 2471; x_wconf 89' lang='lat' dir='ltr'>isset</span> <span class='ocrx_word' id='word_1_279' title='bbox 286 2446 358 2470; x_wconf 89' lang='lat' dir='ltr'>rex</span> <span class='ocrx_word' id='word_1_280' title='bbox 381 2439 418 2471; x_wconf 88' lang='lat' dir='ltr'>et</span> <span class='ocrx_word' id='word_1_281' title='bbox 438 2431 480 2471; x_wconf 89' lang='lat' dir='ltr'>in</span> <span class='ocrx_word' id='word_1_282' title='bbox 500 2431 636 2484; x_wconf 82' lang='lat' dir='ltr'>aliqua</span> <span class='ocrx_word' id='word_1_283' title='bbox 657 2431 858 2472; x_wconf 86' lang='lat' dir='ltr'>Graeciae</span> <span class='ocrx_word' id='word_1_284' title='bbox 877 2440 993 2486; x_wconf 80' lang='lat' dir='ltr'>parte</span> <span class='ocrx_word' id='word_1_285' title='bbox 1016 2433 1157 2473; x_wconf 90' lang='lat' dir='ltr'>sedem</span> <span class='ocrx_word' id='word_1_286' title='bbox 1184 2433 1293 2474; x_wconf 88' lang='lat' dir='ltr'>bello</span> <span class='ocrx_word' id='word_1_287' title='bbox 1315 2433 1513 2487; x_wconf 86' lang='lat' dir='ltr'>cepisset:</span> 
     </span>
     <span class='ocr_line' id='line_1_38' title="bbox 161 2492 1513 2547; baseline 0.003 -15"><span class='ocrx_word' id='word_1_288' title='bbox 161 2492 242 2533; x_wconf 84' lang='lat' dir='ltr'>iam</span> <span class='ocrx_word' id='word_1_289' title='bbox 266 2493 446 2547; x_wconf 90' lang='lat' dir='ltr'>primum</span> <span class='ocrx_word' id='word_1_290' title='bbox 466 2494 656 2542; x_wconf 83' lang='lat' dir='ltr'>Aetolos,</span> <span class='ocrx_word' id='word_1_291' title='bbox 685 2494 754 2547; x_wconf 86' lang='lat' dir='ltr'>qui</span> <span class='ocrx_word' id='word_1_292' title='bbox 780 2494 1019 2534; x_wconf 85' lang='lat' dir='ltr'>umbilicum</span> <span class='ocrx_word' id='word_1_293' title='bbox 1047 2494 1249 2535; x_wconf 88' lang='lat' dir='ltr'>Graeciae</span> <span class='ocrx_word' id='word_1_294' title='bbox 1274 2496 1513 2545; x_wconf 87' lang='lat' dir='ltr'>incolerent,</span> 
     </span>
     <span class='ocr_line' id='line_1_39' title="bbox 162 2554 1516 2613; baseline 0.003 -19"><span class='ocrx_word' id='word_1_295' title='bbox 162 2556 202 2595; x_wconf 83' lang='lat' dir='ltr'>in</span> <span class='ocrx_word' id='word_1_296' title='bbox 239 2554 363 2596; x_wconf 86' lang='lat' dir='ltr'>armis</span> <span class='ocrx_word' id='word_1_297' title='bbox 401 2570 495 2596; x_wconf 90' lang='lat' dir='ltr'>eum</span> <span class='ocrx_word' id='word_1_298' title='bbox 530 2556 814 2605; x_wconf 86' lang='lat' dir='ltr'>inventurum,</span> <span class='ocrx_word' id='word_1_299' title='bbox 860 2557 1154 2611; x_wconf 83' lang='lat' dir='ltr'>antesignanos</span> <span class='ocrx_word' id='word_1_300' title='bbox 1194 2558 1246 2598; x_wconf 86' lang='lat' dir='ltr'>ad</span> <span class='ocrx_word' id='word_1_301' title='bbox 1290 2557 1516 2613; x_wconf 85' lang='lat' dir='ltr'>asperrima</span> 
     </span>
     <span class='ocr_line' id='line_1_40' title="bbox 163 2617 1515 2674; baseline 0.003 -17"><span class='ocrx_word' id='word_1_302' title='bbox 163 2632 350 2670; x_wconf 82' lang='lat' dir='ltr'>quaeque</span> <span class='ocrx_word' id='word_1_303' title='bbox 388 2617 484 2658; x_wconf 85' lang='lat' dir='ltr'>belli</span> <span class='ocrx_word' id='word_1_304' title='bbox 516 2627 696 2674; x_wconf 87' lang='lat' dir='ltr'>paratos.</span> <span class='ocrx_word' id='word_1_305' title='bbox 756 2619 798 2659; x_wconf 91' lang='lat' dir='ltr'>in</span> <span class='ocrx_word' id='word_1_306' title='bbox 825 2619 986 2660; x_wconf 86' lang='lat' dir='ltr'>duobus</span> <span class='ocrx_word' id='word_1_307' title='bbox 1018 2619 1131 2660; x_wconf 77' lang='lat' dir='ltr'>velut</span> <span class='ocrx_word' id='word_1_308' title='bbox 1162 2620 1354 2661; x_wconf 90' lang='lat' dir='ltr'>cornibus</span> <span class='ocrx_word' id='word_1_309' title='bbox 1383 2619 1515 2662; x_wconf 88' lang='lat' dir='ltr'>Grae-</span> 
     </span>
    </p>
   </div>
   <div class='ocr_carea' id='block_1_5' title="bbox 1539 1642 1558 1669">
    <p class='ocr_par' dir='ltr' id='par_1_7' title="bbox 1539 1642 1558 1669">
     <span class='ocr_line' id='line_1_41' title="bbox 1539 1642 1558 1669; textangle 90"><span class='ocrx_word' id='word_1_310' title='bbox 1539 1642 1558 1669; x_wconf 67' lang='lat' dir='ltr'>OC</span> 
     </span>
    </p>
   </div>
   <div class='ocr_carea' id='block_1_6' title="bbox 1542 2072 1560 2101">
    <p class='ocr_par' dir='ltr' id='par_1_8' title="bbox 1542 2072 1560 2101">
     <span class='ocr_line' id='line_1_42' title="bbox 1542 2072 1560 2101; textangle 90"><span class='ocrx_word' id='word_1_311' title='bbox 1542 2072 1560 2101; x_wconf 69' lang='grc' dir='ltr'>Ν)</span> 
     </span>
    </p>
   </div>
   <div class='ocr_carea' id='block_1_7' title="bbox 1541 2509 1560 2536">
    <p class='ocr_par' dir='ltr' id='par_1_9' title="bbox 1541 2509 1560 2536">
     <span class='ocr_line' id='line_1_43' title="bbox 1541 2509 1560 2536; baseline 0 0"><span class='ocrx_word' id='word_1_312' title='bbox 1541 2509 1560 2536; x_wconf 75' lang='lat'>4</span> 
     </span>
    </p>
   </div>
   <div class='ocr_carea' id='block_1_8' title="bbox 1541 2635 1559 2663">
    <p class='ocr_par' dir='ltr' id='par_1_10' title="bbox 1541 2635 1559 2663">
     <span class='ocr_line' id='line_1_44' title="bbox 1541 2635 1559 2663; baseline 0 0"><span class='ocrx_word' id='word_1_313' title='bbox 1541 2635 1559 2663; x_wconf 74' lang='grc' dir='ltr'><strong>ὁ</strong></span> 
     </span>
    </p>
   </div>
  </div>
 </body>
</html>
