1799 2900
252 183 307 224 48
548 188 701 222 LIBER
727 188 898 232 xxxii,
925 188 1037 222 3—5.
1067 191 1114 232 [a.
1130 200 1164 223 u.
1181 200 1210 224 e.
1225 189 1307 232 555]

252 294 376 335 armis
420 293 462 333 in
500 291 655 340 Sicilia,
679 291 840 339 Africa,
862 291 1131 342 Macedonia3
1181 293 1392 333 confectos
1437 293 1518 334 iam
1562 308 1606 335 se

250 358 411 403 labore,
460 369 604 409 opere,
655 369 868 409 exangues
906 361 967 395 tot
1004 355 1184 410 acceptis
1222 355 1461 397 vulneribus
1500 371 1606 397 esse.

207 433 225 461 6
254 419 395 460 consul
423 432 590 457 causam
616 417 891 471 postulandae
916 417 1125 459 missionis
1151 419 1426 472 probabilem,
1460 419 1494 459 si
1520 435 1608 460 mo-

253 482 368 521 deste
394 487 614 534 peteretur,
642 479 772 520 videri
793 480 914 521 dixit:
941 480 1155 521 seditionis
1176 495 1253 521 nec
1274 496 1364 522 cam
1385 496 1461 523 nec
1480 482 1607 522 ullam

208 556 223 584 7
251 542 373 582 aliam
411 541 510 581 satis
547 541 700 581 iustam
738 555 907 582 causam
944 557 1049 583 esse.
1109 542 1248 595 itaque
1286 543 1320 583 si
1356 559 1522 585 manere
1555 544 1607 584 ad

252 604 371 657 signa
407 610 447 643 et
484 602 594 643 dicto
630 618 775 657 parcre
813 603 958 653 velint,
998 618 1041 644 se
1074 604 1124 644 de
1154 604 1350 646 missione
1383 621 1523 647 eorum
1555 605 1608 646 ad

251 672 441 706 senatum
480 664 740 719 scripturum.
800 665 1004 707 modestia
1034 666 1196 707 facilius
1229 681 1351 720 quam
1381 668 1608 722 pertinacia

250 729 361 782 quod
387 728 514 769 velint
538 728 843 782 impetraturos.

207 803 221 831 1
334 792 439 831 1111.
500 790 764 831 Thaumacos
803 806 851 831 eo
889 798 1073 845 tempore
1109 790 1330 845 Philippus
1369 806 1530 832 summa
1567 791 1607 832 vi

250 853 521 908 obpugnabat
553 852 776 907 aggeribus
809 852 1042 905 vineisque,
1080 859 1120 892 et
1158 852 1240 892 iam
1278 852 1447 892 arietem
1478 853 1607 894 muris

251 915 492 956 admoturus
525 922 624 955 erat.
687 922 869 955 ceterum
905 914 1070 968 incepto
1102 914 1304 955 absistere
1341 929 1435 954 eum
1473 915 1608 969 coegit

251 977 411 1018 subitus
438 977 684 1017 Aetolorum
717 977 939 1025 adventus,
979 976 1048 1029 qui
1078 976 1335 1017 Archidamo
1367 976 1470 1016 duce
1503 976 1609 1016 inter

251 1038 459 1080 custodias
486 1038 768 1079 Macedonum
794 1038 959 1080 moenia
984 1038 1163 1093 ingressi
1194 1053 1270 1079 nec
1294 1045 1415 1079 nocte
1442 1053 1517 1079 nec
1543 1037 1608 1078 die

250 1101 375 1141 finem
400 1101 529 1140 ullum
555 1102 798 1155 erumpendi
824 1116 933 1141 nunc
960 1101 1000 1141 in
1026 1101 1244 1150 stationes,
1282 1115 1392 1141 nunc
1416 1101 1457 1141 in
1484 1115 1609 1155 opera

251 1163 533 1203 Macedonum
560 1161 779 1203 faciebant.
819 1170 859 1203 et
885 1163 1106 1203 adiuvabat
1133 1178 1203 1203 eos
1230 1170 1377 1203 natura
1401 1162 1494 1216 ipsa
1515 1161 1607 1203 loci.

207 1236 225 1265 3
252 1238 430 1277 namque
456 1224 687 1264 Thaumaci
713 1240 737 1265 a
760 1225 877 1278 Pylis
906 1225 1080 1277 sinuque
1106 1225 1289 1265 hlaliaco
1315 1240 1388 1278 per
1413 1224 1607 1264 Lamiam

252 1286 365 1327 eunti
389 1287 479 1327 loco
501 1286 582 1326 alto
605 1286 671 1326 siti
697 1294 810 1334 sunt,
843 1286 944 1340 ipsis
971 1287 1160 1326 faucibus
1188 1286 1456 1335 inminentes,
1483 1300 1607 1339 quam

208 1361 228 1389 4
256 1347 412 1389 Coelen
439 1356 588 1388 vocant
608 1348 820 1396 Thessali3
847 1358 968 1401 atque
995 1348 1223 1388 transeunti
1244 1348 1492 1401 confragosa
1518 1347 1608 1387 loca

252 1411 551 1465 inplicatasque
583 1410 759 1451 flexibus
792 1410 962 1450 vallium
995 1410 1081 1450 vias
1114 1410 1185 1449 ubi
1217 1417 1386 1450 ventum
1419 1409 1471 1449 ad
1501 1409 1608 1449 hanc

251 1474 398 1514 urbem
424 1480 487 1513 cst
516 1480 685 1527 repente
717 1472 829 1512 velut,
859 1472 984 1512 maris
1017 1475 1123 1511 vasti
1152 1471 1210 1511 sic
1235 1471 1429 1511 universa
1460 1471 1606 1525 pandi-

253 1541 318 1574 tur
343 1534 555 1590 planities,
588 1544 632 1573 ut
659 1533 867 1574 subiectos
895 1548 1062 1587 campos
1090 1532 1310 1573 terminare
1339 1532 1469 1572 oculis
1495 1533 1607 1572 haud

207 1610 226 1638 5
253 1597 374 1637 facile
406 1612 547 1649 queas.
608 1595 660 1635 ab
692 1610 740 1635 eo
769 1595 967 1636 miraculo
999 1594 1229 1634 Thaumaci
1262 1594 1470 1649 adpellati.
1531 1608 1608 1635 nec

254 1658 467 1699 altitudine
500 1658 634 1698 solum
666 1664 754 1697 tuta
784 1658 901 1705 urbs,
940 1656 1013 1696 sed
1040 1656 1150 1709 quod
1180 1671 1280 1697 saxo
1306 1656 1487 1709 undique
1513 1657 1608 1697 abs-

209 1732 226 1761 6
253 1721 339 1760 ciso
381 1720 553 1774 rupibus
597 1719 777 1773 inposita
824 1726 901 1759 est.
979 1718 1056 1759 hae
1107 1718 1371 1759 difficultates
1413 1726 1456 1758 et
1499 1718 1608 1771 quod
1654 1772 1657 1773 ⁷

252 1782 364 1822 haud
391 1781 490 1821 satis
518 1781 690 1835 dignum
718 1780 821 1821 tanti
846 1780 998 1821 laboris
1026 1780 1278 1835 periculique
1304 1780 1482 1834 pretium
1508 1786 1607 1828 crat,

210 1857 226 1885 7
254 1851 298 1884 ut
324 1843 543 1884 absisteret
567 1843 732 1897 incepto
757 1842 978 1896 Philippus
1006 1842 1245 1883 effecerunt.
1285 1841 1417 1882 hiems
1444 1856 1607 1895 quoque

252 1906 334 1946 iam
365 1905 563 1953 instabat,
603 1919 695 1945 cum
727 1905 822 1945 inde
855 1904 1059 1945 abscessit
1093 1911 1133 1945 ct
1163 1904 1205 1944 in
1234 1904 1529 1945 hlaccdoniam
1565 1904 1607 1944 in

252 1968 424 2009 hiberna
450 1968 590 2023 copias
616 1967 792 2008 reduxit.

211 2044 223 2072 1
336 2032 391 2073 V.
440 2030 504 2071 Ibi
531 2030 655 2070 ceteri
681 2029 849 2083 quidem
875 2029 971 2069 data
996 2028 1315 2082 quanticumque
1342 2027 1478 2081 quiete
1505 2034 1608 2068 tem-

208 2106 225 2135 2
251 2092 363 2148 poris
403 2092 524 2133 simul
561 2092 721 2132 animos
759 2105 1014 2145 corporaque
1050 2091 1313 2139 remiserant,
1351 2089 1605 2144 Philippum,

253 2163 451 2207 quantum
489 2155 540 2195 ab
572 2153 756 2194 adsiduis
799 2153 1010 2194 laboribus
1055 2153 1249 2193 itinerum
1292 2166 1608 2207 pugnarumque

253 2216 467 2257 laxaverat
504 2216 704 2265 animum,
743 2222 856 2256 tanto
887 2216 1022 2270 magis
1059 2215 1264 2255 intentum
1295 2214 1337 2255 in
1368 2213 1608 2254 universum

255 2286 449 2319 eventum
479 2279 577 2320 belli
609 2286 933 2333 curae-angunt,
972 2294 1055 2319 non
1080 2278 1212 2319 hostis
1239 2278 1363 2318 modo
1395 2277 1608 2318 timentem

211 2354 229 2383 3
256 2340 323 2393 qui
361 2348 469 2381 terra
505 2341 690 2393 marique
727 2341 951 2395 urgebant,
990 2340 1063 2380 sed
1094 2355 1204 2380 nune
1236 2339 1459 2387 sociorum,
1498 2352 1608 2379 nunc

255 2402 378 2442 etiam
414 2403 676 2457 popularium
714 2403 893 2451 animos,
930 2417 982 2443 ne
1014 2409 1054 2442 et
1084 2402 1140 2442 illi
1172 2402 1224 2442 ad
1257 2416 1373 2456 spem
1405 2400 1607 2441 amicitiae

255 2463 539 2505 Romanorum
576 2465 799 2505 deficerent
835 2471 875 2505 et
905 2464 1164 2505 Macedonas
1202 2464 1315 2518 ipsos
1354 2462 1503 2517 cupido
1534 2477 1607 2502 no-

212 2537 231 2566 4
256 2525 380 2565 vandi
410 2541 476 2566 res
509 2534 686 2581 caperet.
746 2527 883 2579 itaque
917 2534 956 2567 et
987 2526 1029 2566 in
1054 2525 1261 2566 Achaiam
1290 2525 1450 2580 legatos
1481 2523 1605 2572 misit,

256 2585 377 2625 simul
404 2587 471 2639 qui
496 2588 558 2628 ius
585 2588 803 2628 iurandum
819 2588 943 2628 —ita
965 2588 1075 2628 enim
1103 2587 1361 2643 pepigerant,
1388 2585 1606 2640 quotannis

255 2646 458 2687 iuraturos
490 2648 531 2688 in
562 2650 690 2690 verba
712 2649 897 2704 Philippi
922 2673 978 2679 —-
1003 2650 1235 2704 exigerent,
1269 2648 1389 2689 simul
1415 2647 1485 2700 qui
1514 2646 1606 2686 red-

206 926 223 955 10
