1799 2900
223 302 261 331 15

224 425 260 454 16

223 610 259 639 17

222 733 261 763 18

223 979 261 1009 19

244 1781 262 1810 [0

242 2029 260 2059 3

243 2276 264 2305 4

246 2401 264 2429 5

292 113 371 155 128
583 119 737 153 LIBER
761 118 969 162 xxxmi,
995 119 1026 153 4.
1046 118 1079 152 5.
1107 119 1345 165 [amessa]

288 224 439 265 habere
459 238 542 263 non
560 230 735 277 possunt
757 222 985 272 habiturae,
1007 222 1041 263 si
1055 221 1207 271 liceret,
1224 222 1352 263 fuisse
1370 221 1638 264 videantur?’'

288 286 410 326 vultis
438 285 516 325 hoc
541 292 750 325 certamen
774 284 972 325 uxoribus
1000 285 1148 325 vestris
1174 285 1344 334 inicere,
1374 284 1572 336 Quirites,
1598 292 1642 326 ut

287 347 434 387 divites
456 346 496 386 id
516 346 668 386 habere
690 345 817 386 velint
831 346 941 399 quod
961 346 1073 387 nulla
1092 346 1172 386 alia
1186 346 1330 401 possit,
1350 361 1567 401 pauperes,
1589 361 1642 387 nc

287 409 339 449 ob
354 409 431 449 hoc
450 408 588 463 ipsum
607 415 935 457 contemnantur,
963 423 1088 463 supra
1106 409 1213 449 vires
1235 423 1279 449 se
1301 408 1551 449 extendant?
1575 422 1640 456 ne,

287 471 409 512 simul
435 471 589 525 pudere
611 470 722 523 quod
746 486 828 511 non
849 478 1009 525 oportet
1029 471 1222 525 eoeperit,
1250 471 1361 524 quod
1380 477 1541 525 oportet
1560 483 1642 510 non

286 532 469 587 pudebit.
507 547 612 586 quae
633 533 684 573 de
711 548 784 573 suo
806 532 955 587 poterit
975 533 1149 587 parabit,
1176 547 1281 585 quae
1301 547 1383 572 11011
1408 532 1559 586 poterit
1583 532 1643 572 vi-

285 610 377 634 rum
402 595 578 649 rogabit.
638 595 836 635 miserum
857 594 971 634 illum
991 594 1137 642 virum,
1160 594 1282 647 etqui
1305 601 1496 634 exoratus
1518 593 1643 647 etqui

286 672 369 696 non
395 664 585 697 exoratus
619 656 713 705 erit,
752 671 846 696 011111
872 657 982 709 quod
1013 656 1102 710 ipse
1128 672 1211 697 non
1236 656 1395 697 dederit
1420 656 1563 697 datum
1589 656 1643 696 ab

288 718 368 759 alio
395 719 563 760 videbit.
623 733 734 759 1111110
760 719 886 773 vulgo
920 719 1075 759 alienos
1109 718 1218 758 viros
1250 728 1399 772 rogant
1435 725 1494 766 et,
1532 718 1644 771 quod

287 780 419 820 maius
458 788 538 829 est,
582 780 720 834 legem
757 787 798 821 et
836 780 1036 834 suffragia
1071 786 1218 834 rogant
1257 787 1298 819 et
1334 794 1357 819 a
1395 780 1644 831 quibusdam

288 841 520 896 impetrant.
547 842 747 883 adversus
774 848 813 882 te
834 849 875 882 et
899 857 986 882 rem
1011 850 1125 882 tuam
1145 849 1184 882 et
1208 841 1360 882 liberos
1387 849 1479 882 tuos
1501 856 1645 882 exora-

288 904 381 944 bilis
408 918 472 953 es3
500 904 623 944 simul
648 904 716 944 lex
742 904 912 944 modum
945 904 1179 958 sumptibus
1211 903 1350 943 uxoris
1382 910 1477 943 tuae
1507 903 1644 944 facere

289 965 476 1014 desierit,
516 974 559 1006 tu
590 980 817 1020 numquam
850 966 992 1007 facies.
1053 965 1180 1006 nolite
1212 965 1358 1005 eodem
1388 965 1479 1006 loco
1504 964 1645 1006 existi-

287 1043 400 1069 mare
426 1029 608 1069 futuram
633 1044 739 1077 rem,
772 1044 853 1082 quo
886 1028 962 1068 fuit
989 1036 1211 1081 antequam
1241 1028 1309 1068 lex
1336 1028 1386 1068 de
1412 1027 1490 1069 hoc
1515 1027 1644 1068 ferre-

289 1097 366 1130 tur.
413 1098 453 1130 ct
478 1089 688 1130 hominem
713 1090 934 1145 inprobum
960 1105 1043 1130 11011
1068 1090 1253 1130 accusari
1279 1089 1406 1130 tutius
1434 1098 1497 1131 est
1522 1103 1644 1143 quam

288 1151 467 1200 absolvi,
501 1161 542 1192 et
572 1152 736 1192 luxuria
760 1168 843 1193 11011
869 1160 981 1193 mota
1006 1152 1259 1193 tolerabilior
1284 1160 1394 1193 esset
1421 1167 1543 1205 quam
1569 1151 1646 1192 erit

288 1228 415 1262 nune,
455 1214 555 1268 ipsis
589 1214 763 1253 vinculis
802 1214 908 1253 sieut
938 1214 1050 1254 ferae
1089 1214 1246 1253 bestiae
1283 1214 1458 1263 irritata,
1496 1213 1645 1254 deinde

289 1274 454 1316 emissa.
527 1290 605 1329 ego
642 1275 755 1316 1111110
798 1275 922 1315 1110(10
959 1275 1243 1330 abrogandam
1286 1275 1422 1330 legem
1459 1276 1644 1330 Oppiam

289 1350 458 1385 censeo,
485 1352 559 1377 vos
587 1337 697 1389 quod
722 1336 860 1376 faxitis
889 1336 988 1377 deos
1016 1337 1149 1377 01111113
1177 1338 1387 1378 fortunare
1413 1337 1564 1378 velim.9

374 1399 427 1439 V.
476 1398 581 1439 Post
613 1398 715 1439 haee
741 1398 892 1439 tribuni
926 1413 1088 1451 quoque
1113 1399 1243 1453 plebi,
1277 1399 1345 1452 qui
1372 1414 1415 1440 se
1446 1399 1644 1440 interces-

290 1474 407 1499 suros
439 1459 619 1514 professi
645 1467 780 1507 erant,
819 1474 913 1499 eum
949 1475 1081 1514 pauca
1117 1461 1160 1500 in
1190 1461 1365 1501 eandem
1397 1461 1644 1501 sententiam

289 1522 551 1571 adiecissent,
579 1530 665 1562 tum
690 1523 743 1563 L.
758 1523 950 1565 Valerius
977 1538 1050 1576 pro
1076 1523 1290 1577 rogatione
1317 1523 1368 1563 ab
1395 1537 1438 1563 se
1463 1523 1646 1577 promul-

289 1591 387 1638 gata
413 1584 469 1624 ita
494 1584 708 1624 disseruit:
736 1584 804 1624 ‘Si
828 1584 978 1638 privati
997 1584 1282 1625 tantummodo
1309 1584 1362 1624 ad
1388 1584 1646 1624 suadendum

291 1645 700 1699 dissuadendumque
720 1646 762 1686 id
782 1647 892 1698 quod
918 1646 969 1686 ab
988 1646 1108 1686 nobis
1133 1653 1304 1700 rogatur
1328 1646 1644 1700 processissent,

291 1721 369 1761 ego
396 1722 579 1760 quoque,
620 1722 712 1748 cum
739 1708 839 1747 satis
867 1707 1021 1747 dietum
1053 1723 1127 1762 pro
1159 1716 1332 1761 utraque
1362 1715 1478 1762 parte
1505 1707 1646 1749 existi-

290 1784 466 1818 marem,
504 1769 653 1810 taeitus
682 1769 883 1823 suffragia
909 1777 1047 1810 vestra
1073 1778 1380 1824 expectassem3
1418 1782 1527 1809 nune
1552 1783 1645 1809 cum

288 1830 350 1870 vir
369 1831 656 1884 gravissimus,
683 1831 827 1871 consul
840 1831 902 1871 M.
917 1831 1104 1879 Porcius,
1131 1846 1213 1872 non
1235 1831 1476 1872 auctoritate
1498 1830 1644 1879 solum,

288 1907 393 1945 quae
425 1893 551 1933 tacita
583 1893 681 1933 satis
714 1892 912 1933 momenti
945 1893 1179 1941 habuisset,
1213 1893 1286 1933 sed
1312 1893 1495 1934 oratione
1521 1892 1644 1933 etiam

287 1954 413 2009 longa
437 1962 478 1995 et
498 1955 694 1996 adcurata
718 1955 945 1995 insectatus
973 1955 1025 1995 sit
1051 1955 1309 2009 rogationem
1335 1962 1538 2003 nostram,
1572 1970 1644 1995 ne-

289 2030 453 2057 cessum
478 2024 541 2057 est
566 2017 709 2072 paucis
735 2017 1000 2071 respondere.
1050 2017 1119 2069 qui
1146 2025 1282 2057 tamen
1308 2017 1427 2071 plura
1453 2017 1579 2057 verba
1603 2016 1645 2056 in

290 2078 543 2133 castigandis
582 2078 780 2119 matronis
819 2092 943 2131 quam
973 2079 1016 2118 in
1052 2078 1267 2132 rogatione
1304 2085 1446 2119 nostra
1483 2078 1644 2119 dissua-

291 2140 427 2180 denda
453 2141 724 2195 consumpsit,
751 2148 791 2181 et
817 2140 983 2192 quidem
1014 2147 1058 2180 ut
1082 2140 1124 2180 in
1149 2140 1483 2194 dubio-poneret,
1509 2147 1646 2180 utrum

289 2202 331 2241 id
355 2203 466 2255 quod
490 2203 754 2257 reprenderet
780 2210 993 2242 matronae
1015 2217 1089 2243 sua
1114 2209 1261 2256 sponte
1287 2217 1340 2242 1111
1358 2201 1478 2242 1101)13
1505 2209 1644 2242 aucto-

288 2264 402 2305 ribus
435 2265 646 2306 fecissent.
706 2280 793 2305 rem
825 2264 1066 2313 defendam,
1104 2279 1187 2305 non
1213 2279 1309 2312 nos,
1348 2263 1390 2303 in
1415 2278 1518 2317 quos
1550 2263 1643 2304 iecit

289 2327 422 2380 magis
456 2327 533 2367 hoc
573 2327 717 2367 consul
755 2326 880 2367 verbo
912 2334 1032 2366 tenus
1065 2340 1189 2378 quam
1219 2333 1265 2366 ut
1298 2340 1341 2366 re
1372 2325 1642 2366 insimularet.

290 2396 453 2428 coetum
479 2396 519 2429 et
544 2388 787 2429 seditionem
811 2395 851 2428 et
875 2387 1081 2428 interdum
1103 2387 1382 2428 secessionem
1401 2386 1645 2427 muliebrem

292 2449 516 2503 adpellax'it
550 2451 661 2503 quod
697 2457 909 2490 matronae
941 2449 983 2489 in
1022 2449 1187 2504 publico
1223 2464 1297 2489 vos
1328 2455 1566 2503 rogassent,
1601 2454 1645 2487 ut

291 2508 427 2563 legem
458 2511 500 2551 iu
527 2526 570 2552 sc
603 2512 727 2552 latam
759 2526 832 2566 per
862 2511 1018 2551 bellum
1054 2510 1308 2565 temporibus
1335 2509 1447 2550 duris
1473 2510 1514 2549 in
1542 2522 1645 2563 pace

249 2581 267 2612 6
294 2577 333 2611 et
358 2571 518 2612 florenti
544 2587 592 2613 ae
616 2574 738 2613 beata
762 2588 805 2613 re
830 2572 996 2627 publica
1021 2572 1290 2626 abrogaretis.
1328 2571 1453 2612 verba
1478 2585 1642 2624 magna,
