1799 2900
214 263 232 283 ε)

215 284 232 292 ιι

214 326 232 355 3

213 510 231 537 4

213 633 232 662 5

260 135 340 177 192
550 142 703 177 LIBER
727 142 892 188 xxxv,
919 143 1041 178 2122.
1069 145 1166 188 [ω.
1183 144 1309 189 (1562]

342 246 594 299 Priusquam
637 246 781 287 consul
823 253 1116 301 praetoresque
1158 249 1201 289 in
1242 248 1476 304 provincias
1519 264 1614 305 pro-

258 309 558 357 ficiscerentur,
585 308 831 363 supplicatio
857 309 935 349 fuit
961 310 1243 364 prodigiorum
1270 325 1408 352 causa.
1447 326 1614 367 capram

259 387 331 412 scx
358 371 513 411 haedos
540 387 622 411 uno
648 372 736 412 fetu
761 372 941 413 edidisse
968 388 1018 413 ex
1032 373 1188 414 Piceno
1214 375 1446 415 nuntiatum
1473 382 1548 423 est,
1575 382 1616 415 et

258 432 397 473 Arrcti
413 448 585 487 puerum
601 441 743 474 natum
757 434 1012 483 unimanum,
1030 435 1236 476 Amiterni
1251 444 1399 477 terrain
1415 437 1613 491 pluvisse,

258 496 421 535 Formis
443 503 606 549 portam
625 510 870 549 murumque
886 497 935 537 de
952 497 1066 538 caelo
1081 506 1203 547 tacta,
1230 506 1283 547 et,
1305 499 1415 551 quod
1436 499 1614 540 maxime

259 557 458 606 terrebat,
502 557 683 599 consulis
723 557 802 599 Cn.
842 558 1002 599 Domiti
1040 559 1191 600 bovem
1226 559 1408 601 locutum
1447 561 1614 610 ‘Roma,

259 634 358 660 cave
397 620 495 661 tibi?
570 629 801 661 ceterorum
845 622 1129 676 prodigiorum
1172 637 1297 666 causa
1339 623 1615 677 supplicatum

258 688 340 731 cst3
366 682 517 722 bovem
544 696 638 722 cum
660 696 758 723 cura
784 683 940 723 servari
967 683 1101 736 alique
1128 683 1368 737 haruspices
1394 685 1614 726 iusserunt.

257 743 421 784 Tiberis
454 744 666 785 infestiore
698 759 823 797 quam
858 745 994 799 priore
1025 745 1168 799 inpetu
1205 745 1357 785 inlatus
1389 746 1481 785 urbi
1512 746 1615 787 duos

257 806 410 861 pontis,
426 807 613 847 aedificia
627 807 768 856 multa,
790 808 969 847 maxime
986 807 1094 848 circa
1106 808 1428 848 Flumentanam
1441 816 1615 861 portam,

259 869 418 909 evertit..
460 885 607 909 saxum
626 869 788 924 ingens,
806 870 892 910 sive
913 869 1114 910 imbribus
1135 885 1209 910 seu
1228 877 1343 910 motu
1363 877 1495 910 terrac
1515 869 1617 911 leni-

259 946 328 972 ore
343 946 467 984 quam
482 939 526 971 ut
541 932 694 985 alioqui
709 932 942 981 sentiretur,
969 932 1266 973 labefactatum
1285 932 1329 972 in
1343 932 1479 973 vicum
1493 933 1618 987 Iuga-

208 1007 217 1014 ’
259 994 365 1033 rium
392 1009 443 1034 ex
470 992 679 1048 Capitolio
706 994 881 1049 procidit
907 1002 948 1035 et
978 995 1130 1035 multos
1158 994 1378 1049 obpressit.
1439 994 1481 1035 in
1506 994 1617 1049 agris

197 1564 236 1593 10

196 1752 230 1780 ll

217 1938 235 1967 [Ο

259 1056 415 1111 passim
435 1056 643 1097 inundatis
665 1072 798 1111 pecua
816 1057 967 1107 ablata,
988 1057 1179 1098 villamur
1201 1064 1361 1112 strages
1383 1057 1493 1098 facta
1519 1064 1594 1098 est.

343 1117 596 1171 Priusquam
628 1119 680 1159 L.
715 1118 936 1171 Quinctius
975 1119 1120 1160 consul
1156 1119 1198 1159 in
1234 1119 1490 1174 provinciam
1525 1134 1618 1174 per—

261 1179 431 1227 veniret,
459 1180 511 1231 Q.
526 1181 739 1221 BIinucius
766 1181 808 1221 in
834 1197 934 1236 agro
949 1182 1104 1222 Pisano
1126 1196 1219 1221 cum
1234 1181 1463 1235 Liguribus
1486 1181 1616 1235 signis

260 1242 432 1282 conlatis
465 1243 684 1297 pugnavit3
716 1259 864 1284 novem
896 1244 1009 1284 milia
1039 1243 1220 1284 hostium
1254 1243 1420 1291 occidit,
1459 1251 1616 1283 ceteros

261 1305 376 1345 fusos
403 1305 652 1359 fugatosque
672 1305 713 1345 in
735 1314 869 1346 castra
895 1306 1105 1360 compulit.
1156 1320 1205 1346 ea
1229 1320 1360 1358 usque
1386 1305 1428 1345 in
1453 1313 1617 1345 noctem

261 1382 413 1420 magno
439 1367 664 1408 certamine
686 1368 927 1422 obpugnata
948 1368 1203 1420 defensaque
1226 1376 1333 1408 sunt.
1371 1376 1491 1408 nocte
1513 1367 1617 1407 clam

260 1429 433 1483 profecti
460 1429 641 1484 Ligures
652 1447 661 1478 ;
701 1430 833 1485 prima
863 1429 954 1470 11100
986 1445 1117 1470 vacua
1148 1438 1284 1470 castra
1307 1429 1523 1470 Romanus
1557 1429 1618 1469 in-

260 1491 379 1532 vasit.
439 1492 618 1546 praedae
644 1492 780 1532 minus
807 1492 1021 1532 inventum
1047 1500 1123 1541 est,
1150 1492 1260 1544 quod
1287 1492 1460 1532 subinde
1487 1491 1618 1545 spolia

262 1569 456 1607 agrorum
489 1561 610 1608 capta
636 1553 781 1595 domos
814 1553 1045 1595 mittebant,
1105 1554 1318 1594 Minucius
1344 1553 1445 1593 nihil
1471 1553 1618 1594 deinde

260 1615 485 1656 laxamenti
512 1615 700 1656 hostibus
728 1616 859 1665 dedit3
887 1631 938 1656 cx
965 1632 1064 1671 agro
1078 1616 1235 1656 Pisano
1261 1615 1302 1655 in
1316 1615 1498 1670 Ligures
1524 1630 1619 1670 pro-

261 1678 394 1717 fectus
422 1677 594 1718 castella
618 1678 815 1732 vicosque
842 1693 983 1719 eorum
1014 1678 1100 1733 igni
1126 1678 1318 1730 ferroque
1351 1677 1618 1732 pervastavit.

260 1739 317 1780 ibi
353 1740 508 1794 praeda
539 1740 737 1789 Etrusca,
776 1755 881 1793 quae
912 1740 1041 1782 missa
1073 1756 1097 1781 a
1127 1740 1439 1796 populatoribus
1473 1739 1618 1787 fuerat,

259 1802 443 1858 repletus
470 1811 532 1843 est
558 1801 675 1843 miles
701 1802 931 1844 Romanus.

346 1864 503 1905 XXII.
555 1863 644 1906 Sub
676 1864 787 1906 idem
818 1873 981 1920 tempus
1014 1864 1141 1920 legati
1168 1866 1219 1905 ab
1247 1864 1415 1919 regibus
1440 1863 1619 1905 Romam

262 1933 534 1967 reverterunt.
596 1926 664 1980 qui
697 1941 791 1967 cum
816 1927 918 1968 nihil
944 1927 1055 1980 quod
1087 1927 1187 1968 satis
1219 1934 1424 1967 maturam
1451 1940 1619 1966 causam

261 1988 357 2029 belli
379 1987 551 2029 haberet
570 1988 649 2029 nisi
670 1989 871 2029 adversus
893 1988 1277 2030 Lacedaemonium
1303 1997 1523 2042 tyrannum
1548 1988 1620 2027 ad-

262 2050 466 2100 tulissent,
494 2065 617 2104 quem
642 2058 683 2092 et
695 2051 860 2092 Achaei
885 2050 1012 2105 legati
1038 2050 1284 2091 nuntiabant
1310 2058 1452 2090 contra
1472 2049 1619 2091 foedus

260 2113 511 2153 maritimam
547 2128 662 2154 oram
699 2113 919 2153 Laconum
955 2114 1218 2168 obpugnare,
1255 2112 1411 2153 Atilius
1456 2120 1621 2166 praetor

263 2189 356 2215 cum
393 2175 526 2216 classe
563 2174 716 2216 missus
754 2175 795 2215 in
822 2174 1041 2216 Graeciam
1080 2182 1144 2215 est
1179 2175 1232 2215 ad
1263 2175 1439 2215 tuendos
1472 2173 1620 2215 socios.

264 2237 476 2287 eonsules,
514 2238 679 2290 quando
716 2237 818 2278 nihil
850 2238 902 2278 ab
934 2237 1146 2279 Antiocho
1183 2237 1376 2285 instaret,
1415 2235 1621 2291 proficisci

264 2301 385 2340 ambo
411 2299 452 2339 in
477 2299 713 2354 provincias
739 2300 906 2355 placuit.
967 2300 1182 2341 Domitius
1214 2301 1266 2340 ab
1294 2299 1504 2347 Arimino,
1541 2313 1622 2351 qua

263 2362 496 2415 proximum
518 2362 606 2410 fuit,
624 2362 844 2413 Quinctius
867 2377 940 2416 per
955 2362 1137 2417 Ligures
1164 2362 1205 2401 in
1228 2362 1355 2402 Boios
1376 2360 1501 2402 venit.
1540 2361 1622 2400 duo

265 2423 480 2463 consulum
496 2424 663 2478 agmina
677 2424 842 2465 diversa
862 2425 944 2465 late
959 2440 1105 2479 agrum
1121 2424 1300 2465 hostium
1316 2429 1619 2478 pervastarunt.

263 2484 395 2537 primo
411 2486 569 2538 equites
586 2501 727 2527 eorurn
742 2487 862 2541 pauci
879 2502 972 2527 culn
987 2486 1222 2541 pi·aefccti3‚
1239 2486 1386 2527 deinde
1402 2485 1619 2525 universus

266 2554 446 2595 senatus,
471 2555 682 2601 postremo
695 2549 738 2589 in
758 2549 906 2602 quibus
929 2557 997 2589 aut
1018 2550 1184 2589 fortuna
1198 2549 1335 2601 aliqua
1349 2556 1418 2588 aut
1440 2546 1619 2601 dignitas

265 2614 364 2655 erat,
392 2608 444 2647 ad
471 2609 582 2649 mille
609 2610 822 2664 quingenti
851 2611 903 2651 ad
929 2611 1120 2652 eonsules
1147 2611 1471 2663 transfugerunt.
