1799 2900
228 147 281 189 72
472 154 623 188 LIBER
651 153 820 197 xxxn,
845 153 900 187 27.
919 154 971 188 28.
1001 154 1334 198 [a.u.e.55ss.557]

226 273 319 299 cum
344 256 533 304 redisset,
561 254 714 295 creavit
740 255 930 296 consules
953 255 1002 297 C.
1020 255 1258 297 Corneliuin
1282 257 1515 311 Cethegum
1542 266 1584 300 et

183 335 200 364 6
227 320 280 371 Q.
301 317 534 358 Minucium
559 316 728 356 Rufum.
788 317 914 357 biduo
940 325 1033 371 post
1059 326 1296 372 praetorum
1321 320 1486 359 comitia
1512 320 1583 361 ha-

226 381 321 420 bita.
379 394 452 418 sex
478 384 690 431 praetores
717 377 786 418 illo
813 393 920 419 anno
945 379 1122 433 primum
1149 381 1273 421 creati
1300 382 1582 422 crescentibus

226 443 308 482 iam
333 440 556 495 provinciis
584 448 622 480 ct
647 439 770 479 latius
796 448 1036 494 patescente
1062 442 1247 497 imperio,
1293 445 1418 484 creati
1445 453 1581 485 autem

224 503 284 543 hi:
310 503 363 542 L.
380 501 566 541 Blanlius
585 501 732 549 Volso,
761 500 810 542 C.
834 502 1105 556 Sempronius
1126 505 1373 553 Tuditanus,
1400 506 1462 546 M.
1486 507 1584 546 Scr-

224 564 317 618 gius
346 562 479 612 Silus,
512 563 574 603 M.
601 563 800 612 Helvius,
832 564 894 604 M.
920 564 1132 606 Minucius
1179 567 1315 615 Rufus,
1346 567 1400 608 L.
1427 567 1582 608 Atilius

224 650 256 653 —
289 624 562 678 Sempronius
596 633 637 664 et
667 625 845 666 Helvius
877 640 929 666 ex
959 626 1008 666 iis
1042 627 1194 668 aediles
1227 628 1360 681 plebis
1392 636 1509 669 crant
1538 654 1582 678 —,

181 700 200 729 8
227 687 388 727 curules
415 686 569 727 aediles
597 685 649 737 Q.
676 686 889 727 Minucius
916 687 1122 728 Thermus
1149 698 1188 728 ct
1215 689 1280 729 Ti.
1309 688 1582 745 Sempronius

225 749 415 801 Longus.
475 747 563 787 ludi
586 747 767 787 Romani
793 762 841 788 eo
868 763 974 789 anno
1001 758 1145 801 quater
1171 749 1400 791 instaurati.

182 825 196 852 1
310 809 533 851 XXVIII.
597 807 646 848 C.
693 808 888 850 Cornelio
932 817 973 850 et
1015 809 1068 861 Q.
1114 810 1302 851 Minucio
1346 811 1584 853 consulibus

226 871 410 911 omnium
446 870 626 925 primum
663 870 713 910 de
749 871 974 925 provinciis
1012 872 1230 912 consulum
1266 881 1584 927 praetorumque

179 946 197 975 2
226 940 375 973 aetum.
435 932 549 987 prius
577 933 626 973 de
652 932 912 987 praetoribus
940 942 1149 973 transacta
1173 948 1253 981 res,
1280 948 1385 986 quae
1412 934 1584 990 transigi

225 1002 335 1035 sorte
366 1001 541 1048 poterat.
602 995 761 1034 urbana
794 992 962 1047 Sergio,
1001 995 1221 1049 peregrina
1250 995 1477 1036 iurisdictio
1502 996 1586 1036 Mi-

223 1055 345 1095 nucio
373 1055 537 1109 obtigit3
590 1055 827 1096 Sardiniam
853 1056 1028 1104 Atilius,
1064 1054 1250 1096 Siciliam
1274 1056 1480 1107 BIanlius,
1506 1058 1586 1098 Hi-

226 1117 393 1171 spanias
429 1117 702 1171 Sempronius
742 1118 994 1166 citeriorem,
1033 1118 1210 1158 Hclvius
1249 1119 1486 1160 ulteriorem
1523 1126 1587 1160 est

182 1191 200 1219 3
227 1178 409 1218 sortitus.
471 1179 710 1219 consulibus
742 1179 907 1219 Italiam
938 1179 1314 1232 Blacedoniamque
1347 1181 1483 1221 sortiri
1512 1197 1585 1235 pa·-

224 1240 411 1280 rantibus
437 1239 490 1280 L.
519 1239 684 1294 Oppius
718 1247 757 1280 et
790 1239 842 1291 Q.
868 1241 1043 1281 Fulvius
1076 1241 1231 1280 tribuni
1260 1242 1393 1296 plebis
1426 1242 1585 1296 inpedi-

181 1313 199 1341 4
226 1310 364 1341 mento
391 1309 524 1349 erant,
564 1301 674 1354 quod
706 1301 929 1355 longinqua
958 1302 1171 1355 provincia
1194 1302 1445 1343 BIaccdonia
1474 1311 1583 1344 esset

224 1376 358 1415 neque
394 1363 478 1402 ulla
515 1362 595 1403 alia
630 1378 696 1403 res
729 1363 862 1403 maius
901 1363 1008 1403 bello
1046 1363 1373 1417 inpedimentum
1410 1365 1463 1405 ad
1493 1379 1585 1405 eam

226 1423 335 1463 diem
367 1423 516 1464 fuisset
548 1438 672 1476 quam
704 1424 815 1477 quod
846 1424 1016 1464 vixdum
1047 1425 1250 1465 inchoatis
1276 1426 1400 1466 rebus
1426 1426 1468 1465 in
1492 1426 1583 1480 ipso

227 1492 377 1525 conatu
407 1485 578 1539 gerendi
609 1485 707 1525 belli
739 1485 849 1539 prior
881 1486 1025 1525 consul
1062 1495 1344 1526 revocaretur:
1393 1497 1584 1539 quartum

225 1546 307 1586 iam
333 1550 485 1586 an'num
513 1562 605 1587 esse
632 1547 683 1586 ab
710 1547 875 1587 decreto
890 1547 1165 1587 BIacedonieo
1187 1548 1308 1587 bello.
1348 1549 1584 1600 quaerendo

224 1624 366 1663 regem
392 1617 430 1650 et
458 1610 684 1650 exercitum
709 1609 795 1648 eius
824 1608 1054 1663 Sulpicium
1080 1610 1278 1650 maiorem
1303 1619 1464 1664 partem
1489 1610 1586 1650 anni

225 1670 522 1724 absumpsisse.
582 1670 756 1713 Villium
788 1671 1125 1723 congredientem
1158 1686 1250 1711 euin
1282 1671 1401 1712 hoste
1432 1672 1586 1713 infecta

181 1743 198 1771 υ·
224 1746 267 1772 re
292 1740 544 1772 revocatum.
607 1731 849 1782 Quinctium
874 1732 998 1771 rebus
1026 1732 1175 1773 divinis
1201 1733 1361 1774 Romae
1386 1733 1586 1774 maiorem

223 1800 383 1848 partem
409 1793 506 1833 anni
530 1801 735 1833 retentum
760 1793 817 1833 ita
842 1793 1027 1847 gessisse
1058 1800 1197 1834 tamen
1226 1809 1312 1844 res,
1350 1803 1412 1841 ut,
1451 1795 1485 1835 si
1516 1802 1586 1836 aut

223 1855 423 1896 maturius
461 1855 504 1894 in
540 1854 796 1908 provinciam
837 1855 1017 1896 venisset
1053 1864 1124 1896 aut
1161 1856 1293 1896 hiems
1323 1857 1459 1911 magis
1493 1872 1586 1898 scra

181 1928 197 1956 7
225 1917 390 1965 fuisset,
427 1917 607 1971 potuerit
638 1917 858 1957 debellare.
919 1932 1030 1957 nunc
1060 1933 1189 1972 prope
1220 1918 1262 1958 in
1294 1919 1467 1959 hiberna
1490 1934 1585 1973 pro-

224 1978 380 2018 fectum
404 1978 461 2018 ita
488 1992 727 2032 comparare
753 1978 833 2017 dici
863 1978 1036 2027 bellum,
1069 1988 1132 2028 ut,
1164 1979 1245 2019 nisi
1278 1994 1494 2021 successor
1524 1980 1585 2020 in-

179 2051 199 2081 8
224 2039 382 2093 pediat,
419 2040 679 2094 perfecturus
717 2047 875 2080 aestate
912 2040 1101 2093 proxima
1135 2040 1338 2081 videatur.
1398 2041 1462 2081 his
1494 2056 1585 2081 ora-

224 2101 403 2141 tionibus
440 2101 722 2155 pervicerunt,
761 2108 806 2140 ut
843 2101 1034 2141 consules
1067 2101 1109 2141 in
1141 2112 1308 2142 senatus
1341 2102 1583 2143 auctoritate

225 2163 312 2202 fore
339 2162 522 2203 dicerent
547 2177 604 2211 se,
632 2162 666 2203 si
692 2162 801 2202 idem
827 2162 979 2202 tribuni
1004 2163 1137 2216 plebis
1164 2163 1360 2204 facerent.
1414 2164 1584 2218 permit-

226 2223 406 2264 tentibus
437 2224 622 2277 utrisque
652 2224 824 2264 liberam
858 2224 1204 2265 consultationem
1235 2232 1374 2279 patres
1407 2225 1585 2266 consuli-

183 2297 199 2324 9
226 2284 302 2325 bus
324 2286 526 2326 ambobus
542 2286 707 2326 Italiam
732 2285 987 2340 provinciam
1009 2286 1293 2335 decreverunt,
1321 2287 1370 2327 T.
1387 2286 1583 2338 Quinctio

226 2354 500 2400 prorogarunt
529 2347 765 2402 imperium,
805 2347 936 2387 donee
969 2362 1184 2388 successor
1210 2364 1259 2388 ex
1292 2356 1460 2389 senatus
1487 2363 1584 2389 con-

228 2408 334 2448 sulto
360 2409 555 2449 venisset.
617 2409 856 2450 consulibus
889 2409 1010 2450 binae
1041 2410 1226 2464 legiones
1261 2411 1449 2451 decretae
1475 2419 1516 2452 et
1539 2418 1584 2451 ut

229 2468 379 2507 bellum
412 2483 505 2509 eum
538 2469 671 2511 Gallis
705 2470 951 2524 Cisalpinis‚
991 2471 1060 2523 qui
1092 2472 1342 2512 defecissent
1376 2488 1399 2513 a
1429 2473 1581 2527 populo

164 2540 202 2568 10
227 2528 429 2577 Romano,
456 2539 659 2583 gererent.
709 2531 905 2582 Quinctio
931 2531 972 2571 in
997 2532 1291 2573 Elacedoniam
1318 2534 1581 2588 supplemen-

227 2596 313 2629 tum
340 2589 561 2641 deeretum,
591 2607 662 2633 sex
689 2593 802 2633 milia
826 2593 1026 2647 peditum,
1053 2594 1224 2636 trecenti
1251 2595 1422 2647 equites,
1449 2594 1580 2635 socio-

184 457 199 485 x]

181 1499 200 1527 ι’]
