1799 2900
264 160 314 201 10
600 166 753 200 LIBER
776 164 926 208 XXXI,
955 165 1006 198 11.
1035 167 1083 208 [a.
1098 177 1132 199 u.
1149 176 1177 200 c.
1193 166 1274 209 554]

260 279 403 313 eontra
428 269 627 325 populum
652 269 910 309 Romanum:
953 282 1066 317 eum,
1099 268 1133 309 si
1158 284 1240 323 pax
1266 269 1466 323 placeret,
1499 283 1618 309 revo-

214 354 229 381 7
259 334 435 374 candum
473 332 552 371 illis
586 338 626 371 et
657 331 891 371 dedendum
923 331 1076 385 populo
1108 331 1296 371 Romano
1329 347 1434 372 esse.
1497 331 1617 371 simul

257 395 445 435 nuntiare
471 394 592 442 iussi,
629 393 828 448 perfugas
860 392 939 432 sibi
968 407 1051 432 non
1082 394 1215 433 01111115
1241 393 1424 434 redditos
1452 408 1544 434 csse
1571 407 1617 433 ac

258 473 454 511 magnam
484 464 645 512 partem
676 470 818 496 00111111
843 454 981 510 palam
1008 454 1254 510 Carthagini
1281 456 1492 497 obversari
1518 455 1616 496 diei:

258 535 360 573 quos
388 518 681 573 comprehendi
709 518 976 570 conquirique
1004 518 1173 567 debere,
1199 525 1244 558 ut
1270 518 1347 559 sibi
1373 534 1424 558 ex
1450 518 1617 559 foedere

212 598 230 627 8
258 581 539 622 restituantur.
601 580 704 620 haec
731 581 782 620 ad
810 579 1183 634 Carthaginienses
1216 580 1424 620 mandata.
1484 579 1618 620 blasi-

255 644 394 684 nissac
409 643 608 699 gratulari
628 642 744 691 iussi,
767 643 878 695 quod
898 657 981 683 11011
1000 642 1180 696 patrium
1194 643 1317 683 modo
1331 650 1618 697 recuperasset

255 722 448 761 regnum,
488 706 561 747 sed
587 713 703 761 parte
729 705 1023 745 florentissima
1052 704 1259 759 Syphacis
1289 704 1432 745 finium
1459 705 1620 745 adiecta

206 783 224 811 9
257 769 381 809 etiam
408 769 605 809 auxisset.
643 767 833 807 nuntiare
859 775 1076 821 praeterea
1099 766 1200 806 iussi
1227 766 1381 806 bellum
1402 781 1495 806 011111
1520 781 1618 821 rege

256 831 452 885 Philippo
469 837 721 885 susceptum,
738 830 849 883 quod
865 828 1237 882 Carthaginienses
1253 828 1416 868 auxiliis
1432 828 1617 877 iuvisset,

194 911 230 937 10
256 893 508 945 iniuriasque
529 892 745 932 inferendo
768 892 890 932 sociis
916 891 1060 945 populi
1077 890 1259 931 Romani
1282 891 1484 943 flagrante
1510 890 1619 931 bello

257 955 378 995 Italia
404 955 611 1010 coegisset
637 954 792 994 classes
819 953 1109 1005 exercitusque
1134 952 1177 992 in
1204 952 1424 993 Graeciam
1449 952 1554 992 mitti
1580 959 1618 993 et

257 1018 492 1058 distinendo
525 1016 665 1071 copias
699 1031 825 1056 causa
856 1015 898 1055 in
929 1016 1072 1070 primis
1099 1014 1248 1055 fuisset
1279 1013 1411 1055 serius
1437 1014 1479 1054 in
1503 1014 1620 1054 Afri-

257 1093 348 1119 cam
385 1079 618 1127 traiciendi3
667 1085 936 1133 peterentque
974 1085 1019 1117 111
1062 1077 1115 1116 ad
1157 1076 1199 1116 id
1241 1076 1395 1117 bellum
1440 1075 1618 1116 mitteret

192 1163 227 1190 11
259 1140 411 1180 auxilia
446 1140 723 1181 Numidarum
761 1139 958 1192 equitum.
1021 1139 1129 1179 dona
1172 1138 1309 1192 ampla
1351 1138 1466 1186 data,
1511 1152 1618 1191 quae

256 1203 409 1243 ferrent
441 1202 548 1256 regi,
587 1217 687 1242 vasa
721 1217 846 1242 aurea
878 1209 1180 1254 argenteaque,
1219 1208 1317 1254 toga
1348 1215 1555 1254 purpurea
1580 1207 1618 1240 et

255 1264 437 1319 palmata
468 1265 607 1304 tunica.
639 1279 732 1303 cum
764 1264 946 1303 eburneo
981 1262 1167 1316 scipione
1201 1270 1240 1301 et
1276 1270 1374 1315 toga
1405 1269 1619 1316 praetexta

193 1342 229 1369 12
258 1341 350 1366 cum
377 1326 507 1366 curuli
534 1326 655 1374 sella;
688 1325 873 1378 iussique
899 1324 1095 1379 polliceri,
1126 1324 1161 1364 si
1183 1324 1280 1376 quid
1301 1324 1359 1364 015
1381 1324 1432 1363 ad
1453 1324 1619 1363 firman-

257 1389 354 1428 dum
381 1389 699 1443 augendumque
728 1401 904 1442 regnum
924 1402 1028 1441 opus
1050 1401 1142 1426 esse
1168 1386 1405 1434 indicasset,
1432 1385 1552 1426 enixe
1577 1385 1620 1425 id

256 1451 454 1506 populum
479 1451 715 1491 Romanum
742 1449 888 1490 merito
915 1450 1001 1489 eius
1030 1456 1350 1502 praestaturum.

194 1528 230 1557 13
341 1514 566 1555 Verminae
598 1528 762 1566 quoque
796 1511 1002 1566 Syphacis
1040 1510 1113 1550 filii
1150 1510 1277 1564 legati
1314 1525 1387 1563 per
1419 1525 1489 1550 005
1528 1510 1617 1550 (1105

257 1584 447 1616 senatum
486 1575 672 1616 adierunt
712 1581 959 1615 excusantes
998 1588 1177 1613 errorem
1211 1572 1617 1624 adulescentiamque

256 1645 294 1678 ct
311 1638 475 1691 culpam
491 1652 656 1677 omnem
675 1637 717 1676 111
733 1636 922 1676 fraudem
938 1633 1348 1688 Carthaginiensium
1364 1642 1617 1674 avertentes:

192 1714 230 1741 14
256 1707 295 1740 et
314 1699 587 1739 BIasinissam
608 1699 810 1739 Romanis
837 1713 888 1738 ex
915 1697 1033 1738 hoste
1055 1696 1233 1736 amicum
1253 1696 1429 1744 factum3
1455 1695 1620 1737 Vermi-

255 1777 351 1801 nam
372 1775 535 1813 quoque
561 1760 815 1808 adnisurum,
841 1774 893 1799 ne
919 1758 1069 1799 officiis
1095 1758 1139 1797 in
1162 1757 1362 1812 populum
1382 1757 1618 1797 Romanum

256 1833 325 1864 aut
352 1839 375 1864 a
399 1823 629 1863 Blasinissa
656 1830 727 1862 aut
753 1823 804 1862 ab
830 1822 913 1862 ullo
940 1821 1020 1861 alio
1046 1820 1254 1868 vincatur,
1291 1827 1450 1874 petere,
1476 1827 1520 1860 ut
1545 1833 1618 1859 rex

190 1899 229 1927 15
256 1886 476 1939 sociusque
504 1893 543 1926 et:
574 1886 730 1925 amicus
764 1886 816 1925 ab
844 1892 989 1925 senatu
1022 1882 1310 1936 adpellaretur.
1370 1896 1617 1935 responsum

254 1949 402 2003 legatis
429 1956 505 1996 est,
533 1956 573 1989 et
597 1956 759 2002 patrem
784 1947 871 1987 eius
895 1945 1138 2000 Syphacem
1163 1945 1251 1984 sine
1278 1958 1403 1983 causa
1429 1958 1479 1984 ex
1506 1944 1617 1983 socio

255 2019 295 2051 et
327 2011 459 2051 amieo
492 2010 655 2051 hostem
685 2017 855 2063 repente
885 2007 1028 2062 populi
1055 2006 1235 2047 Romani
1265 2006 1421 2045 factum
1453 2012 1494 2045 et
1524 2020 1617 2045 eum

254 2073 391 2127 ipsum
428 2073 709 2112 rudimentum
745 2069 1052 2111 adulescentiae
1084 2068 1193 2109 bello
1224 2067 1499 2108 lacessentem
1530 2067 1617 2107 Ro-

190 2147 400 2176 16111111105
437 2135 648 2190 posuisse:
697 2134 835 2186 itaque
872 2146 1017 2187 pacem
1054 2130 1113 2170 illi
1154 2130 1267 2184 prius
1305 2130 1527 2184 petendam
1564 2129 1615 2169 ab

254 2198 407 2252 populo
439 2198 631 2238 Romano
669 2211 762 2237 esse
801 2210 924 2248 quam
953 2202 999 2234 ut
1030 2207 1105 2233 rex
1137 2193 1357 2245 sociusque
1389 2199 1430 2232 et
1460 2191 1616 2232 amicus

254 2260 495 2314 adpelletur.
556 2259 735 2299 nominis
770 2257 857 2298 eius
892 2257 1092 2297 honorem
1130 2270 1204 2309 pro
1236 2254 1398 2307 magnis
1437 2268 1536 2307 erga
1573 2267 1617 2293 50

192 2331 228 2359 17
256 2336 400 2375 regum
422 2321 578 2361 meritis
600 2321 697 2361 dare
718 2319 918 2374 populum
932 2318 1171 2358 Romanum
1192 2331 1429 2357 consuesse.
1456 2315 1616 2369 legatos

257 2382 470 2423 Romanos
501 2384 545 2423 in
572 2383 722 2422 Africa
752 2382 860 2429 fore,
899 2380 1047 2433 quibus
1079 2379 1374 2419 mandaturum
1415 2384 1616 2425 senatum,

257 2452 299 2483 ut
335 2444 558 2485 Verminae
594 2444 710 2498 pacis
749 2443 848 2483 dent
888 2443 1024 2496 leges,
1066 2441 1245 2482 liberum
1280 2439 1492 2480 arbitrium
1530 2439 1616 2479 01115

256 2505 408 2558 populo
434 2506 624 2546 Romano
649 2504 914 2560 pet-mittenti.
977 2504 1012 2543 si
1037 2503 1136 2555 quid
1169 2502 1221 2542 ad
1251 2517 1321 2542 0115
1355 2501 1469 2549 addi,
1509 2498 1616 2540 demi

258 2567 457 2607 mutarive
490 2568 630 2616 vellet,
668 2582 811 2607 rursus
845 2567 896 2606 ab
934 2574 1081 2606 senatu
1112 2566 1149 2605 ei
1180 2563 1475 2619 postulandum
1512 2562 1612 2602 fore.

195 2640 231 2671 18
258 2628 384 2683 legati
423 2643 513 2667 cum
550 2629 600 2668 iis
632 2628 837 2668 mandatis
868 2627 910 2666 in
942 2627 1130 2666 Africam
1166 2625 1285 2665 missi
1318 2624 1367 2665 C.
1394 2622 1615 2664 Terentius
