1799 2900
465 133 617 168 LIBER
643 133 846 175 xxxvii,
875 133 1030 166 «Σο-22.
1059 134 1108 175 [a.
1125 129 1259 173 0190]
1456 119 1537 160 ΞΠ·

188 247 304 295 parto
338 262 395 267 —-
439 244 728 292 spectaverant
765 236 872 276 enim
911 251 932 277 e
969 235 1185 277 moenibus
1222 232 1418 288 Pergami
1456 247 1539 272 non

187 301 263 342 viri
300 300 441 349 modo,
488 299 561 340 sed
598 299 775 339 feminae
815 298 937 338 etiam
971 323 1022 326 —
1059 298 1099 337 in
1137 296 1388 352 praesidium
1426 293 1539 334 urbis

187 363 304 404 redit.

273 424 405 464 XXI.
453 424 630 464 Postero
658 423 723 463 die
754 422 893 477 regiae
924 422 1058 476 magis
1089 420 1342 476 compositae
1369 426 1407 460 et
1434 418 1542 460 ordi·
1570 434 1581 460 ἰ

187 495 310 529 natae
344 487 542 528 stationes
575 485 813 540 quingentis
845 485 1038 540 passibus
1070 484 1234 538 longius
1261 484 1314 523 ab
1339 482 1440 522 urbe
1469 495 1543 535 po-

188 556 358 590 suerunt
384 556 539 597 castra3
567 555 607 588 et
627 547 788 587 Achaei
814 547 961 587 eodem
987 546 1116 586 ferme
1143 553 1327 599 tempore
1354 550 1475 596 atque
1500 541 1542 581 in

188 612 364 653 eundem
401 611 539 651 locum
576 617 882 664 processerunt.
950 623 1023 663 per
1054 607 1206 648 multas
1244 606 1366 647 horas
1398 603 1543 644 intenti

187 674 392 727 utrimque
413 673 525 714 velut·
545 673 628 714 iam
655 672 838 712 futurum
859 671 1043 726 inpetum
1065 676 1404 724 expectaverant3
1424 674 1544 722 'post-

188 753 312 791 quam
338 737 450 777 haud
474 737 617 791 procul
638 750 787 777 occasu
810 736 907 776 solis
932 735 1133 776 redeundi
1157 734 1198 774 in
1220 741 1356 773 castra
1380 742 1543 786 tempus

189 807 293 848 erat,
332 798 438 853 regii
475 798 604 852 signis
642 798 816 839 conlatis
854 797 966 837 abire
1004 796 1170 851 agmine
1209 795 1261 836 ad
1297 794 1373 835 iter
1410 792 1544 847 magis

189 877 311 915 quam
338 862 391 901 ad
416 876 600 915 pugnam
627 860 856 915 composito
885 874 1070 913 coepere.
1112 857 1267 911 quievit
1284 856 1544 911 Diophanes,
1571 867 1588 895 :3

190 924 289 963 dum
314 924 355 963 in
381 932 606 977 conspectu
632 931 766 971 erant3
793 922 941 962 deinde
967 921 1114 961 eodem
1142 934 1222 972 quo
1248 918 1379 973 pridie
1403 918 1546 972 inpetu

190 986 231 1025 in
263 995 517 1040 postremum
550 999 701 1038 agmen
732 983 903 1023 incurrit
934 990 1176 1034 tantumque
1207 995 1348 1020 rursus
1380 978 1546 1034 pavoris

191 1063 239 1088 ac
275 1047 473 1087 tumultus
510 1046 702 1094 incussit,
740 1053 785 1085 ut
816 1059 910 1085 cum
948 1052 1067 1096 terga
1098 1043 1386 1090 caederentur,
1424 1055 1546 1081 nemo

190 1109 405 1165 pugnandi
430 1123 555 1149 causa
580 1108 793 1156 restiterit3
827 1106 1164 1160 trepidantesque
1192 1113 1232 1145 et
1265 1104 1335 1144 vix
1361 1104 1547 1144 ordinem

191 1171 367 1226 agminis
396 1178 608 1211 servantes
636 1169 676 1209 in
703 1176 839 1209 castra
864 1167 1068 1221 compulsi
1094 1173 1202 1207 sunt.
1240 1166 1342 1206 haec
1355 1165 1548 1205 Achaeo-
1573 1178 1589 1205 4

191 1250 281 1275 rum
308 1233 480 1273 audacia
495 1232 717 1273 Seleucum
743 1247 794 1272 ex
821 1246 920 1286 agro
937 1231 1197 1285 Pergameno
1223 1244 1390 1270 movere
1413 1236 1550 1269 castra

192 1296 339 1351 coegit.

277 1357 511 1399 Antiochus
537 1364 759 1413 postquam
784 1356 998 1397 Romanos
1025 1355 1078 1395 ad
1103 1354 1301 1394 tuendum
1323 1353 1549 1406 Adramyt-

194 1429 305 1462 teum
333 1420 496 1461 venisse
524 1420 698 1468 audivit,
732 1435 780 1460 ea
806 1418 972 1472 quidem
1000 1418 1100 1458 urbe
1126 1415 1338 1465 abstinuit,
1366 1415 1550 1469 depopu-

193 1485 300 1525 latus
328 1499 462 1538 agros.
522 1483 725 1523 Peraeam
751 1481 845 1522 inde
873 1480 1077 1521 coloniam
1101 1479 1453 1532 Blitylenaeorum
1480 1493 1551 1517 ex-
1578 1489 1595 1516 5

193 1545 407 1601 pugnavit.
469 1543 625 1585 Cotton
651 1552 688 1584 et
718 1542 950 1597 Corylenus
978 1550 1017 1582 et
1042 1540 1320 1596 Aphrodisias
1348 1546 1388 1579 et
1414 1537 1550 1579 Crene

195 1608 327 1663 primo
360 1608 502 1661 inpetu
536 1615 681 1661 captae
720 1615 829 1646 sunt.
895 1605 991 1645 inde
1023 1619 1095 1659 per
1127 1603 1372 1656 Thyatiram
1407 1601 1552 1641 Sardis

197 1670 328 1711 rediit.
393 1668 594 1709 Seleucus
621 1668 663 1707 in
690 1683 762 1708 ora
786 1667 991 1707 maritima
1017 1681 1264 1720 permanens
1292 1664 1381 1704 aliis
1408 1662 1551 1704 terrori
1579 1673 1596 1702 6

197 1743 296 1781 erat,
325 1731 413 1772 aliis
439 1731 659 1785 praesidio.
710 1729 855 1770 classis
882 1730 1074 1770 Romana
1106 1742 1198 1767 cum
1223 1728 1413 1767 Eumene
1437 1726 1553 1766 Rho-

199 1794 357 1847 diisque
382 1793 616 1846 Blitylenen
641 1792 793 1847 primo,
825 1791 921 1831 inde
946 1799 1074 1839 retro,
1107 1789 1217 1829 unde
1243 1788 1429 1842 profecta
1453 1795 1552 1835 erat,

198 1857 372 1896 Elaeam
396 1856 514 1896 redit.
552 1855 647 1895 inde
672 1855 910 1895 Phocaeam
936 1860 1126 1908 petentes
1154 1851 1205 1891 ad
1230 1850 1407 1891 insulam
1429 1864 1551 1902 quam
1580 1860 1596 1887 7

198 1918 427 1959 Bacchium
460 1926 609 1957 vocant,
634 1941 689 1945 -—
713 1916 885 1957 inminet
916 1915 1008 1955 urbi
1038 1912 1368 1954 Phocaeensium
1395 1936 1451 1940 ——
1483 1912 1554 1952 ad-

198 1981 392 2035 pulerunt
429 1988 486 2028 et,
525 1979 673 2032 quihus
706 1987 799 2019 ante
834 1978 1119 2019 abstinuerant.
1149 1975 1313 2030 templis
1342 1974 1554 2028 signisque

200 2067 255 2071 —
281 2042 446 2097 egregie
479 2052 615 2082 autem
647 2050 846 2082 exornata
876 2040 1012 2080 insula
1043 2046 1130 2079 erat
1153 2062 1210 2066 —
1235 2051 1328 2077 cum
1354 2036 1556 2077 hostiliter

202 2104 481 2158 diripuissent,
509 2103 561 2143 ad
585 2103 719 2157 ipsam
745 2103 888 2143 urbem
914 2100 1244 2141 transmiserunt.
1295 2113 1385 2139 eam
1412 2097 1554 2138 divisis
1581 2108 1600 2137 8

202 2166 307 2206 inter
333 2180 376 2206 se
402 2165 588 2220 partibus
617 2180 709 2205 cum
735 2166 1024 2219 obpugnarent
1051 2170 1091 2203 et
1116 2162 1323 2202 videretur
1350 2160 1436 2200 sine
1459 2174 1556 2213 ope-

202 2228 335 2275 ribus,
373 2227 496 2267 armis
530 2227 734 2280 scalisque
767 2227 858 2281 capi
882 2241 1026 2281 posse,
1063 2224 1238 2264 missum
1270 2223 1320 2263 ab
1346 2222 1556 2262 Antiocho

203 2288 455 2343 praesidium
475 2288 596 2328 trium
618 2289 775 2328 milium
796 2296 1045 2328 armatorum
1066 2301 1159 2326 cum
1184 2286 1377 2325 intrasset
1398 2284 1556 2331 urbem,

205 2350 411 2406 extemplo
438 2351 746 2405 obpugnatione
773 2350 928 2391 omissa*
960 2348 1104 2389 classis
1132 2348 1183 2388 ad
1214 2346 1392 2387 insulam
1419 2361 1463 2386 se
1494 2360 1559 2386 re·
1585 2358 1601 2386 9

206 2412 332 2467 cepit,
364 2412 466 2452 nihil
497 2413 608 2453 aliud
640 2427 763 2466 quam
790 2411 1040 2467 depopulato
1067 2410 1176 2451 circa
1199 2410 1345 2450 urbem
1377 2408 1557 2449 hostium

205 2490 318 2529 agro.

291 2537 446 2578 XXH.
496 2537 600 2577 Inde
645 2536 796 2591 placuit
838 2537 1071 2576 Eumenem
1116 2535 1284 2574 domum
1328 2532 1477 2572 dimitti
1519 2541 1557 2572 et
1590 2546 1598 2572 1

207 2614 451 2654 praeparare
473 2599 629 2640 consuli
656 2606 778 2652 atque
799 2597 993 2638 exercitui
1015 2611 1118 2650 quae
1142 2596 1193 2636 ad
1218 2594 1435 2636 transitum
1458 2594 1560 2634 Hel-

1569 619 1586 647 (ὦ
