1799 2900
242 107 321 149 136
510 112 662 147 Lmen
687 111 897 156 xxxmi,
923 112 1053 146 1314.
1079 113 1175 155 [a.u.
1192 111 1316 154 0.559]

194 233 212 262 5
238 219 394 271 equites
438 215 570 257 omnis
614 222 654 255 et
697 213 957 255 centuriones
999 214 1129 256 iussit.
1209 215 1409 269 ‘tempus’
1453 215 1583 268 inquit

240 279 366 332 ‘quod
392 292 515 331 saepe
541 276 728 330 optastis,
755 276 879 324 vonit,
907 290 987 328 quo
1012 276 1129 317 vobis
1154 284 1339 331 potestas
1365 277 1480 318 fieret
1505 277 1585 317 vir-

238 350 366 382 tutem
392 347 572 379 vestram
598 339 828 379 ostendere.
861 338 995 379 adhuc
1020 339 1274 393 praedonum
1299 339 1433 393 magis
1460 353 1583 392 quam

195 417 212 446 6
238 401 477 443 bellantium
503 400 709 440 militastis
736 415 867 440 more:
894 414 1003 440 nunc
1028 400 1136 440 iusta
1159 416 1300 455 pugna
1324 401 1466 441 hostes
1492 415 1585 442 eum

238 464 424 504 hostibus
446 462 670 503 conseretis
691 477 872 502 manum.
910 477 992 502 non
1018 477 1137 517 agros
1165 463 1259 503 inde
1285 462 1485 516 populari,
1513 463 1586 502 sed

237 525 396 565 urbium
413 539 512 578 opes
528 523 744 564 exhaurire
765 523 915 564 licebit.
947 531 1085 578 patres
1107 524 1249 573 nostri,
1272 539 1365 564 cum
1380 525 1587 579 Hispania

239 586 660 640 Carthaginiensium,
678 584 1125 640 [Carthaginiensium]
1140 593 1179 626 et
1194 586 1460 640 imperatores
1476 587 1533 627 ibi
1548 595 1587 627 01,

237 649 440 690 exercitus
463 655 614 696 essent,
634 647 713 702 ipsi
733 647 888 687 nullum
911 647 952 687 in
967 662 1015 688 ea
1029 647 1199 687 militem
1215 648 1427 695 haberent,
1449 655 1585 688 tamen

237 711 387 751 addere
414 710 492 750 hoc
523 709 565 749 in
595 709 762 749 foedere
789 709 1025 757 voluerunt,
1056 716 1101 750 ut
1125 708 1286 763 imperii
1313 709 1375 748 sui
1401 709 1584 749 Hiberus

191 785 210 814 8
236 772 384 813 fluvius
411 779 521 812 esset
547 771 652 811 finis.
701 785 810 811 nune
835 785 928 811 cum
954 771 1035 811 duo
1059 778 1284 825 praetores,
1311 785 1404 810 cum
1429 771 1586 819 consul,

238 849 331 875 cum
356 841 438 873 tres
465 833 669 873 exercitus
689 832 868 873 Romani
882 832 1133 886 Hispaniam
1158 832 1383 881 obtineant,
1411 831 1587 873 Cartha-

235 896 484 950 giniensium
506 895 648 935 decem
673 894 754 934 iam
779 909 907 949 prope
929 894 1045 934 annis
1068 909 1189 934 nemo
1209 893 1251 933 in
1276 893 1340 934 his
1365 893 1587 947 provinciis

192 970 209 999 9
238 959 307 1007 sit,
346 957 563 1012 imperium
598 957 718 998 nobis
757 958 859 997 citra
882 958 1089 997 Hiberum
1126 956 1326 998 amissum
1363 964 1438 998 est.
1509 957 1588 998 hoc

237 1019 359 1060 armis
387 1026 427 1060 et
452 1019 600 1059 virtute
631 1019 868 1074 reciperetis
894 1026 1055 1073 oportet
1081 1026 1120 1059 et
1151 1019 1361 1059 nationem
1384 1019 1588 1060 rebellan-

237 1089 319 1121 tem
338 1080 472 1135 magis
492 1088 645 1121 temere
672 1095 795 1134 quam
815 1089 1051 1121 constanter
1075 1082 1299 1122 bellantem
1324 1081 1479 1136 iugum,
1506 1096 1588 1135 quo

171 1155 210 1184 10
237 1158 280 1183 50
307 1142 437 1190 exuit,
470 1142 656 1196 accipere
686 1158 829 1183 rursus
856 1143 1040 1197 cogatis?
1099 1143 1140 1183 in
1166 1143 1275 1183 hunc
1306 1144 1475 1184 modum
1500 1159 1587 1184 ma-

236 1203 346 1244 xime
379 1203 618 1244 adhortatus
650 1204 907 1258 pronuntiat,
947 1219 990 1244 se
1015 1210 1136 1244 noete
1162 1204 1214 1244 ad
1240 1211 1375 1245 castra
1406 1205 1585 1245 hostium

236 1266 466 1305 ducturum.
526 1265 583 1305 ita
608 1265 660 1304 ad
685 1279 857 1319 corpora
883 1266 1065 1305 curanda
1089 1265 1261 1305 dimissi.

193 1340 207 1369 1
321 1326 476 1366 XIIII.
524 1327 656 1366 Noete
682 1326 835 1375 media,
863 1341 956 1366 011111
982 1327 1166 1382 auspicio
1193 1342 1360 1381 operam
1388 1327 1585 1375 dedisset,

234 1387 463 1442 profectus,
495 1395 541 1428 ut
564 1387 700 1428 locum
726 1402 848 1440 quem
878 1388 1020 1436 vellet,
1052 1388 1293 1442 priusquam
1324 1388 1465 1429 hostes
1493 1404 1587 1430 sen-

235 1450 375 1498 tirent,
413 1457 595 1503 caperet,
633 1457 795 1503 praeter
838 1458 973 1490 castra
1016 1449 1197 1489 hostium
1241 1450 1510 1491 circumducit
1546 1459 1587 1491 et

234 1511 367 1564 prima
408 1510 498 1550 luce
535 1510 621 1551 acie
662 1510 863 1550 instructa
906 1511 983 1550 5111)
1021 1511 1159 1564 ipsum
1200 1511 1356 1550 vallum
1397 1518 1480 1552 tres
1518 1526 1587 1552 00-

190 1584 208 1613 2
236 1572 374 1612 1101105
401 1571 536 1612 11111111.
585 1571 781 1612 mirantes
808 1572 984 1620 barbari,
1011 1573 1063 1613 ab
1090 1579 1206 1626 tergo
1233 1572 1476 1626 adparuisse
1501 1573 1587 1614 Ro-

190 1645 209 1674 3
234 1649 421 1682 manum,
460 1633 690 1674 discurrere
721 1633 800 1688 ipsi
835 1634 887 1673 ad
919 1649 1044 1674 arma.
1105 1634 1268 1674 interim
1300 1634 1445 1675 consul
1477 1635 1587 1690 apud

236 1711 333 1736 suos
372 1700 597 1747 ‘nusquam
627 1695 708 1736 nisi
737 1696 779 1735 in
805 1696 955 1737 virtute
988 1712 1083 1750 spes
1110 1703 1192 1745 est,
1230 1697 1414 1746 milites,'
1454 1697 1587 1750 inquit

189 1768 208 1796 4
235 1761 295 1797 ‘et
319 1772 397 1811 ego
424 1757 580 1806 sedulo,
607 1772 659 1797 ne
685 1765 807 1806 esset,
834 1758 927 1798 feci.
987 1758 1093 1799 inter
1118 1765 1253 1799 castra
1278 1765 1420 1799 nostra
1445 1767 1485 1799 et
1509 1774 1585 1799 nos

233 1819 358 1859 medii
390 1819 530 1860 hostes
563 1828 603 1860 et
634 1820 686 1860 ab
719 1827 836 1874 tergo
868 1820 1050 1861 hostium
1082 1836 1180 1875 ager
1212 1829 1287 1861 est.
1348 1821 1459 1874 quod
1495 1822 1586 1875 pul-

234 1880 499 1930 cherrimum,
537 1881 648 1922 idem
686 1881 956 1923 tutissimum:
994 1882 1035 1922 in
1073 1882 1221 1922 virtute
1255 1897 1371 1936 spem
1407 1883 1584 1936 positam

233 1942 411 1983 habere.’
486 1943 563 1983 sub
601 1943 703 1983 haec
739 1943 929 1984 cohortes
966 1944 1093 1998 recipi
1130 1944 1261 1992 iubet,
1304 1952 1349 1984 ut
1386 1945 1583 1985 barbaros

189 2014 207 2043 5
235 2003 494 2044 simulatione
526 2004 650 2059 fugae
682 2004 859 2045 eliceret.
920 2005 980 2053 id,
1013 2006 1123 2058 quod
1148 2005 1395 2054 crediderat,
1434 2006 1583 2046 evcnit.

232 2065 495 2118 pertimuisse
533 2073 573 2106 et
609 2066 754 2106 cedere
790 2066 867 2106 rati
896 2067 1110 2107 Romanos
1143 2074 1263 2121 porta
1295 2075 1513 2121 erumpunt
1545 2075 1585 2107 et

233 2134 431 2179 quantum
457 2128 562 2168 inter
587 2136 723 2168 castra
749 2143 823 2169 sua
848 2135 888 2168 et
913 2129 1044 2169 aciem
1070 2129 1251 2169 hostium
1283 2130 1472 2170 relictum
1497 2137 1584 2169 erat

189 2199 205 2227 13
234 2188 310 2228 1001
342 2189 509 2229 armatis
542 2189 763 2243 complent.
826 2190 924 2230 dum
961 2190 1168 2245 trepidant
1205 2191 1292 2231 acie
1328 2191 1582 2240 instruenda,

234 2249 375 2289 consul
412 2250 495 2290 iam
537 2251 691 2305 paratis
730 2251 1012 2305 ordinatisque
1050 2252 1242 2293 omnibus
1286 2252 1582 2307 incompositos

234 2311 482 2364 adgreditur.
539 2312 697 2365 equites
724 2313 877 2368 primos
905 2314 956 2353 ab
982 2320 1155 2366 utroque
1182 2328 1307 2355 cornu
1334 2314 1375 2353 in
1399 2329 1583 2368 pugnam

233 2372 381 2411 educit.
426 2374 499 2412 sed
524 2373 565 2414 in
592 2375 736 2415 dextro
762 2376 970 2430 extemplo
996 2375 1105 2430 pulsi
1132 2376 1408 2428 cedentesque
1435 2375 1582 2430 trepidi

190 2443 205 2471 7
235 2432 356 2472 ctiam
392 2435 519 2488 pediti
556 2443 755 2476 terrorem
790 2436 979 2477 intulere.
1041 2438 1152 2490 quod
1187 2437 1259 2478 ubi
1290 2437 1434 2477 consul
1466 2436 1580 2485 vidit,

233 2493 335 2533 duas
362 2496 550 2536 cohortes
577 2497 759 2538 delectas
788 2498 839 2538 ab
866 2499 1011 2539 dextro
1041 2499 1169 2540 latere
1202 2499 1382 2539 hostium
1409 2498 1580 2539 circum-

233 2553 325 2593 duci
361 2555 473 2596 iubet
504 2564 541 2597 et
574 2559 625 2598 ab
656 2565 773 2613 tergo
800 2574 843 2600 se
869 2561 1106 2610 ostendere,
1144 2561 1384 2615 priusquam
1411 2573 1578 2600 coneur-

195 541 210 568 *1
