<?xml version="1.0" encoding="UTF-8"?>
<!DOCTYPE html PUBLIC "-//W3C//DTD XHTML 1.0 Transitional//EN"
    "http://www.w3.org/TR/xhtml1/DTD/xhtml1-transitional.dtd">
<html xmlns="http://www.w3.org/1999/xhtml" xml:lang="en" lang="en">
 <head>
  <title>
</title>
<meta http-equiv="Content-Type" content="text/html;charset=utf-8" />
  <meta name='ocr-system' content='tesseract 3.04.00' />
  <meta name='ocr-capabilities' content='ocr_page ocr_carea ocr_par ocr_line ocrx_word'/>
</head>
<body>
  <div class='ocr_page' id='page_1' title='image "./aburbeconditalib03livyuoft_0093.png"; bbox 0 0 1799 2900; ppageno 0'>
   <div class='ocr_carea' id='block_1_1' title="bbox 491 170 1523 226">
    <p class='ocr_par' dir='ltr' id='par_1_1' title="bbox 491 170 1523 226">
     <span class='ocr_line' id='line_1_1' title="bbox 491 170 1523 226; baseline -0.007 -8"><span class='ocrx_word' id='word_1_1' title='bbox 491 183 646 218; x_wconf 78' lang='lat' dir='ltr'>LIBER</span> <span class='ocrx_word' id='word_1_2' title='bbox 670 182 821 226; x_wconf 76' lang='lat' dir='ltr'>xxxi,</span> <span class='ocrx_word' id='word_1_3' title='bbox 854 182 976 216; x_wconf 55' lang='grc'><strong>1115.</strong></span> <span class='ocrx_word' id='word_1_4' title='bbox 1005 180 1204 225; x_wconf 60' lang='grc'><strong>[110200]</strong></span> <span class='ocrx_word' id='word_1_5' title='bbox 1473 170 1523 212; x_wconf 83' lang='lat'>13</span> 
     </span>
    </p>
   </div>
   <div class='ocr_carea' id='block_1_2' title="bbox 170 283 1599 2704">
    <p class='ocr_par' dir='ltr' id='par_1_2' title="bbox 170 283 1599 1585">
     <span class='ocr_line' id='line_1_2' title="bbox 171 283 1528 341; baseline -0.006 -10"><span class='ocrx_word' id='word_1_6' title='bbox 171 290 335 331; x_wconf 89' lang='lat' dir='ltr'>nienses</span> <span class='ocrx_word' id='word_1_7' title='bbox 361 287 683 341; x_wconf 84' lang='lat' dir='ltr'>haudquaquam</span> <span class='ocrx_word' id='word_1_8' title='bbox 703 286 828 341; x_wconf 86' lang='lat' dir='ltr'>digna</span> <span class='ocrx_word' id='word_1_9' title='bbox 853 300 990 334; x_wconf 85' lang='lat' dir='ltr'>eausa,</span> <span class='ocrx_word' id='word_1_10' title='bbox 1018 285 1114 325; x_wconf 89' lang='lat' dir='ltr'>dum</span> <span class='ocrx_word' id='word_1_11' title='bbox 1136 299 1187 325; x_wconf 80' lang='lat' dir='ltr'>ex</span> <span class='ocrx_word' id='word_1_12' title='bbox 1205 291 1342 325; x_wconf 70' lang='lat' dir='ltr'>vetere</span> <span class='ocrx_word' id='word_1_13' title='bbox 1362 283 1528 325; x_wconf 83' lang='lat' dir='ltr'>fortuna</span> 
     </span>
     <span class='ocr_line' id='line_1_3' title="bbox 170 347 1570 406; baseline -0.004 -14"><span class='ocrx_word' id='word_1_14' title='bbox 170 352 272 392; x_wconf 83' lang='lat' dir='ltr'>nihil</span> <span class='ocrx_word' id='word_1_15' title='bbox 306 358 470 406; x_wconf 88' lang='lat' dir='ltr'>praeter</span> <span class='ocrx_word' id='word_1_16' title='bbox 512 349 671 390; x_wconf 89' lang='lat' dir='ltr'>animos</span> <span class='ocrx_word' id='word_1_17' title='bbox 716 355 894 389; x_wconf 77' lang='lat' dir='ltr'>servant.</span> <span class='ocrx_word' id='word_1_18' title='bbox 954 348 1199 388; x_wconf 77' lang='lat' dir='ltr'>Acarnanes</span> <span class='ocrx_word' id='word_1_19' title='bbox 1237 348 1317 387; x_wconf 90' lang='lat' dir='ltr'>duo</span> <span class='ocrx_word' id='word_1_20' title='bbox 1354 347 1525 387; x_wconf 72' lang='lat' dir='ltr'>iuvenes</span> <span class='ocrx_word' id='word_1_21' title='bbox 1554 359 1570 387; x_wconf 84' lang='lat'>7</span> 
     </span>
     <span class='ocr_line' id='line_1_4' title="bbox 170 407 1528 469; baseline -0.004 -15"><span class='ocrx_word' id='word_1_22' title='bbox 170 429 244 469; x_wconf 88' lang='lat' dir='ltr'>per</span> <span class='ocrx_word' id='word_1_23' title='bbox 273 413 485 453; x_wconf 89' lang='lat' dir='ltr'>initiorum</span> <span class='ocrx_word' id='word_1_24' title='bbox 523 411 610 452; x_wconf 90' lang='lat' dir='ltr'>dies</span> <span class='ocrx_word' id='word_1_25' title='bbox 651 426 734 451; x_wconf 90' lang='lat' dir='ltr'>non</span> <span class='ocrx_word' id='word_1_26' title='bbox 769 410 917 450; x_wconf 89' lang='lat' dir='ltr'>initiati</span> <span class='ocrx_word' id='word_1_27' title='bbox 953 411 1153 464; x_wconf 88' lang='lat' dir='ltr'>templum</span> <span class='ocrx_word' id='word_1_28' title='bbox 1186 407 1350 451; x_wconf 88' lang='lat' dir='ltr'>Cereris</span> <span class='ocrx_word' id='word_1_29' title='bbox 1388 409 1528 464; x_wconf 84' lang='lat' dir='ltr'>inpru-</span> 
     </span>
     <span class='ocr_line' id='line_1_5' title="bbox 171 472 1572 529; baseline -0.002 -12"><span class='ocrx_word' id='word_1_30' title='bbox 171 477 316 518; x_wconf 80' lang='lat' dir='ltr'>dentes</span> <span class='ocrx_word' id='word_1_31' title='bbox 346 474 557 529; x_wconf 74' lang='lat' dir='ltr'>religionis</span> <span class='ocrx_word' id='word_1_32' title='bbox 592 487 685 514; x_wconf 90' lang='lat' dir='ltr'>cum</span> <span class='ocrx_word' id='word_1_33' title='bbox 717 482 854 513; x_wconf 87' lang='lat' dir='ltr'>cetera</span> <span class='ocrx_word' id='word_1_34' title='bbox 885 475 1004 513; x_wconf 85' lang='lat' dir='ltr'>turba</span> <span class='ocrx_word' id='word_1_35' title='bbox 1029 473 1208 528; x_wconf 85' lang='lat' dir='ltr'>ingressi</span> <span class='ocrx_word' id='word_1_36' title='bbox 1238 481 1345 513; x_wconf 87' lang='lat' dir='ltr'>sunt.</span> <span class='ocrx_word' id='word_1_37' title='bbox 1405 472 1527 513; x_wconf 89' lang='lat' dir='ltr'>facile</span> <span class='ocrx_word' id='word_1_38' title='bbox 1552 483 1572 514; x_wconf 88' lang='lat'>8</span> 
     </span>
     <span class='ocr_line' id='line_1_6' title="bbox 171 534 1529 590; baseline -0.004 -10"><span class='ocrx_word' id='word_1_39' title='bbox 171 554 242 580; x_wconf 89' lang='lat' dir='ltr'>eos</span> <span class='ocrx_word' id='word_1_40' title='bbox 281 552 416 578; x_wconf 88' lang='lat' dir='ltr'>sermo</span> <span class='ocrx_word' id='word_1_41' title='bbox 448 535 630 590; x_wconf 82' lang='lat' dir='ltr'>prodidit</span> <span class='ocrx_word' id='word_1_42' title='bbox 667 535 843 576; x_wconf 86' lang='lat' dir='ltr'>absurde</span> <span class='ocrx_word' id='word_1_43' title='bbox 880 536 1082 588; x_wconf 81' lang='lat' dir='ltr'>quaedam</span> <span class='ocrx_word' id='word_1_44' title='bbox 1119 534 1420 590; x_wconf 78' lang='lat' dir='ltr'>percontantis,</span> <span class='ocrx_word' id='word_1_45' title='bbox 1458 535 1529 575; x_wconf 89' lang='lat' dir='ltr'>de-</span> 
     </span>
     <span class='ocr_line' id='line_1_7' title="bbox 172 598 1528 653; baseline -0.002 -12"><span class='ocrx_word' id='word_1_46' title='bbox 172 600 366 653; x_wconf 81' lang='lat' dir='ltr'>ductique</span> <span class='ocrx_word' id='word_1_47' title='bbox 391 599 444 639; x_wconf 89' lang='lat' dir='ltr'>ad</span> <span class='ocrx_word' id='word_1_48' title='bbox 469 598 675 639; x_wconf 75' lang='lat' dir='ltr'>antistites</span> <span class='ocrx_word' id='word_1_49' title='bbox 702 598 863 652; x_wconf 79' lang='lat' dir='ltr'>templi,</span> <span class='ocrx_word' id='word_1_50' title='bbox 901 612 994 638; x_wconf 90' lang='lat' dir='ltr'>cum</span> <span class='ocrx_word' id='word_1_51' title='bbox 1018 598 1157 652; x_wconf 86' lang='lat' dir='ltr'>palam</span> <span class='ocrx_word' id='word_1_52' title='bbox 1183 605 1293 638; x_wconf 85' lang='lat' dir='ltr'>esset</span> <span class='ocrx_word' id='word_1_53' title='bbox 1319 613 1392 653; x_wconf 87' lang='lat' dir='ltr'>per</span> <span class='ocrx_word' id='word_1_54' title='bbox 1418 612 1528 638; x_wconf 88' lang='lat' dir='ltr'>erro-</span> 
     </span>
     <span class='ocr_line' id='line_1_8' title="bbox 171 659 1529 716; baseline -0.001 -14"><span class='ocrx_word' id='word_1_55' title='bbox 171 677 259 703; x_wconf 86' lang='lat' dir='ltr'>rem</span> <span class='ocrx_word' id='word_1_56' title='bbox 294 662 527 716; x_wconf 86' lang='lat' dir='ltr'>ingressos,</span> <span class='ocrx_word' id='word_1_57' title='bbox 566 668 776 713; x_wconf 78' lang='lat' dir='ltr'>tamquam</span> <span class='ocrx_word' id='word_1_58' title='bbox 816 660 867 700; x_wconf 87' lang='lat' dir='ltr'>ob</span> <span class='ocrx_word' id='word_1_59' title='bbox 899 660 1115 700; x_wconf 86' lang='lat' dir='ltr'>infandum</span> <span class='ocrx_word' id='word_1_60' title='bbox 1153 660 1287 701; x_wconf 84' lang='lat' dir='ltr'>scelus</span> <span class='ocrx_word' id='word_1_61' title='bbox 1322 659 1529 700; x_wconf 80' lang='lat' dir='ltr'>interfecti</span> 
     </span>
     <span class='ocr_line' id='line_1_9' title="bbox 173 722 1573 776; baseline -0.002 -12"><span class='ocrx_word' id='word_1_62' title='bbox 173 730 280 765; x_wconf 90' lang='lat' dir='ltr'>sunt.</span> <span class='ocrx_word' id='word_1_63' title='bbox 341 724 384 764; x_wconf 90' lang='lat' dir='ltr'>id</span> <span class='ocrx_word' id='word_1_64' title='bbox 427 730 512 763; x_wconf 88' lang='lat' dir='ltr'>tam</span> <span class='ocrx_word' id='word_1_65' title='bbox 556 722 677 763; x_wconf 87' lang='lat' dir='ltr'>foede</span> <span class='ocrx_word' id='word_1_66' title='bbox 721 730 843 775; x_wconf 91' lang='lat' dir='ltr'>atque</span> <span class='ocrx_word' id='word_1_67' title='bbox 880 722 1083 762; x_wconf 78' lang='lat' dir='ltr'>hostiliter</span> <span class='ocrx_word' id='word_1_68' title='bbox 1118 737 1221 776; x_wconf 88' lang='lat' dir='ltr'>gens</span> <span class='ocrx_word' id='word_1_69' title='bbox 1258 722 1529 762; x_wconf 88' lang='lat' dir='ltr'>Acarnanum</span> <span class='ocrx_word' id='word_1_70' title='bbox 1556 731 1573 760; x_wconf 82' lang='grc'>9</span> 
     </span>
     <span class='ocr_line' id='line_1_10' title="bbox 172 784 1528 839; baseline -0.001 -13"><span class='ocrx_word' id='word_1_71' title='bbox 172 786 328 826; x_wconf 88' lang='lat' dir='ltr'>factum</span> <span class='ocrx_word' id='word_1_72' title='bbox 347 785 400 825; x_wconf 87' lang='lat' dir='ltr'>ad</span> <span class='ocrx_word' id='word_1_73' title='bbox 416 784 659 839; x_wconf 82' lang='lat' dir='ltr'>Philippum</span> <span class='ocrx_word' id='word_1_74' title='bbox 681 785 826 825; x_wconf 87' lang='lat' dir='ltr'>detulit</span> <span class='ocrx_word' id='word_1_75' title='bbox 844 784 1160 839; x_wconf 73' lang='lat' dir='ltr'>impetravitque</span> <span class='ocrx_word' id='word_1_76' title='bbox 1186 785 1238 824; x_wconf 88' lang='lat' dir='ltr'>ab</span> <span class='ocrx_word' id='word_1_77' title='bbox 1264 799 1325 833; x_wconf 83' lang='lat' dir='ltr'>eo,</span> <span class='ocrx_word' id='word_1_78' title='bbox 1350 792 1396 824; x_wconf 91' lang='lat' dir='ltr'>ut</span> <span class='ocrx_word' id='word_1_79' title='bbox 1421 784 1528 824; x_wconf 87' lang='lat' dir='ltr'>datis</span> 
     </span>
     <span class='ocr_line' id='line_1_11' title="bbox 172 846 1530 902; baseline -0.001 -14"><span class='ocrx_word' id='word_1_80' title='bbox 172 848 453 889; x_wconf 75' lang='lat' dir='ltr'>Macedonum</span> <span class='ocrx_word' id='word_1_81' title='bbox 480 848 643 887; x_wconf 74' lang='lat' dir='ltr'>auxiliis</span> <span class='ocrx_word' id='word_1_82' title='bbox 669 847 824 887; x_wconf 89' lang='lat' dir='ltr'>bellum</span> <span class='ocrx_word' id='word_1_83' title='bbox 856 862 899 887; x_wconf 88' lang='lat' dir='ltr'>se</span> <span class='ocrx_word' id='word_1_84' title='bbox 925 847 1077 887; x_wconf 82' lang='lat' dir='ltr'>inferre</span> <span class='ocrx_word' id='word_1_85' title='bbox 1101 846 1431 887; x_wconf 81' lang='lat' dir='ltr'>Atheniensibus</span> <span class='ocrx_word' id='word_1_86' title='bbox 1457 862 1530 902; x_wconf 86' lang='lat' dir='ltr'>pa-</span> 
     </span>
     <span class='ocr_line' id='line_1_12' title="bbox 173 909 1599 964; baseline -0.001 -14"><span class='ocrx_word' id='word_1_87' title='bbox 173 918 338 951; x_wconf 88' lang='lat' dir='ltr'>teretur.</span> <span class='ocrx_word' id='word_1_88' title='bbox 399 909 466 950; x_wconf 89' lang='lat' dir='ltr'>hic</span> <span class='ocrx_word' id='word_1_89' title='bbox 498 910 702 950; x_wconf 82' lang='lat' dir='ltr'>exercitus</span> <span class='ocrx_word' id='word_1_90' title='bbox 734 909 866 964; x_wconf 90' lang='lat' dir='ltr'>primo</span> <span class='ocrx_word' id='word_1_91' title='bbox 898 917 1049 949; x_wconf 86' lang='lat' dir='ltr'>terram</span> <span class='ocrx_word' id='word_1_92' title='bbox 1072 909 1259 949; x_wconf 86' lang='lat' dir='ltr'>Atticam</span> <span class='ocrx_word' id='word_1_93' title='bbox 1290 909 1398 950; x_wconf 85' lang='lat' dir='ltr'>ferro</span> <span class='ocrx_word' id='word_1_94' title='bbox 1424 909 1530 964; x_wconf 81' lang='lat' dir='ltr'>igni·</span> <span class='ocrx_word' id='word_1_95' title='bbox 1558 918 1599 948; x_wconf 89' lang='lat'>10</span> 
     </span>
     <span class='ocr_line' id='line_1_13' title="bbox 174 970 1530 1026; baseline 0 -14"><span class='ocrx_word' id='word_1_96' title='bbox 174 987 253 1025; x_wconf 91' lang='lat' dir='ltr'>que</span> <span class='ocrx_word' id='word_1_97' title='bbox 286 972 560 1026; x_wconf 89' lang='lat' dir='ltr'>depopulatus</span> <span class='ocrx_word' id='word_1_98' title='bbox 593 985 686 1011; x_wconf 90' lang='lat' dir='ltr'>cum</span> <span class='ocrx_word' id='word_1_99' title='bbox 718 972 850 1011; x_wconf 85' lang='lat' dir='ltr'>omnis</span> <span class='ocrx_word' id='word_1_100' title='bbox 883 970 1047 1025; x_wconf 86' lang='lat' dir='ltr'>generis</span> <span class='ocrx_word' id='word_1_101' title='bbox 1078 971 1234 1025; x_wconf 89' lang='lat' dir='ltr'>praeda</span> <span class='ocrx_word' id='word_1_102' title='bbox 1269 971 1311 1010; x_wconf 92' lang='lat' dir='ltr'>in</span> <span class='ocrx_word' id='word_1_103' title='bbox 1342 972 1530 1012; x_wconf 82' lang='lat' dir='ltr'>Acarna-</span> 
     </span>
     <span class='ocr_line' id='line_1_14' title="bbox 174 1033 1529 1087; baseline 0 -13"><span class='ocrx_word' id='word_1_104' title='bbox 174 1035 283 1074; x_wconf 86' lang='lat' dir='ltr'>niam</span> <span class='ocrx_word' id='word_1_105' title='bbox 309 1035 443 1074; x_wconf 89' lang='lat' dir='ltr'>rediit.</span> <span class='ocrx_word' id='word_1_106' title='bbox 487 1041 527 1074; x_wconf 85' lang='lat' dir='ltr'>et</span> <span class='ocrx_word' id='word_1_107' title='bbox 552 1033 724 1074; x_wconf 84' lang='lat' dir='ltr'>irritatio</span> <span class='ocrx_word' id='word_1_108' title='bbox 751 1033 918 1085; x_wconf 88' lang='lat' dir='ltr'>quidem</span> <span class='ocrx_word' id='word_1_109' title='bbox 944 1033 1175 1073; x_wconf 88' lang='lat' dir='ltr'>animorum</span> <span class='ocrx_word' id='word_1_110' title='bbox 1202 1048 1251 1072; x_wconf 89' lang='lat' dir='ltr'>ea</span> <span class='ocrx_word' id='word_1_111' title='bbox 1275 1033 1408 1087; x_wconf 87' lang='lat' dir='ltr'>prima</span> <span class='ocrx_word' id='word_1_112' title='bbox 1433 1033 1529 1074; x_wconf 83' lang='lat' dir='ltr'>fuit:</span> 
     </span>
     <span class='ocr_line' id='line_1_15' title="bbox 173 1094 1530 1150; baseline 0 -14"><span class='ocrx_word' id='word_1_113' title='bbox 173 1108 320 1150; x_wconf 86' lang='lat' dir='ltr'>postea</span> <span class='ocrx_word' id='word_1_114' title='bbox 354 1096 512 1135; x_wconf 83' lang='lat' dir='ltr'>iustum·</span> <span class='ocrx_word' id='word_1_115' title='bbox 545 1095 700 1135; x_wconf 88' lang='lat' dir='ltr'>bellum</span> <span class='ocrx_word' id='word_1_116' title='bbox 737 1095 912 1134; x_wconf 81' lang='lat' dir='ltr'>decretis</span> <span class='ocrx_word' id='word_1_117' title='bbox 951 1094 1127 1134; x_wconf 70' lang='lat' dir='ltr'>civitatis</span> <span class='ocrx_word' id='word_1_118' title='bbox 1165 1095 1272 1135; x_wconf 86' lang='lat' dir='ltr'>ultro</span> <span class='ocrx_word' id='word_1_119' title='bbox 1309 1095 1530 1136; x_wconf 88' lang='lat' dir='ltr'>indicendo</span> 
     </span>
     <span class='ocr_line' id='line_1_16' title="bbox 174 1156 1595 1210; baseline -0.001 -12"><span class='ocrx_word' id='word_1_120' title='bbox 174 1160 342 1198; x_wconf 80' lang='lat' dir='ltr'>sactum.</span> <span class='ocrx_word' id='word_1_121' title='bbox 390 1157 560 1197; x_wconf 85' lang='lat' dir='ltr'>Attalus</span> <span class='ocrx_word' id='word_1_122' title='bbox 588 1156 697 1196; x_wconf 88' lang='lat' dir='ltr'>enim</span> <span class='ocrx_word' id='word_1_123' title='bbox 722 1171 794 1196; x_wconf 80' lang='lat' dir='ltr'>rex</span> <span class='ocrx_word' id='word_1_124' title='bbox 820 1156 1056 1208; x_wconf 85' lang='lat' dir='ltr'>Rhodiique</span> <span class='ocrx_word' id='word_1_125' title='bbox 1081 1156 1290 1210; x_wconf 84' lang='lat' dir='ltr'>persecuti</span> <span class='ocrx_word' id='word_1_126' title='bbox 1315 1157 1532 1198; x_wconf 86' lang='lat' dir='ltr'>cedentem</span> <span class='ocrx_word' id='word_1_127' title='bbox 1560 1169 1595 1197; x_wconf 87' lang='lat'>11</span> 
     </span>
     <span class='ocr_line' id='line_1_17' title="bbox 173 1217 1533 1272; baseline -0.001 -13"><span class='ocrx_word' id='word_1_128' title='bbox 173 1220 214 1259; x_wconf 91' lang='lat' dir='ltr'>in</span> <span class='ocrx_word' id='word_1_129' title='bbox 238 1218 533 1259; x_wconf 80' lang='lat' dir='ltr'>Macedoniam</span> <span class='ocrx_word' id='word_1_130' title='bbox 556 1218 799 1272; x_wconf 86' lang='lat' dir='ltr'>Philippum</span> <span class='ocrx_word' id='word_1_131' title='bbox 830 1232 924 1258; x_wconf 90' lang='lat' dir='ltr'>cum</span> <span class='ocrx_word' id='word_1_132' title='bbox 948 1218 1159 1272; x_wconf 77' lang='lat' dir='ltr'>Aeginam</span> <span class='ocrx_word' id='word_1_133' title='bbox 1191 1217 1422 1266; x_wconf 70' lang='lat' dir='ltr'>venisseut,</span> <span class='ocrx_word' id='word_1_134' title='bbox 1459 1233 1533 1259; x_wconf 82' lang='lat' dir='ltr'>rex</span> 
     </span>
     <span class='ocr_line' id='line_1_18' title="bbox 172 1279 1530 1333; baseline 0 -12"><span class='ocrx_word' id='word_1_135' title='bbox 172 1282 368 1322; x_wconf 81' lang='lat' dir='ltr'>Piraeum</span> <span class='ocrx_word' id='word_1_136' title='bbox 392 1280 655 1321; x_wconf 79' lang='lat' dir='ltr'>renovandae</span> <span class='ocrx_word' id='word_1_137' title='bbox 682 1279 1070 1333; x_wconf 85' lang='lat' dir='ltr'>confirmandaeque</span> <span class='ocrx_word' id='word_1_138' title='bbox 1092 1294 1185 1320; x_wconf 89' lang='lat' dir='ltr'>cum</span> <span class='ocrx_word' id='word_1_139' title='bbox 1200 1279 1530 1321; x_wconf 87' lang='lat' dir='ltr'>Atheniensibus</span> 
     </span>
     <span class='ocr_line' id='line_1_19' title="bbox 174 1342 1599 1390; baseline -0.001 -6"><span class='ocrx_word' id='word_1_140' title='bbox 174 1343 381 1385; x_wconf 87' lang='lat' dir='ltr'>societatis</span> <span class='ocrx_word' id='word_1_141' title='bbox 408 1357 533 1383; x_wconf 89' lang='lat' dir='ltr'>causa</span> <span class='ocrx_word' id='word_1_142' title='bbox 559 1342 731 1383; x_wconf 85' lang='lat' dir='ltr'>traiecit.</span> <span class='ocrx_word' id='word_1_143' title='bbox 770 1342 914 1383; x_wconf 72' lang='lat' dir='ltr'>civitas</span> <span class='ocrx_word' id='word_1_144' title='bbox 936 1342 1068 1383; x_wconf 87' lang='lat' dir='ltr'>omnis</span> <span class='ocrx_word' id='word_1_145' title='bbox 1090 1342 1257 1383; x_wconf 72' lang='lat' dir='ltr'>obviam</span> <span class='ocrx_word' id='word_1_146' title='bbox 1277 1342 1411 1382; x_wconf 82' lang='lat' dir='ltr'>effusa</span> <span class='ocrx_word' id='word_1_147' title='bbox 1439 1356 1533 1383; x_wconf 91' lang='lat' dir='ltr'>cum</span> <span class='ocrx_word' id='word_1_148' title='bbox 1561 1360 1599 1390; x_wconf 77' lang='lat'>12</span> 
     </span>
     <span class='ocr_line' id='line_1_20' title="bbox 174 1403 1532 1461; baseline -0.001 -13"><span class='ocrx_word' id='word_1_149' title='bbox 174 1406 420 1461; x_wconf 84' lang='lat' dir='ltr'>coniugibus</span> <span class='ocrx_word' id='word_1_150' title='bbox 463 1419 511 1446; x_wconf 92' lang='lat' dir='ltr'>ac</span> <span class='ocrx_word' id='word_1_151' title='bbox 552 1405 710 1454; x_wconf 89' lang='lat' dir='ltr'>liberis,</span> <span class='ocrx_word' id='word_1_152' title='bbox 761 1405 997 1446; x_wconf 83' lang='lat' dir='ltr'>sacerdotes</span> <span class='ocrx_word' id='word_1_153' title='bbox 1044 1403 1123 1459; x_wconf 67' lang='lat' dir='ltr'>[in]</span> <span class='ocrx_word' id='word_1_154' title='bbox 1166 1405 1401 1460; x_wconf 78' lang='lat' dir='ltr'>insignibus</span> <span class='ocrx_word' id='word_1_155' title='bbox 1447 1406 1532 1446; x_wconf 86' lang='lat' dir='ltr'>suis</span> 
     </span>
     <span class='ocr_line' id='line_1_21' title="bbox 173 1467 1533 1523; baseline -0.001 -15"><span class='ocrx_word' id='word_1_156' title='bbox 173 1468 394 1509; x_wconf 88' lang='lat' dir='ltr'>intrantem</span> <span class='ocrx_word' id='word_1_157' title='bbox 435 1468 581 1509; x_wconf 86' lang='lat' dir='ltr'>urbem</span> <span class='ocrx_word' id='word_1_158' title='bbox 625 1482 672 1509; x_wconf 90' lang='lat' dir='ltr'>ac</span> <span class='ocrx_word' id='word_1_159' title='bbox 715 1468 756 1508; x_wconf 85' lang='lat' dir='ltr'>di</span> <span class='ocrx_word' id='word_1_160' title='bbox 797 1482 927 1523; x_wconf 87' lang='lat' dir='ltr'>prope</span> <span class='ocrx_word' id='word_1_161' title='bbox 963 1467 1044 1522; x_wconf 88' lang='lat' dir='ltr'>ipsi</span> <span class='ocrx_word' id='word_1_162' title='bbox 1080 1467 1204 1508; x_wconf 78' lang='lat' dir='ltr'>exciti</span> <span class='ocrx_word' id='word_1_163' title='bbox 1241 1467 1409 1508; x_wconf 88' lang='lat' dir='ltr'>sedibus</span> <span class='ocrx_word' id='word_1_164' title='bbox 1448 1467 1533 1508; x_wconf 87' lang='lat' dir='ltr'>suis</span> 
     </span>
     <span class='ocr_line' id='line_1_22' title="bbox 174 1538 436 1585; baseline 0.004 -14"><span class='ocrx_word' id='word_1_165' title='bbox 174 1538 436 1585; x_wconf 87' lang='lat' dir='ltr'>aeceperunt.</span> 
     </span>
    </p>

    <p class='ocr_par' dir='ltr' id='par_1_3' title="bbox 171 1592 1582 2704">
     <span class='ocr_line' id='line_1_23' title="bbox 259 1592 1578 1648; baseline -0.002 -13"><span class='ocrx_word' id='word_1_166' title='bbox 259 1592 362 1635; x_wconf 88' lang='lat' dir='ltr'>XV.</span> <span class='ocrx_word' id='word_1_167' title='bbox 411 1594 462 1634; x_wconf 90' lang='lat' dir='ltr'>In</span> <span class='ocrx_word' id='word_1_168' title='bbox 488 1592 720 1634; x_wconf 89' lang='lat' dir='ltr'>contionem</span> <span class='ocrx_word' id='word_1_169' title='bbox 740 1593 948 1647; x_wconf 77' lang='lat' dir='ltr'>extemplo</span> <span class='ocrx_word' id='word_1_170' title='bbox 974 1592 1152 1648; x_wconf 88' lang='lat' dir='ltr'>populus</span> <span class='ocrx_word' id='word_1_171' title='bbox 1179 1598 1364 1641; x_wconf 76' lang='lat' dir='ltr'>vocatus,</span> <span class='ocrx_word' id='word_1_172' title='bbox 1392 1599 1435 1632; x_wconf 93' lang='lat' dir='ltr'>ut</span> <span class='ocrx_word' id='word_1_173' title='bbox 1460 1607 1533 1633; x_wconf 83' lang='lat' dir='ltr'>rex</span> <span class='ocrx_word' id='word_1_174' title='bbox 1563 1611 1578 1639; x_wconf 87' lang='lat'>1</span> 
     </span>
     <span class='ocr_line' id='line_1_24' title="bbox 175 1654 1536 1709; baseline 0.001 -15"><span class='ocrx_word' id='word_1_175' title='bbox 175 1668 281 1708; x_wconf 89' lang='lat' dir='ltr'>quae</span> <span class='ocrx_word' id='word_1_176' title='bbox 301 1654 425 1695; x_wconf 84' lang='lat' dir='ltr'>vellet</span> <span class='ocrx_word' id='word_1_177' title='bbox 446 1669 584 1695; x_wconf 89' lang='lat' dir='ltr'>coram</span> <span class='ocrx_word' id='word_1_178' title='bbox 604 1663 764 1709; x_wconf 81' lang='lat' dir='ltr'>ageret3</span> <span class='ocrx_word' id='word_1_179' title='bbox 791 1655 939 1695; x_wconf 88' lang='lat' dir='ltr'>deinde</span> <span class='ocrx_word' id='word_1_180' title='bbox 955 1670 1006 1696; x_wconf 79' lang='lat' dir='ltr'>ex</span> <span class='ocrx_word' id='word_1_181' title='bbox 1021 1655 1222 1709; x_wconf 75' lang='lat' dir='ltr'>dignitate</span> <span class='ocrx_word' id='word_1_182' title='bbox 1242 1654 1377 1709; x_wconf 87' lang='lat' dir='ltr'>magis</span> <span class='ocrx_word' id='word_1_183' title='bbox 1399 1655 1536 1695; x_wconf 72' lang='lat' dir='ltr'>visum</span> 
     </span>
     <span class='ocr_line' id='line_1_25' title="bbox 177 1716 1580 1771; baseline 0.001 -15"><span class='ocrx_word' id='word_1_184' title='bbox 177 1716 356 1757; x_wconf 85' lang='lat' dir='ltr'>scribere</span> <span class='ocrx_word' id='word_1_185' title='bbox 382 1731 475 1756; x_wconf 89' lang='lat' dir='ltr'>eum</span> <span class='ocrx_word' id='word_1_186' title='bbox 501 1717 552 1757; x_wconf 90' lang='lat' dir='ltr'>de</span> <span class='ocrx_word' id='word_1_187' title='bbox 578 1717 726 1769; x_wconf 87' lang='lat' dir='ltr'>quibus</span> <span class='ocrx_word' id='word_1_188' title='bbox 753 1717 981 1765; x_wconf 77' lang='lat' dir='ltr'>videretur,</span> <span class='ocrx_word' id='word_1_189' title='bbox 1021 1732 1145 1769; x_wconf 90' lang='lat' dir='ltr'>quam</span> <span class='ocrx_word' id='word_1_190' title='bbox 1176 1724 1440 1771; x_wconf 86' lang='lat' dir='ltr'>praesentem</span> <span class='ocrx_word' id='word_1_191' title='bbox 1466 1724 1536 1757; x_wconf 87' lang='lat' dir='ltr'>aut</span> <span class='ocrx_word' id='word_1_192' title='bbox 1562 1733 1580 1762; x_wconf 76' lang='lat'>2</span> 
     </span>
     <span class='ocr_line' id='line_1_26' title="bbox 175 1778 1536 1819; baseline 0 -1"><span class='ocrx_word' id='word_1_193' title='bbox 175 1778 404 1819; x_wconf 87' lang='lat' dir='ltr'>referendis</span> <span class='ocrx_word' id='word_1_194' title='bbox 453 1778 538 1818; x_wconf 89' lang='lat' dir='ltr'>suis</span> <span class='ocrx_word' id='word_1_195' title='bbox 586 1778 630 1818; x_wconf 91' lang='lat' dir='ltr'>in</span> <span class='ocrx_word' id='word_1_196' title='bbox 672 1778 881 1818; x_wconf 72' lang='lat' dir='ltr'>civitatem</span> <span class='ocrx_word' id='word_1_197' title='bbox 923 1778 1135 1818; x_wconf 87' lang='lat' dir='ltr'>beneficiis</span> <span class='ocrx_word' id='word_1_198' title='bbox 1179 1779 1423 1818; x_wconf 87' lang='lat' dir='ltr'>erubescere</span> <span class='ocrx_word' id='word_1_199' title='bbox 1466 1786 1536 1818; x_wconf 81' lang='lat' dir='ltr'>aut</span> 
     </span>
     <span class='ocr_line' id='line_1_27' title="bbox 175 1839 1538 1895; baseline 0 -15"><span class='ocrx_word' id='word_1_200' title='bbox 175 1840 548 1895; x_wconf 89' lang='lat' dir='ltr'>significationibus</span> <span class='ocrx_word' id='word_1_201' title='bbox 587 1840 1041 1893; x_wconf 87' lang='lat' dir='ltr'>adclamationibusque</span> <span class='ocrx_word' id='word_1_202' title='bbox 1079 1839 1353 1880; x_wconf 84' lang='lat' dir='ltr'>multitudinis</span> <span class='ocrx_word' id='word_1_203' title='bbox 1387 1840 1538 1880; x_wconf 90' lang='lat' dir='ltr'>adsen-</span> 
     </span>
     <span class='ocr_line' id='line_1_28' title="bbox 179 1901 1578 1957; baseline 0.001 -16"><span class='ocrx_word' id='word_1_204' title='bbox 179 1901 330 1943; x_wconf 85' lang='lat' dir='ltr'>tatione</span> <span class='ocrx_word' id='word_1_205' title='bbox 365 1902 572 1943; x_wconf 81' lang='lat' dir='ltr'>inmodica</span> <span class='ocrx_word' id='word_1_206' title='bbox 608 1903 808 1957; x_wconf 88' lang='lat' dir='ltr'>pudorem</span> <span class='ocrx_word' id='word_1_207' title='bbox 840 1902 1062 1943; x_wconf 89' lang='lat' dir='ltr'>onerantis.</span> <span class='ocrx_word' id='word_1_208' title='bbox 1129 1901 1173 1941; x_wconf 90' lang='lat' dir='ltr'>in</span> <span class='ocrx_word' id='word_1_209' title='bbox 1202 1901 1348 1942; x_wconf 87' lang='lat' dir='ltr'>litteris</span> <span class='ocrx_word' id='word_1_210' title='bbox 1382 1910 1532 1951; x_wconf 89' lang='lat' dir='ltr'>autem,</span> <span class='ocrx_word' id='word_1_211' title='bbox 1560 1919 1578 1949; x_wconf 89' lang='lat'><strong>3</strong></span> 
     </span>
     <span class='ocr_line' id='line_1_29' title="bbox 177 1965 1537 2017; baseline 0.001 -13"><span class='ocrx_word' id='word_1_212' title='bbox 177 1978 281 2017; x_wconf 89' lang='lat' dir='ltr'>quae</span> <span class='ocrx_word' id='word_1_213' title='bbox 307 1965 460 2005; x_wconf 87' lang='lat' dir='ltr'>missae</span> <span class='ocrx_word' id='word_1_214' title='bbox 491 1965 534 2005; x_wconf 92' lang='lat' dir='ltr'>in</span> <span class='ocrx_word' id='word_1_215' title='bbox 559 1965 793 2005; x_wconf 89' lang='lat' dir='ltr'>contionem</span> <span class='ocrx_word' id='word_1_216' title='bbox 822 1965 1100 2017; x_wconf 84' lang='lat' dir='ltr'>recitataeque</span> <span class='ocrx_word' id='word_1_217' title='bbox 1133 1972 1247 2012; x_wconf 89' lang='lat' dir='ltr'>sunt,</span> <span class='ocrx_word' id='word_1_218' title='bbox 1286 1978 1537 2005; x_wconf 90' lang='lat' dir='ltr'>commemo-</span> 
     </span>
     <span class='ocr_line' id='line_1_30' title="bbox 173 2025 1534 2081; baseline 0.001 -16"><span class='ocrx_word' id='word_1_219' title='bbox 173 2025 280 2067; x_wconf 85' lang='lat' dir='ltr'>ratio</span> <span class='ocrx_word' id='word_1_220' title='bbox 323 2034 411 2068; x_wconf 84' lang='lat' dir='ltr'>erat</span> <span class='ocrx_word' id='word_1_221' title='bbox 452 2027 747 2068; x_wconf 87' lang='lat' dir='ltr'>beneficiorum</span> <span class='ocrx_word' id='word_1_222' title='bbox 789 2027 969 2081; x_wconf 89' lang='lat' dir='ltr'>primum</span> <span class='ocrx_word' id='word_1_223' title='bbox 1010 2027 1054 2066; x_wconf 91' lang='lat' dir='ltr'>in</span> <span class='ocrx_word' id='word_1_224' title='bbox 1096 2026 1305 2066; x_wconf 72' lang='lat' dir='ltr'>civitatem</span> <span class='ocrx_word' id='word_1_225' title='bbox 1354 2041 1534 2075; x_wconf 89' lang='lat' dir='ltr'>suorum,</span> 
     </span>
     <span class='ocr_line' id='line_1_31' title="bbox 172 2087 1582 2143; baseline -0.001 -14"><span class='ocrx_word' id='word_1_226' title='bbox 172 2087 328 2130; x_wconf 88' lang='lat' dir='ltr'>deinde</span> <span class='ocrx_word' id='word_1_227' title='bbox 362 2104 518 2138; x_wconf 86' lang='lat' dir='ltr'>rerum,</span> <span class='ocrx_word' id='word_1_228' title='bbox 563 2104 664 2142; x_wconf 87' lang='lat' dir='ltr'>quas</span> <span class='ocrx_word' id='word_1_229' title='bbox 703 2089 902 2130; x_wconf 78' lang='lat' dir='ltr'>adversus</span> <span class='ocrx_word' id='word_1_230' title='bbox 938 2089 1181 2143; x_wconf 87' lang='lat' dir='ltr'>Philippum</span> <span class='ocrx_word' id='word_1_231' title='bbox 1217 2087 1439 2143; x_wconf 87' lang='lat' dir='ltr'>gessisset,</span> <span class='ocrx_word' id='word_1_232' title='bbox 1485 2089 1538 2129; x_wconf 87' lang='lat' dir='ltr'>ad</span> <span class='ocrx_word' id='word_1_233' title='bbox 1561 2108 1582 2136; x_wconf 77' lang='lat'>4</span> 
     </span>
     <span class='ocr_line' id='line_1_32' title="bbox 171 2150 1537 2206; baseline -0.001 -14"><span class='ocrx_word' id='word_1_234' title='bbox 171 2158 434 2206; x_wconf 87' lang='lat' dir='ltr'>postremum</span> <span class='ocrx_word' id='word_1_235' title='bbox 476 2151 709 2193; x_wconf 86' lang='lat' dir='ltr'>adhortatio</span> <span class='ocrx_word' id='word_1_236' title='bbox 748 2151 994 2206; x_wconf 90' lang='lat' dir='ltr'>capessendi</span> <span class='ocrx_word' id='word_1_237' title='bbox 1036 2151 1151 2200; x_wconf 86' lang='lat' dir='ltr'>belli,</span> <span class='ocrx_word' id='word_1_238' title='bbox 1196 2151 1294 2191; x_wconf 90' lang='lat' dir='ltr'>dum</span> <span class='ocrx_word' id='word_1_239' title='bbox 1332 2166 1394 2199; x_wconf 86' lang='lat' dir='ltr'>se,</span> <span class='ocrx_word' id='word_1_240' title='bbox 1439 2150 1537 2191; x_wconf 88' lang='lat' dir='ltr'>dum</span> 
     </span>
     <span class='ocr_line' id='line_1_33' title="bbox 176 2213 1536 2267; baseline 0 -13"><span class='ocrx_word' id='word_1_241' title='bbox 176 2213 386 2262; x_wconf 75' lang='lat' dir='ltr'>Rhodios,</span> <span class='ocrx_word' id='word_1_242' title='bbox 435 2221 523 2254; x_wconf 91' lang='lat' dir='ltr'>tum</span> <span class='ocrx_word' id='word_1_243' title='bbox 560 2215 726 2267; x_wconf 86' lang='lat' dir='ltr'>quidem</span> <span class='ocrx_word' id='word_1_244' title='bbox 770 2215 868 2254; x_wconf 90' lang='lat' dir='ltr'>dum</span> <span class='ocrx_word' id='word_1_245' title='bbox 905 2215 1028 2254; x_wconf 85' lang='lat' dir='ltr'>etiam</span> <span class='ocrx_word' id='word_1_246' title='bbox 1063 2214 1277 2254; x_wconf 82' lang='lat' dir='ltr'>Romanos</span> <span class='ocrx_word' id='word_1_247' title='bbox 1317 2213 1536 2254; x_wconf 87' lang='lat' dir='ltr'>haberent:</span> 
     </span>
     <span class='ocr_line' id='line_1_34' title="bbox 175 2275 1538 2330; baseline 0.001 -16"><span class='ocrx_word' id='word_1_248' title='bbox 175 2275 401 2328; x_wconf 88' lang='lat' dir='ltr'>nequiqam</span> <span class='ocrx_word' id='word_1_249' title='bbox 426 2283 584 2329; x_wconf 83' lang='lat' dir='ltr'>postea,</span> <span class='ocrx_word' id='word_1_250' title='bbox 613 2276 647 2316; x_wconf 90' lang='lat' dir='ltr'>si</span> <span class='ocrx_word' id='word_1_251' title='bbox 672 2284 758 2316; x_wconf 91' lang='lat' dir='ltr'>tum</span> <span class='ocrx_word' id='word_1_252' title='bbox 785 2283 1033 2323; x_wconf 85' lang='lat' dir='ltr'>cessassent,</span> <span class='ocrx_word' id='word_1_253' title='bbox 1060 2276 1397 2330; x_wconf 87' lang='lat' dir='ltr'>praetermissam</span> <span class='ocrx_word' id='word_1_254' title='bbox 1419 2289 1538 2316; x_wconf 88' lang='lat' dir='ltr'>occa-</span> 
     </span>
     <span class='ocr_line' id='line_1_35' title="bbox 180 2336 1581 2391; baseline 0.001 -14"><span class='ocrx_word' id='word_1_255' title='bbox 180 2336 339 2377; x_wconf 88' lang='lat' dir='ltr'>sionem</span> <span class='ocrx_word' id='word_1_256' title='bbox 376 2338 648 2389; x_wconf 88' lang='lat' dir='ltr'>quaesituros.</span> <span class='ocrx_word' id='word_1_257' title='bbox 707 2338 863 2378; x_wconf 85' lang='lat' dir='ltr'>Rhodii</span> <span class='ocrx_word' id='word_1_258' title='bbox 901 2337 1049 2377; x_wconf 88' lang='lat' dir='ltr'>deinde</span> <span class='ocrx_word' id='word_1_259' title='bbox 1086 2337 1213 2391; x_wconf 87' lang='lat' dir='ltr'>legati</span> <span class='ocrx_word' id='word_1_260' title='bbox 1250 2337 1378 2377; x_wconf 92' lang='lat' dir='ltr'>auditi</span> <span class='ocrx_word' id='word_1_261' title='bbox 1421 2346 1536 2387; x_wconf 87' lang='lat' dir='ltr'>sunt3</span> <span class='ocrx_word' id='word_1_262' title='bbox 1563 2357 1581 2385; x_wconf 88' lang='lat'>3</span> 
     </span>
     <span class='ocr_line' id='line_1_36' title="bbox 181 2398 1537 2453; baseline 0.001 -14"><span class='ocrx_word' id='word_1_263' title='bbox 181 2413 354 2452; x_wconf 89' lang='lat' dir='ltr'>quorum</span> <span class='ocrx_word' id='word_1_264' title='bbox 380 2413 524 2439; x_wconf 88' lang='lat' dir='ltr'>recens</span> <span class='ocrx_word' id='word_1_265' title='bbox 552 2406 638 2440; x_wconf 91' lang='lat' dir='ltr'>erat</span> <span class='ocrx_word' id='word_1_266' title='bbox 662 2400 928 2448; x_wconf 84' lang='lat' dir='ltr'>beneficium,</span> <span class='ocrx_word' id='word_1_267' title='bbox 956 2399 1066 2452; x_wconf 85' lang='lat' dir='ltr'>quod</span> <span class='ocrx_word' id='word_1_268' title='bbox 1090 2414 1218 2440; x_wconf 76' lang='lat' dir='ltr'>naves</span> <span class='ocrx_word' id='word_1_269' title='bbox 1244 2398 1392 2453; x_wconf 90' lang='lat' dir='ltr'>longas</span> <span class='ocrx_word' id='word_1_270' title='bbox 1418 2407 1537 2453; x_wconf 86' lang='lat' dir='ltr'>quat-</span> 
     </span>
     <span class='ocr_line' id='line_1_37' title="bbox 180 2460 1537 2516; baseline 0.001 -15"><span class='ocrx_word' id='word_1_271' title='bbox 180 2469 272 2502; x_wconf 83' lang='lat' dir='ltr'>tuor</span> <span class='ocrx_word' id='word_1_272' title='bbox 301 2460 624 2501; x_wconf 83' lang='lat' dir='ltr'>Atheniensium</span> <span class='ocrx_word' id='word_1_273' title='bbox 661 2469 803 2515; x_wconf 87' lang='lat' dir='ltr'>captas</span> <span class='ocrx_word' id='word_1_274' title='bbox 840 2476 971 2516; x_wconf 90' lang='lat' dir='ltr'>nuper</span> <span class='ocrx_word' id='word_1_275' title='bbox 1003 2462 1054 2501; x_wconf 90' lang='lat' dir='ltr'>ab</span> <span class='ocrx_word' id='word_1_276' title='bbox 1085 2461 1389 2502; x_wconf 87' lang='lat' dir='ltr'>Macedonibus</span> <span class='ocrx_word' id='word_1_277' title='bbox 1420 2476 1537 2503; x_wconf 87' lang='lat' dir='ltr'>recu-</span> 
     </span>
     <span class='ocr_line' id='line_1_38' title="bbox 180 2523 1537 2578; baseline 0 -14"><span class='ocrx_word' id='word_1_278' title='bbox 180 2530 427 2578; x_wconf 85' lang='lat' dir='ltr'>peratasque</span> <span class='ocrx_word' id='word_1_279' title='bbox 462 2524 720 2563; x_wconf 88' lang='lat' dir='ltr'>remiserant.</span> <span class='ocrx_word' id='word_1_280' title='bbox 780 2523 919 2576; x_wconf 85' lang='lat' dir='ltr'>itaque</span> <span class='ocrx_word' id='word_1_281' title='bbox 954 2523 1115 2578; x_wconf 88' lang='lat' dir='ltr'>ingenti</span> <span class='ocrx_word' id='word_1_282' title='bbox 1145 2538 1351 2565; x_wconf 89' lang='lat' dir='ltr'>consensu</span> <span class='ocrx_word' id='word_1_283' title='bbox 1382 2524 1537 2565; x_wconf 88' lang='lat' dir='ltr'>bellum</span> 
     </span>
     <span class='ocr_line' id='line_1_39' title="bbox 183 2584 1580 2641; baseline 0.001 -16"><span class='ocrx_word' id='word_1_284' title='bbox 183 2584 381 2625; x_wconf 83' lang='lat' dir='ltr'>adversus</span> <span class='ocrx_word' id='word_1_285' title='bbox 423 2584 666 2639; x_wconf 88' lang='lat' dir='ltr'>Philippum</span> <span class='ocrx_word' id='word_1_286' title='bbox 708 2585 930 2626; x_wconf 88' lang='lat' dir='ltr'>decretum.</span> <span class='ocrx_word' id='word_1_287' title='bbox 1002 2586 1179 2627; x_wconf 90' lang='lat' dir='ltr'>honores</span> <span class='ocrx_word' id='word_1_288' title='bbox 1223 2586 1312 2641; x_wconf 88' lang='lat' dir='ltr'>regi</span> <span class='ocrx_word' id='word_1_289' title='bbox 1358 2586 1536 2641; x_wconf 88' lang='lat' dir='ltr'>primum</span> <span class='ocrx_word' id='word_1_290' title='bbox 1562 2605 1580 2635; x_wconf 88' lang='lat'>6</span> 
     </span>
     <span class='ocr_line' id='line_1_40' title="bbox 181 2646 1534 2704; baseline 0.001 -16"><span class='ocrx_word' id='word_1_291' title='bbox 181 2647 325 2688; x_wconf 87' lang='lat' dir='ltr'>Attalo</span> <span class='ocrx_word' id='word_1_292' title='bbox 350 2646 563 2695; x_wconf 89' lang='lat' dir='ltr'>inmodici,</span> <span class='ocrx_word' id='word_1_293' title='bbox 597 2646 745 2688; x_wconf 88' lang='lat' dir='ltr'>deinde</span> <span class='ocrx_word' id='word_1_294' title='bbox 771 2654 812 2688; x_wconf 86' lang='lat' dir='ltr'>et</span> <span class='ocrx_word' id='word_1_295' title='bbox 835 2647 1012 2689; x_wconf 82' lang='lat' dir='ltr'>Rhodiis</span> <span class='ocrx_word' id='word_1_296' title='bbox 1039 2648 1182 2689; x_wconf 88' lang='lat' dir='ltr'>habiti.</span> <span class='ocrx_word' id='word_1_297' title='bbox 1243 2655 1330 2689; x_wconf 90' lang='lat' dir='ltr'>tum</span> <span class='ocrx_word' id='word_1_298' title='bbox 1355 2649 1534 2704; x_wconf 89' lang='lat' dir='ltr'>primum</span> 
     </span>
    </p>
   </div>
  </div>
 </body>
</html>
