1799 2900
145 1934 162 1963 9

124 2181 162 2209 10

124 2306 158 2334 11

149 2490 163 2518 1

147 2551 164 2579 2

195 84 276 124 374
461 89 614 123 LIBER
641 88 885 131 XXXVIIII,
914 89 1011 122 1-3.
1038 91 1085 132 [a.
1098 101 1132 123 u.
1148 101 1177 124 e.
1190 90 1273 133 567]

192 195 293 235 nihil
313 202 475 249 praeter
494 206 608 231 arma
629 198 667 231 et
689 191 798 231 viros
819 205 983 232 omnem
999 206 1115 246 spem
1134 192 1175 232 in
1197 192 1319 232 armis
1342 192 1542 233 habentes

193 264 291 297 erat.
353 268 428 294 nee
460 254 601 294 deerat
630 266 827 305 umquam
858 267 951 293 eum
976 254 1026 294 iis
1058 254 1123 294 vel
1155 255 1326 294 materia
1356 254 1453 295 belli
1479 254 1542 295 vel

193 332 336 365 causa,
376 315 471 368 quia
506 322 675 370 propter
712 314 981 355 domesticam
1018 315 1199 370 inopiam
1232 316 1386 357 vicinos
1420 331 1541 371 agros

192 378 470 419 incursabant.
514 391 591 417 nee
617 385 755 417 tamen
780 376 822 416 in
847 376 1069 417 discrimen
1095 392 1280 418 summae
1306 393 1440 418 rerum
1470 393 1542 433 pu-

191 441 408 495 gnabatur.

276 502 333 542 II.
367 500 662 542 C.Flaminius
685 500 842 549 consul,
871 514 962 540 cum
983 500 1237 541 Friniatibus
1252 500 1480 555 Liguribus
1502 500 1544 540 in

191 578 292 618 agro
319 577 459 603 eorum
491 562 678 616 pluribus
710 561 878 617 proeliis
905 561 1097 602 secundis
1124 562 1263 610 factis,
1296 562 1337 601 in
1371 562 1542 603 deditio-

193 640 287 666 nem
313 636 481 679 gentem
501 624 659 678 aceepit
686 631 727 664 et
751 639 865 664 arma
891 623 1055 663 ademit.
1089 638 1137 663 ea
1157 623 1251 676 quia
1276 637 1360 663 non
1386 622 1545 663 sincera

189 687 270 728 fide
290 686 520 734 tradebant,
549 700 643 725 eum
662 685 977 740 castigarentur,
1002 684 1155 724 relictis
1178 684 1279 724 vicis
1300 685 1343 724 in
1363 692 1543 725 montem

191 748 405 803 Auginum
432 747 718 802 profugerunt.
757 746 975 787 confestim
1003 754 1168 786 secutus
1194 753 1256 786 est
1283 746 1440 786 consul.
1480 759 1546 786 ee-

190 810 352 850 lcrrime
378 809 500 850 effusi
524 825 687 858 rursus,
714 816 753 849 et
778 824 874 862 pars
900 808 1082 848 maxima
1106 809 1303 856 inermes,
1337 822 1410 862 per
1435 807 1546 847 invia

191 882 231 912 et
249 887 372 926 rupes
395 872 590 925 deruptas
617 870 937 925 praecipitantes
959 870 1153 924 fugerunt
1175 884 1255 923 qua
1276 870 1392 922 sequi
1413 869 1543 910 hostis

191 949 274 975 non
299 942 454 988 posset.
488 934 545 973 ita
570 941 683 973 trans
698 933 969 987 Apenninum
995 932 1195 972 abierunt.
1234 932 1303 984 qui
1328 931 1473 972 eastris
1501 945 1545 971 se

192 1004 421 1044 tenuerant,
438 995 700 1036 circumsessi
721 1003 761 1035 et
775 994 1002 1049 expugnati
1022 1001 1130 1034 sunt.
1162 994 1257 1034 inde
1273 1001 1385 1034 trans
1400 994 1546 1048 Apen-

190 1057 333 1097 ninum
359 1058 505 1097 duetae
530 1057 730 1111 legiones.
779 1057 836 1097 ibi
861 1056 1013 1097 montis
1040 1071 1164 1108 quem
1190 1063 1385 1110 ceperant
1410 1055 1545 1095 altitu-

191 1119 284 1160 dine
305 1119 515 1173 paulisper
538 1134 582 1160 se
607 1120 741 1168 tutati,
767 1134 865 1160 mox
889 1119 931 1158 in
958 1119 1209 1159 deditionem
1237 1127 1542 1159 concesserunt.

191 1189 278 1220 tum
316 1181 547 1233 conquisita
579 1195 673 1221 eum
709 1180 927 1220 intentiore
959 1194 1057 1220 eura
1089 1195 1203 1220 arma
1233 1186 1272 1219 ct
1304 1179 1442 1220 onmia
1473 1179 1544 1219 ad-

191 1250 341 1296 empta.
403 1243 648 1282 translatum
674 1242 822 1282 deinde
854 1242 905 1281 ad
931 1242 1133 1295 Apuanos
1161 1241 1342 1295 Ligures
1374 1241 1543 1289 bellum,

192 1305 260 1358 qui
286 1304 327 1344 in
352 1319 497 1358 agrum
512 1304 715 1344 Pisanum
729 1304 1123 1355 Bononiensemque
1143 1303 1201 1343 ita
1220 1303 1542 1348 incursaverann

191 1373 235 1406 ut
261 1366 339 1406 coli
365 1381 447 1405 non
472 1374 627 1420 posset.
683 1365 746 1405 his
773 1380 935 1418 quoque
962 1364 1203 1418 perdomitis
1229 1364 1374 1404 consul
1398 1378 1543 1418 pacem

190 1427 303 1467 dedit
333 1426 530 1467 finitimis.
592 1435 633 1467 et
657 1427 751 1480 quia
778 1442 801 1467 a
824 1426 934 1467 bello
959 1426 1097 1478 quieta
1122 1432 1163 1465 ut
1190 1433 1301 1465 esset
1331 1425 1543 1479 provincia

190 1489 396 1537 effecerat,
423 1503 473 1529 ne
494 1489 535 1528 in
557 1488 640 1529 otio
660 1488 832 1528 militem
858 1487 1042 1535 haberet,
1069 1487 1178 1527 viam
1200 1502 1223 1527 a
1237 1487 1429 1527 Bononia
1452 1501 1545 1541 per-

191 1550 307 1590 duxit
320 1549 546 1591 Arretium.
593 1550 656 1590 M.
672 1550 878 1590 Aemilius
905 1549 1008 1589 alter
1028 1548 1174 1589 consul
1199 1563 1322 1602 agros
1336 1547 1544 1601 Ligurum

189 1614 403 1665 vicosque,
440 1612 507 1665 qui
532 1612 574 1652 in
600 1612 756 1666 campis
783 1619 854 1652 aut
880 1611 1055 1651 vallibus
1082 1617 1216 1659 erant,
1248 1610 1350 1664 ipsis
1382 1617 1543 1649 montes

189 1675 291 1715 duos
317 1674 523 1715 Balistam
549 1673 934 1726 Suismontiumque
960 1672 1208 1720 tenentibus,
1236 1670 1394 1712 deussit
1420 1670 1546 1725 depo-

190 1736 437 1791 pulatusque
465 1744 539 1776 est.
590 1736 739 1776 deinde
765 1750 849 1784 eos,
878 1735 949 1788 qui
972 1735 1015 1775 in
1040 1734 1249 1775 montibus
1270 1739 1399 1781 erant,
1426 1732 1545 1773 ador-

189 1808 254 1839 tus
280 1798 412 1853 primo
437 1798 598 1839 levibus
630 1797 797 1852 proeliis
830 1796 1038 1852 fatigavit,
1071 1804 1280 1850 postremo
1307 1801 1472 1836 coactos
1502 1793 1545 1833 in

189 1860 319 1901 aciem
345 1860 597 1901 descendere
628 1860 736 1900 iusto
769 1859 924 1914 proelio
950 1858 1120 1907 devicit,
1152 1858 1194 1897 in
1219 1871 1300 1910 quo
1327 1864 1367 1897 et
1399 1856 1543 1896 aedem

187 1921 351 1962 Dianae
366 1921 492 1962 vovit.
525 1921 708 1962 subactis
724 1921 782 1961 cis
797 1920 1067 1975 Apenninum
1082 1919 1288 1967 omnibus,
1308 1925 1396 1958 tum
1410 1925 1544 1957 trans-

187 1993 406 2024 montanos
439 1984 608 2024 adortus
633 1982 755 2022 —in
787 1982 851 2022 his
884 1989 925 2022 et
954 1981 1160 2022 Friniates
1191 1980 1374 2034 Ligures
1413 1985 1542 2027 erant,

188 2060 291 2099 quos
311 2061 394 2086 non
413 2045 570 2086 adierat
591 2044 640 2086 C.
662 2044 893 2085 Flaminius
912 2068 968 2073 ——
988 2058 1131 2084 omnes
1151 2042 1358 2082 Aemilius
1381 2040 1543 2094 subegit

189 2121 384 2160 armaque
410 2107 565 2147 ademit
590 2114 630 2147 et
656 2106 706 2147 de
732 2105 941 2146 montibus
973 2105 1014 2145 in
1041 2119 1210 2159 campos
1236 2102 1542 2143 multitudinem

189 2169 371 2210 deduxit.
414 2169 572 2224 pacatis
593 2168 821 2223 Liguribus
849 2167 1073 2208 exercitum
1098 2166 1141 2206 in
1167 2181 1313 2221 agrum
1335 2164 1544 2206 Gallicum

189 2231 323 2279 duxit,
356 2231 548 2284 viamque
580 2231 632 2271 ab
655 2230 890 2277 Placentia,
923 2236 968 2269 ut
991 2229 1223 2270 Flaminiae
1255 2227 1542 2275 committeret,

189 2293 425 2333 Ariminum
454 2292 661 2347 perduxit.
710 2292 865 2347 proelio
891 2291 1055 2339 ultimo,
1088 2305 1169 2343 quo
1195 2304 1289 2330 cum
1313 2288 1543 2343 Liguribus

190 2354 318 2408 signis
340 2355 513 2396 conlatis
536 2354 732 2403 conflixit,
759 2354 905 2394 aedem
926 2353 1076 2394 Iunoni
1095 2352 1263 2407 reginae
1285 2351 1409 2392 vovit.
1442 2351 1544 2391 haec

189 2415 230 2456 in
255 2416 482 2470 Liguribus
510 2432 558 2457 eo
584 2432 692 2457 anno
719 2423 851 2470 gesta.

275 2478 356 2517 ΙΙΙ.
404 2479 455 2517 In
475 2478 613 2519 Gallia
631 2479 693 2519 M.
712 2478 864 2519 Furius
890 2486 1055 2532 praetor
1080 2477 1312 2518 insontibus
1336 2475 1541 2517 Cenoma-

190 2538 267 2585 nis,
294 2538 334 2577 in
360 2553 461 2592 pace
482 2540 663 2594 speeiem
684 2540 781 2581 belli
802 2554 1019 2592 quaerens,
1047 2539 1257 2580 ademerat
1283 2553 1408 2578 arma.
1446 2535 1541 2576 inde
