1799 2900
242 163 296 204 74
530 167 683 201 LIBER
708 166 879 210 XXXII,
904 166 958 200 30.
979 166 1032 199 31.
1061 168 1109 209 [a.
1125 166 1302 209 u.e.557]

196 289 215 318 :3
240 282 284 314 nt
320 281 360 313 et
395 271 475 325 ipsi
507 270 691 310 conlatas
722 268 764 308 in
795 283 923 308 unum
954 268 1062 308 vires
1092 268 1315 308 firmarent.
1375 274 1596 322 postquam

240 337 350 375 fama
376 332 523 373 accidit
549 331 723 371 alterum
749 330 961 370 consulem
986 329 1185 370 Boiorum
1210 344 1327 369 urere
1354 344 1495 383 agros,
1533 343 1597 369 se-

241 395 339 435 ditio
371 393 579 447 extemplo
611 402 701 432 orta
732 399 807 432 est.
867 391 1077 445 postulare
1101 391 1201 439 Boi,
1238 397 1282 430 ut
1312 389 1595 430 laborantibus

242 471 362 510 opem
388 454 572 495 universi
598 454 765 501 ferrent,
792 453 992 493 Insubres
1013 467 1166 506 negare
1186 468 1230 492 se
1251 467 1326 492 sua
1345 452 1594 492 deserturos.

197 533 213 560 4
241 519 297 558 ita
334 516 493 557 divisae
531 516 693 569 copiae,
737 513 922 567 Boisque
959 514 1000 554 in
1038 529 1183 567 agrum
1221 529 1342 554 suum
1380 513 1596 553 tutandum

238 578 435 634 profectis
473 578 674 617 Insubres
712 591 805 616 cum
844 575 1097 616 Cenomanis
1136 590 1259 629 super
1296 575 1427 615 amnis
1464 573 1596 614 Minci

197 655 215 683 5
240 641 372 694 ripam
399 639 687 680 consederunt.
730 638 839 678 infra
863 652 957 677 eum
981 637 1118 677 locum
1144 637 1224 676 duo
1250 636 1363 676 milia
1388 644 1428 676 et
1453 635 1598 676 consul

196 716 214 744 0·
242 701 460 742 Cornelius
488 700 621 740 eidem
647 699 806 739 flumini
838 707 973 738 eastra
1006 697 1216 751 adplicuit.
1277 697 1372 737 inde
1398 696 1597 737 mittendo

239 763 281 802 in
312 763 425 803 vicos
459 760 797 802 Cenomanorum
827 759 1118 811 Brixiamque,
1157 758 1268 810 qnod
1303 765 1427 811 caput
1462 756 1597 811 gentis

242 832 341 873 erat,
367 832 413 864 ut
434 824 533 864 satis
555 821 767 876 comperit,
788 836 871 861 non
893 836 943 861 ex
967 819 1208 860 auctoritate
1229 819 1437 859 seniorum
1456 818 1599 858 iuven-

241 894 370 926 tutem
405 886 447 926 in
486 885 609 925 armis
642 899 734 925 esse
766 897 842 923 nec
872 882 1039 936 publico
1071 881 1242 922 consilio
1274 881 1497 921 Insubrum
1529 880 1599 920 de-

242 948 409 989 fectioni
436 946 702 988 Cenomanos
731 960 823 986 sese
849 944 1108 993 adiunxisse,
1153 943 1297 983 excitis
1331 943 1383 982 ad
1414 957 1458 983 se
1489 941 1600 996 prin-

245 1010 405 1064 cipibus
432 1010 473 1049 id
500 1024 622 1063 agere
648 1023 697 1048 ac
722 1007 856 1047 moliri
883 1006 1036 1060 coepit,
1073 1013 1120 1045 ut
1145 1005 1423 1045 desciscerent
1453 1005 1505 1044 ab
1530 1003 1600 1043 In-

244 1072 436 1111 subribus
465 1070 696 1111 Cenomani
722 1076 762 1109 et
789 1068 961 1109 sublatis
997 1067 1126 1121 signis
1154 1074 1224 1106 aut
1249 1066 1394 1106 domos
1420 1064 1601 1105 redirent

198 1144 217 1173 S
244 1141 314 1173 aut
339 1133 391 1172 ad
415 1133 628 1172 Romanos
656 1130 891 1171 transirent.
953 1137 993 1170 et
1024 1129 1066 1168 id
1097 1128 1263 1181 quidem
1295 1126 1505 1181 impetrari
1529 1140 1601 1166 ne-

244 1194 362 1247 quiit:
400 1193 441 1233 in
467 1193 509 1232 id
533 1193 635 1233 fides
663 1193 759 1231 data
785 1191 944 1232 consuli
970 1198 1046 1238 est,
1071 1198 1113 1230 ut
1140 1190 1183 1229 in
1208 1189 1294 1229 acie
1320 1196 1390 1228 aut
1415 1188 1599 1240 quiesce-

244 1264 334 1296 rent
360 1262 446 1303 aut,
480 1255 514 1294 si
540 1269 620 1306 qua
646 1254 769 1294 etiam
796 1252 959 1293 occasio
985 1252 1151 1299 fuisset,
1179 1251 1421 1291 adiuvarent
1445 1249 1600 1289 Roma-

200 1330 217 1359 9
244 1333 332 1358 nos.
393 1317 496 1356 haec
526 1316 583 1355 ita
616 1315 859 1355 convenisse
886 1314 1084 1353 Insubres
1118 1313 1384 1366 ignorabant3
1434 1311 1600 1350 suberat

245 1386 383 1419 tamen
414 1378 616 1430 quaedam
650 1376 823 1430 suspitio
850 1374 1016 1422 animis,
1053 1374 1193 1414 labare
1224 1374 1348 1413 fidem
1381 1372 1599 1413 sociorum.

244 1441 394 1492 itaque,
422 1454 514 1479 cum
539 1439 581 1478 in
607 1439 736 1478 aciem
763 1437 1017 1483 eduxissent,
1044 1444 1235 1475 neutrum
1261 1435 1310 1474 iis
1337 1448 1464 1474 cornu
1489 1447 1600 1473 com-

245 1501 406 1541 mittere
426 1500 528 1548 ausi,
555 1515 619 1548 ne,
648 1500 682 1539 si
708 1500 801 1538 dolo
823 1497 1061 1545 cessissent,
1088 1512 1175 1536 rem
1194 1503 1324 1536 totam
1343 1495 1600 1543 inclinarent,

181 1576 220 1605 10
245 1570 340 1616 post
371 1561 491 1614 signa
520 1561 561 1600 in
593 1560 787 1600 subsidiis
815 1574 885 1599 eos
912 1558 1164 1598 locaverunt.
1225 1556 1369 1597 consul
1399 1555 1601 1610 principio

245 1638 409 1677 pugnae
446 1622 560 1662 vovit
596 1622 741 1661 aedem
774 1620 968 1674 Sospitae
1000 1618 1168 1666 Iunoni,
1209 1618 1242 1658 si
1279 1633 1326 1658 eo
1358 1617 1423 1658 dic
1460 1617 1601 1658 hostes

245 1684 328 1724 susi
352 1683 566 1737 fugatique
593 1691 746 1722 essent.
808 1697 831 1721 a
857 1680 1054 1720 militibus
1081 1680 1236 1719 clamor
1263 1679 1464 1727 sublatus,
1491 1692 1603 1718 com-

245 1752 385 1799 potem
410 1745 493 1784 voti
521 1744 733 1784 consulem
759 1758 803 1783 se
829 1742 1031 1789 facturos,
1065 1748 1106 1781 et
1129 1741 1295 1795 inpetus
1321 1740 1362 1780 in
1388 1739 1519 1780 hostis
1540 1747 1603 1779 est

182 1822 216 1850 11
247 1808 395 1846 factus.
457 1821 541 1845 non
567 1805 747 1845 tulerunt
772 1804 974 1844 Insubres
1000 1803 1179 1856 primum
1205 1816 1464 1842 concursum.
1514 1799 1603 1853 qui-

247 1868 342 1908 dam
369 1875 407 1907 et
436 1883 460 1908 a
481 1866 733 1907 Cenomanis
761 1874 878 1919 terga
902 1874 1072 1918 repente
1097 1864 1139 1903 in
1164 1863 1255 1917 ipso
1283 1862 1505 1903 certamine
1531 1861 1603 1902 ad-

246 1929 401 1983 gressis
422 1928 643 1969 tumultum
664 1926 885 1980 ancipitem
905 1925 1102 1965 iniectum
1122 1932 1309 1965 auctores
1333 1931 1441 1971 sunt,
1463 1937 1603 1962 caesa-

247 2005 325 2043 que
350 1991 391 2030 in
416 1989 553 2030 medio
580 1989 759 2041 quinque
786 1994 826 2028 et
852 1987 1021 2040 triginta
1044 1985 1157 2025 milia
1183 1985 1382 2032 hostium,
1421 1983 1602 2036 quinque

182 2067 220 2095 12
247 2052 359 2091 milia
384 2061 424 2092 et
449 2051 648 2091 ducentos
675 2049 792 2089 vivos
819 2056 974 2101 captos,
1000 2046 1042 2086 in
1067 2047 1117 2086 iis
1138 2046 1420 2085 Hamilcarem
1439 2045 1603 2084 Poeno-

246 2129 337 2153 rum
362 2113 673 2167 imperatorem,
701 2110 769 2163 qui
795 2109 892 2150 belli
918 2123 1044 2148 causa
1068 2107 1235 2155 fuisset,
1269 2107 1387 2160 signa
1413 2105 1604 2145 militaria

183 2187 221 2217 13
248 2183 411 2214 centum
437 2174 606 2228 triginta
631 2181 672 2213 et
695 2179 891 2225 carpenta
918 2168 1063 2224 [supra
1084 2169 1273 2208 ducenta.
1301 2166 1471 2222 oppida]
1502 2165 1604 2206 Gal-

247 2236 393 2285 lorum,
421 2250 526 2288 quae
552 2235 777 2275 Insubrum
803 2231 1079 2273 defectionem
1105 2237 1248 2271 secuta
1273 2237 1406 2277 erant,
1435 2227 1604 2268 dedide-

247 2305 341 2337 runt
368 2312 411 2337 se
436 2296 652 2337 Romanis.

206 2373 221 2401 1
332 2358 514 2399 XXXI.
552 2357 765 2398 Minucius
787 2355 931 2397 consul
951 2354 1084 2408 primo
1105 2353 1247 2394 effusis
1268 2350 1603 2407 populationibus

249 2428 541 2473 peragraverat
567 2420 658 2459 finis
683 2418 896 2465 Boiorum,
924 2416 1084 2464 deinde,
1110 2423 1156 2455 ut
1179 2415 1331 2455 relictis
1357 2412 1604 2454 Insubribus

253 2482 304 2520 ad
335 2496 409 2520 sua
447 2482 600 2521 tuenda
635 2487 878 2535 receperant
915 2493 1026 2526 sese,
1064 2478 1210 2518 castris
1249 2491 1293 2516 se
1330 2474 1479 2522 tenuit,
1517 2473 1603 2513 acie

210 2554 227 2583 2
254 2541 530 2581 dimicandum
575 2557 667 2582 cnm
709 2542 828 2582 hoste
871 2548 998 2580 ratus.
1070 2554 1146 2579 nec
1181 2538 1262 2579 Boi
1305 2538 1602 2577 detrectassent

251 2617 448 2657 pugnam,
475 2603 513 2641 ni
542 2604 653 2642 sama
674 2603 871 2643 Insubres
893 2602 1024 2641 victos
1046 2600 1185 2640 adlata
1209 2599 1368 2639 animos
1395 2597 1601 2650 fregisset.

199 963 215 990 u]
