1799 2900
174 439 210 467 13

174 748 211 775 14

175 935 212 962 15)

177 1120 213 1149 16

197 1492 215 1519 N«

202 2415 219 2443 6

206 2601 219 2629 7

237 126 318 167 236
520 130 675 165 LIBER
699 129 884 174 XXXVI,
910 130 963 164 17.
985 129 1036 163 18.
1065 130 1301 174 [a.u.c.563]

236 252 369 291 neque
396 235 652 275 Antiochum
683 234 907 274 tuebuntur
939 233 1153 287 angustiae
1185 248 1259 274 nec
1290 233 1466 275 Aetolos
1498 248 1587 275 ver-

237 301 337 341 tices
369 297 426 338 illi
458 311 561 349 quos
594 303 804 351 ceperunt.
866 295 965 336 satis
998 296 1179 349 undique
1217 296 1428 350 provisum
1467 304 1589 349 atque

236 368 505 417 praecautum
530 366 610 407 est,
643 373 695 399 ne
727 358 825 411 quid
857 358 1057 398 adversus
1084 373 1157 398 vos
1188 359 1230 398 in
1261 374 1401 413 pugna
1427 366 1590 413 praeter

237 423 367 464 hostis
395 428 518 461 esset.
580 421 680 460 illud
705 435 936 474 proponere
969 420 1104 460 animo
1132 427 1269 461 vestro
1296 421 1474 467 (lebetis,
1507 435 1590 461 non

237 500 310 526 vos
331 499 405 539 pro
427 482 627 524 Graeciae
653 482 842 522 libertate
868 489 1026 522 tantum
1045 482 1252 531 dimicare,
1280 496 1529 535 quamquam
1555 483 1589 522 is

237 561 399 600 quoque
426 545 619 598 egregius
647 544 788 585 titulus
815 554 944 592 esset,
985 544 1199 585 liberatam
1227 560 1249 585 a
1274 544 1469 599 Philippo
1496 552 1589 585 ante

236 622 346 648 nunc
371 608 422 648 ab
436 606 600 647 Aetolis
622 614 663 646 et
687 607 738 646 ab
754 606 964 646 Antiocho
990 604 1177 653 liberare,
1204 621 1336 659 neque
1363 622 1411 647 ea
1432 614 1590 647 tantum

237 671 278 710 in
304 669 532 725 praemium
559 676 743 709 vestrum
768 682 949 717 cessura,
976 683 1081 720 quae
1107 682 1216 708 nunc
1241 668 1282 707 in
1307 671 1417 723 regis
1445 669 1590 709 castris

239 740 346 781 sunt,
375 732 448 772 sed
472 731 587 771 illum
614 745 777 784 quoque
803 745 967 771 omnem
994 730 1236 785 adparatum
1265 730 1333 783 qui
1358 731 1398 770 in
1425 732 1512 771 dies
1540 733 1590 772 ab

237 794 409 849 Epheso
435 800 699 848 exspectatur
729 793 908 847 praedae
934 792 1138 838 futurum,
1166 792 1315 833 Asiam
1342 792 1490 834 deinde
1512 794 1592 846 Sy-

237 856 422 909 riamque
454 864 493 896 et
525 855 663 896 onmia
692 870 823 907 usque
855 855 907 894 ad
939 862 1052 895 ortus
1086 854 1184 895 solis
1223 855 1428 895 ditissima
1463 870 1593 909 regna

238 919 410 973 imperio
436 918 626 959 Romano
653 925 880 971 aperturos.
942 917 1041 969 quid
1067 917 1215 957 deinde
1242 917 1390 966 aberit,
1418 917 1515 970 quin
1541 919 1593 959 ab

240 980 429 1021 Gadibus
462 980 515 1020 ad
545 994 657 1020 mare
689 980 858 1019 rubrum
886 979 1059 1020 Oceano
1084 978 1177 1019 finis
1205 979 1491 1029 terminemus,
1524 980 1590 1033 qui

239 1043 380 1083 orbem
407 1050 608 1082 terrarum
634 1041 827 1096 amplexu
853 1041 960 1089 finit,
994 1048 1034 1081 et>
1059 1055 1180 1081 omne
1206 1041 1432 1082 humanum
1457 1057 1590 1097 genus

240 1105 468 1145 secundum
505 1105 604 1145 deos
648 1118 799 1144 nomen
834 1103 1072 1144 Romanum
1116 1104 1356 1144 veneretur?
1404 1103 1445 1144 in
1490 1103 1592 1144 haec

240 1175 353 1207 tanta
378 1166 562 1220 praemia
587 1166 734 1220 dignos
761 1173 902 1220 parate
928 1165 1101 1214 animos,
1127 1173 1170 1206 ut
1198 1165 1376 1206 crastino
1396 1165 1461 1206 die
1487 1166 1591 1206 bene

240 1228 477 1268 iuvantibus
505 1228 582 1267 diis
610 1227 696 1267 acie
722 1226 1020 1267 decernamus?

325 1289 498 1331 XVIH.
547 1290 618 1329 Ab
645 1288 721 1328 hac
747 1288 937 1329 contione
964 1288 1122 1329 dimissi
1148 1289 1317 1338 milites,
1349 1289 1591 1344 priusquam

241 1367 414 1407 corpora
445 1358 654 1399 curarent,
693 1366 826 1399 arma,
866 1351 947 1391 tela
978 1359 1137 1405 parant.
1197 1351 1288 1392 luce
1314 1352 1446 1406 prima
1472 1351 1591 1406 signo

241 1429 406 1469 pugnae
438 1413 650 1468 proposito
682 1413 848 1453 instruit,
878 1413 1009 1453 aciem
1035 1413 1198 1461 consul,
1237 1421 1325 1453 arta
1349 1413 1503 1462 fronte,
1541 1414 1593 1453 ad

242 1486 431 1517 naturam
457 1487 496 1516 et
524 1476 738 1529 angustias
765 1475 856 1515 loci.
917 1490 989 1514 rex
1015 1483 1236 1528 postquam
1269 1475 1389 1528 signa
1413 1475 1594 1516 hostium

243 1538 471 1592 conspexit,
499 1545 539 1577 et
563 1537 652 1592 ipse
679 1537 818 1591 copias
845 1536 994 1577 educit.
1049 1536 1151 1576 levis
1178 1544 1409 1577 armaturae
1435 1544 1594 1591 partem

242 1608 336 1641 ante
358 1600 511 1639 vallum
532 1599 573 1639 in
592 1599 724 1653 primo
739 1599 902 1647 locavit,
925 1606 1012 1638 tuln
1026 1598 1308 1639 BIacedonum
1327 1599 1464 1647 robur,
1491 1613 1594 1652 quos

243 1661 531 1716 sarisophorus
558 1661 842 1715 adpellabant,
880 1661 993 1701 velut,
1018 1661 1322 1701 firmamentum
1349 1661 1456 1701 circa
1481 1660 1593 1716 ipsas

241 1723 491 1764 munitiones
518 1723 742 1764 constituit.
803 1722 867 1763 his
895 1723 946 1763 ab
978 1722 1145 1764 sinistro
1171 1737 1298 1763 cornu
1324 1722 1595 1764 iaculatorum

243 1785 632 1840 sagittariorumque
659 1792 696 1826 et
729 1784 985 1825 funditorum
1016 1800 1185 1825 manum
1213 1785 1288 1825 sub
1321 1784 1422 1839 ipsis
1448 1785 1595 1825 radici-

242 1848 319 1888 bus
346 1848 497 1888 montis
523 1847 674 1901 posuit,
700 1854 746 1886 ut
770 1861 821 1887 ex
847 1847 990 1887 altiore
1016 1846 1106 1887 loco
1126 1846 1237 1887 nuda
1261 1846 1392 1887 latera
1415 1846 1594 1887 hostium

242 1909 511 1949 incesserent.
561 1909 612 1949 ab
638 1909 784 1949 dextro
798 1908 1102 1949 Macedonibus
1127 1908 1179 1948 ad
1204 1908 1339 1962 ipsum
1365 1908 1595 1949 munimen—

243 1980 378 2012 torum
404 1972 542 2020 finem,
569 1986 650 2024 qua
674 1971 766 2011 loca
790 1985 922 2023 usque
947 1971 1000 2010 ad
1025 1986 1137 2011 mare
1162 1970 1274 2010 invia
1298 1970 1472 2025 palustri
1496 1971 1593 2011 limo

243 2042 283 2074 et
308 2034 575 2087 voraginibus
603 2033 817 2080 claudunt,
850 2032 1092 2087 elephantos
1119 2047 1211 2072 cum
1242 2033 1415 2073 adsueto
1440 2033 1596 2087 praesi-

244 2096 310 2136 dio
336 2095 488 2150 posuit,
514 2103 609 2150 post
630 2110 700 2135 eos
721 2094 895 2148 equites,
922 2104 1008 2135 tum
1034 2095 1197 2135 modico
1217 2094 1434 2135 intervallo
1453 2095 1594 2135 relicto

244 2165 401 2198 ceteras
429 2158 568 2212 copias
594 2158 635 2197 in
663 2158 845 2199 secunda
871 2157 970 2198 acie.
1019 2157 1276 2198 Macedones
1303 2172 1377 2211 pro
1405 2156 1511 2198 vallo
1537 2156 1596 2197 lo-

244 2220 323 2260 cati
344 2220 476 2274 primo
491 2220 611 2260 facile
627 2219 888 2260 sustinebant
901 2219 1129 2267 Romanos,
1151 2218 1391 2273 temptantis
1413 2219 1465 2259 ab
1485 2218 1596 2259 omni

243 2290 359 2336 parte
387 2282 539 2331 aditus,
572 2282 746 2321 multum
772 2281 1063 2321 adiuvantibus
1090 2281 1159 2334 qui
1191 2296 1242 2322 ex
1267 2281 1358 2322 loco
1386 2281 1596 2336 superiore

246 2344 397 2391 fundis,
427 2344 538 2384 velut
562 2344 761 2390 nimbum,
788 2343 951 2397 glandis
979 2350 1018 2383 et
1044 2343 1217 2397 sagittas
1245 2343 1364 2383 simul
1392 2357 1438 2383 ac
1464 2342 1596 2383 iacula

246 2404 501 2457 ingerebant.
563 2406 711 2446 deinde
738 2412 782 2445 ut
814 2405 945 2445 maior
975 2420 1051 2445 nec
1076 2405 1157 2445 iam
1191 2405 1404 2445 toleranda
1435 2404 1496 2445 vis
1524 2404 1596 2445 ho-

248 2465 369 2505 stium
396 2467 599 2508 inferebat
625 2483 687 2515 se,
719 2467 827 2522 pulsi
854 2467 944 2509 loco
970 2467 1074 2508 intra
1100 2468 1355 2507 munimenta
1381 2466 1592 2507 subductis

248 2527 457 2568 ordinibus
485 2537 797 2577 concesserunt3
823 2529 918 2570 inde
945 2545 995 2570 ex
1022 2529 1130 2569 vallo
1155 2544 1283 2584 prope
1310 2529 1482 2569 alterum
1510 2528 1594 2568 val-

249 2587 332 2627 lum
359 2588 486 2630 hastis
519 2606 617 2644 prae
643 2606 687 2631 se
713 2591 882 2632 obiectis
910 2592 1109 2632 fecerunt.
1172 2600 1209 2632 et
1237 2591 1293 2631 ita
1318 2591 1480 2631 modica
1504 2588 1594 2630 alti-
