1799 2900
475 120 631 156 LIBER
655 121 843 164 XXXIII,
870 121 924 155 36.
945 121 1000 155 37.
1028 119 1230 164 [a.C.196]
1454 106 1532 150 113

176 227 334 284 passim
364 225 514 280 dilapsi
545 233 652 266 sunt.
712 225 939 266 Marcellus
966 225 1085 265 Pado
1111 222 1332 265 confestim
1363 221 1535 263 traiecto

177 290 219 330 in
244 303 389 344 agrum
417 286 683 336 Comensem,
710 287 781 327 ubi
807 287 1007 327 Insubres
1035 285 1315 327 Comensibus
1343 284 1396 325 ad
1421 298 1536 324 arma

177 351 322 393 excitis
361 358 497 391 castra
534 349 762 397 habebant,
801 349 988 404 legiones
1027 349 1151 389 ducit.
1226 346 1338 389 Galli
1373 347 1534 388 feroces

178 414 378 455 Boiorum
404 419 498 453 ante
520 412 608 452 dies
635 425 791 466 paucos
818 427 959 466 pugna
983 411 1025 451 in
1050 412 1142 465 ipso
1162 409 1307 451 itinere
1333 407 1536 463 proelium

178 475 456 523 committunt,
497 482 537 514 et
561 473 694 528 primo
721 473 824 514 adeo
851 473 997 514 acriter
1022 473 1282 520 invaserunt,
1314 480 1359 512 ut
1384 469 1537 511 autesi-

178 553 338 594 gnanos
381 535 619 591 inpulerint.
692 535 804 588 quod
847 535 917 575 nbi
959 534 1187 575 Marcellus
1231 531 1535 579 animadvertit,

179 600 353 648 veritus,
385 613 437 639 ne
468 597 570 639 moti
603 597 731 638 semel
763 597 1033 652 pellerentur,
1061 596 1273 637 cohortem
1297 595 1539 635 Marsorum

180 677 273 702 cum
305 660 590 715 obposuisset,
628 659 812 712 equitum
843 658 1093 699 Latinorum
1131 657 1263 698 omnis
1302 665 1458 697 turmas
1497 654 1539 694 in

180 724 343 766 hostem
375 722 523 763 emisit.
585 736 760 775 quorum
787 735 879 761 011111
910 721 1066 776 primus
1095 720 1384 772 secundusque
1423 720 1540 772 inpe-

181 794 246 827 tus
272 785 514 826 rettudisset
538 783 786 824 inferentem
808 798 852 824 se
879 783 1070 824 ferociter
1095 782 1271 830 hostem,
1299 780 1541 822 confirmata

181 855 222 889 et
244 847 403 900 reliqua
428 846 536 887 acies
554 846 746 886 Romana
770 845 919 886 restitit
945 845 1091 900 primo,
1119 844 1267 884 deinde
1294 843 1413 897 signa
1439 841 1541 882 acri-

182 918 242 950 ter
278 909 426 949 intulit.
493 922 571 948 nec
606 907 714 948 ultra
752 907 985 948 sustinuere
1025 915 1234 947 certamen
1273 904 1404 953 Galli,
1443 903 1540 957 quin

182 980 299 1026 terga
325 977 532 1011 verterent
558 977 680 1022 atque
707 970 838 1009 effuse
864 969 1069 1022 fugerent.
1102 968 1143 1007 in
1164 983 1212 1008 eo
1233 966 1390 1021 proelio
1416 981 1542 1021 supra

182 1032 456 1087 quadraginta
481 1031 595 1071 milia
620 1030 834 1071 hominum
861 1044 982 1070 caesa
995 1029 1190 1071 Valerius
1206 1029 1358 1068 Antias
1386 1028 1540 1075 scribit,

182 1096 421 1149 octingenta
453 1101 614 1147 septem
646 1092 766 1145 signa
798 1090 991 1131 militaria
1017 1100 1157 1145 capta,
1190 1098 1229 1130 et
1257 1097 1453 1144 carpenta
1480 1104 1544 1130 se-

1561 235 1578 265 9

1565 545 1605 576 10

1570 733 1604 761 11

182 1157 399 1212 ptingenta
431 1154 600 1208 triginta
631 1153 712 1194 duo
739 1161 778 1193 et
805 1168 951 1193 aureos
978 1160 1145 1205 torques
1171 1151 1344 1200 multos,
1378 1166 1429 1191 ex
1455 1150 1544 1203 qui-
1571 1145 1573 1147 ¹

183 1219 260 1259 bus
297 1232 426 1258 unum
462 1216 602 1270 magni
646 1215 841 1270 ponderis
880 1213 1082 1256 Claudius
1125 1215 1169 1254 in
1206 1212 1415 1268 Capitolio
1452 1212 1544 1252 Iovi

184 1281 337 1321 donum
361 1279 403 1320 111
430 1279 531 1320 aede
562 1278 745 1333 positum
778 1277 929 1318 scribit.
991 1285 1127 1318 castra
1153 1292 1201 1318 eo
1234 1277 1299 1317 die
1327 1275 1544 1316 Gallorum

184 1350 423 1398 expugnata
448 1341 689 1396 direptaque
716 1350 755 1381 et
779 1339 958 1381 Comum
984 1340 1184 1395 oppidum
1207 1351 1302 1394 post
1329 1339 1416 1379 dies
1443 1353 1545 1393 pau-

184 1420 254 1446 cos
292 1406 472 1459 captum.
547 1403 719 1444 castella
756 1403 852 1443 inde
886 1402 1193 1457 duodetriginta
1236 1401 1289 1441 ad
1332 1400 1546 1442 consulem

185 1467 437 1508 defecerunt.
498 1465 541 1505 id
566 1480 731 1518 quoque
763 1465 869 1505 inter
895 1465 1117 1519 scriptores
1147 1463 1382 1518 ambigitur,
1408 1470 1546 1502 utrum

186 1529 227 1569 in
252 1528 380 1569 Boios
408 1527 520 1582 prius
555 1542 607 1567 an
632 1528 831 1568 Insubres
859 1527 1003 1568 consul
1030 1526 1256 1568 exercitum
1282 1525 1444 1565 duxerit
1476 1524 1548 1564 ad-

189 1604 434 1642 versamque
459 1604 659 1644 prospera
684 1604 826 1644 pugna
851 1589 1170 1637 oblitteraverit,
1210 1604 1262 1628 an
1292 1586 1465 1627 victoria
1496 1586 1549 1626 ad

127 1705 131 1708 γ
189 1651 369 1693 Comum
395 1662 512 1705 parta
538 1651 771 1691 deformata
796 1651 913 1691 clade
938 1651 981 1690 in
1006 1651 1109 1691 Bois
1137 1658 1306 1704 accepta
1333 1649 1398 1689 sit.

274 1712 522 1755 XXXVII.
574 1711 663 1753 Sub
689 1712 793 1753 haec
819 1721 901 1753 tam
929 1713 1043 1752 varia
1067 1712 1233 1752 fortuna
1259 1718 1378 1765 gesta
1398 1709 1550 1750 L.Fu-

190 1776 273 1816 rius
300 1775 506 1829 Purpurio
533 1774 636 1814 alter
662 1774 807 1814 consul
832 1789 905 1829 per
931 1774 1083 1814 tribum
1111 1772 1327 1827 Sapiniam
1353 1772 1395 1811 in
1419 1770 1549 1812 Boios

192 1838 315 1879 venit.
374 1837 457 1878 iam
489 1847 624 1878 castro
654 1836 807 1877 Mutilo
838 1836 1216 1891 adpropintpiabat,
1256 1850 1349 1875 011111
1382 1834 1550 1881 veritus,

191 1915 242 1941 ne
267 1899 610 1941 intercluderetur
635 1899 758 1939 simul
784 1915 807 1939 a
831 1899 933 1939 Bois
961 1899 1291 1953 Liguril‘msque,
1324 1896 1551 1937 exercitum

192 1962 338 2004 eadem
363 1962 430 2002 via
456 1976 537 2015 qua
569 1961 799 2002 adduxerat
830 1961 995 2001 reduxit
1025 1968 1065 2001 et
1096 1975 1248 2014 magno
1266 1958 1452 1999 -circuitu
1477 1973 1552 2012 per

191 2032 336 2079 aperta
362 2038 492 2076 eoque
519 2030 607 2064 tuta
638 2023 728 2064 loca
761 2023 813 2063 ad
845 2023 1048 2077 collegam
1072 2021 1272 2077 pervenit.
1333 2020 1429 2060 inde
1459 2019 1551 2059 iun-

194 2088 269 2129 ctis
297 2088 544 2129 exercitibus
576 2087 755 2142 primum
779 2086 981 2127 Boiorum
1008 2101 1153 2140 agrum
1178 2098 1310 2137 usque
1343 2083 1395 2123 ad
1417 2082 1552 2124 Felsi-

194 2166 291 2190 nam
316 2149 514 2204 oppidum
538 2149 787 2203 populantes
812 2156 1152 2203 peragraverunt.
1199 2161 1246 2186 ea
1272 2147 1370 2186 urbs
1397 2152 1552 2185 cetera-

196 2226 274 2265 que
300 2211 408 2252 circa
433 2211 603 2251 castella
635 2219 675 2251 et
698 2211 780 2251 Boi
805 2211 890 2251 fere
917 2225 1060 2251 omnes
1092 2217 1256 2264 praeter
1281 2208 1550 2256 iuventutem,

197 2289 302 2326 quae
338 2273 566 2328 praedandi
602 2288 728 2314 causa
766 2273 808 2313 111
846 2273 970 2313 armis
1010 2280 1097 2313 erat
1122 2296 1178 2299 —
1203 2280 1301 2312 tunc
1336 2270 1379 2310 in
1411 2269 1552 2310 devias

198 2335 324 2376 silvas
349 2344 580 2376 recesserat
605 2360 677 2383 —,
704 2335 746 2374 in
772 2334 1024 2375 deditionem
1051 2340 1265 2374 venerunt.
1303 2332 1345 2372 in
1370 2332 1552 2386 Ligures

197 2397 293 2438 inde
341 2397 554 2437 traductus
603 2396 822 2437 exercitus.
898 2396 980 2437 Boi
1027 2394 1316 2450 neglegentius
1367 2403 1554 2434 coactum

198 2474 350 2514 agmen
375 2459 678 2507 Romanorum,
711 2458 807 2511 quia
837 2457 917 2512 ipsi
947 2457 1092 2512 procul
1122 2458 1271 2497 abesse
1302 2455 1554 2503 viderentur,

199 2520 410 2576 inproviso
442 2521 713 2575 adgressuros
747 2534 790 2560 se
822 2520 900 2560 rati
934 2534 1008 2574 per
1039 2519 1223 2560 0001111οἑ
1262 2517 1392 2558 saltus
1426 2516 1556 2558 secuti

202 2592 311 2625 sunt.
372 2598 474 2636 quos
511 2598 596 2624 non
632 2582 771 2638 adepti
807 2582 925 2623 Pado
961 2593 1131 2637 repente
1167 2580 1345 2622 navibus
1383 2579 1555 2621 traiecto

270 2651 332 2677 Livi
348 2651 401 2677 ι-υι.
416 2649 466 2677 ιιι.
1313 2646 1335 2680 8

1574 1288 1613 1317 14

1576 1476 1614 1504 1.)

1577 1848 1596 1876 [ὗ

1581 2592 1598 2621 G
