1799 2900
441 155 596 190 LIBER
621 156 810 201 xxxin,
836 157 994 191 ‘23—25.
1021 155 1312 200 [a.e.197.196]
1481 147 1559 188 103

204 259 335 315 bigati
362 259 661 314 quinquaginta
686 259 763 300 tria
792 259 906 300 milia
931 267 972 300 et
1002 260 1181 300 (lucenti.
1240 258 1438 300 militibus
1465 273 1560 299 cen-

202 321 516 374 turionibusque
543 328 583 362 et
609 321 814 373 equitibus
840 321 950 362 idem
975 320 1017 361 in
1044 321 1231 375 singulos
1258 321 1421 369 datum,
1448 321 1560 373 quod

203 384 374 424 dederat
401 383 573 437 collega.

287 443 491 485 XXIIII.
549 442 789 485 Secundum
832 444 1085 498 triumphum
1123 444 1356 485 consularia
1392 444 1558 485 comitia

203 506 356 546 habita.
417 506 543 546 creati
569 506 760 547 consules
787 506 840 546 L.
865 506 1017 547 Furius
1043 506 1248 560 Purpurio
1275 514 1314 547 et
1339 506 1402 547 M.
1431 505 1558 547 Clau-

203 568 294 608 dius
325 568 566 608 Marcellus.
634 576 844 622 praetores
882 575 1049 622 postero
1088 568 1152 608 die
1190 568 1290 608 facti
1321 568 1374 620 Q.
1400 568 1557 608 Fabius

202 630 356 678 Buteo,
389 630 454 670 Ti.
484 629 756 684 Sempronius
788 630 985 684 Longus,
1018 629 1071 681 Q.
1097 630 1310 671 Minucius
1336 630 1557 679 Thermus,

202 692 278 733 M’.
304 692 467 732 Acilius
495 691 680 738 Glabrio,
708 693 760 732 L.
787 692 993 747 Apustius
1018 692 1154 740 Fullo,
1182 691 1231 733 C.
1258 692 1445 733 Laelius.

285 754 415 794 Exitu
447 754 576 794 ferme
603 754 697 794 anni
723 755 882 794 litterae
910 770 933 795 a
957 754 1008 795 T.
1036 753 1232 805 Quinctio
1259 761 1480 802 venerunt,
1515 769 1558 794 se

203 816 332 870 signis
360 816 532 856 conlatis
561 830 654 856 cum
680 831 778 870 rege
802 816 999 870 Philippo
1025 815 1066 855 in
1086 816 1308 856 Thessalia
1331 831 1556 870 pugnasse,

202 877 382 917 hostium
409 877 635 918 exercitum
661 878 801 918 fusum
826 878 1112 931 fugatumque.
1156 877 1233 917 hae
1259 877 1418 918 litterae
1442 878 1557 932 prius

200 939 242 978 in
263 950 408 979 senatu
431 955 454 979 a
475 938 624 993 Sergio
649 947 851 994 praetore,
879 939 1027 980 deinde
1048 954 1099 979 ex
1123 939 1367 980 auctoritate
1392 947 1557 993 patrum

199 1002 241 1041 in
272 1001 462 1042 contione
496 1009 591 1041 sunt
620 1001 835 1049 recitatae,
873 1008 911 1041 et
944 1001 996 1042 ob
1027 1016 1094 1041 res
1125 1016 1322 1055 prospere
1348 1010 1489 1055 gestas
1515 1002 1557 1042 in

200 1064 288 1104 dies
321 1063 501 1116 quinque
536 1063 859 1117 supplicationes
892 1063 1096 1103 decretae.
1158 1063 1275 1103 brevi
1304 1070 1400 1118 post
1430 1064 1556 1118 legati

200 1133 241 1166 et
271 1125 323 1165 ab
349 1125 400 1165 T.
429 1124 626 1176 Quinctio
653 1132 692 1164 et
718 1125 770 1164 ab
795 1139 894 1178 ref-re
917 1124 1114 1178 Philippo
1140 1132 1352 1164 venerunt.
1413 1125 1558 1166 RIace-

198 1187 327 1228 dones
355 1186 521 1226 deducti
543 1194 659 1226 extra
683 1187 829 1226 urbem
854 1186 895 1226 in
915 1186 1055 1226 villam
1081 1186 1303 1240 publicam,
1330 1186 1470 1239 ibique
1496 1187 1555 1227 eis

198 1248 312 1288 locus
344 1255 385 1288 et
420 1247 548 1287 lautia
584 1247 772 1301 praebita
803 1256 843 1287 et
879 1247 931 1287 ad
968 1247 1114 1287 aedem
1145 1247 1347 1288 Bellonae
1386 1256 1554 1289 senatus

196 1309 330 1349 datus.
368 1308 426 1349 ibi
446 1308 546 1349 haut
565 1309 695 1349 multa
716 1310 844 1350 verba
870 1309 992 1357 facta,
1020 1324 1113 1349 cum
1128 1309 1398 1359 Macedones,
1426 1311 1557 1363 quod-

196 1385 371 1424 cumque
399 1378 567 1411 senatus
597 1371 840 1419 censuisset,
867 1371 910 1411 id
934 1386 1077 1425 regem
1103 1371 1307 1412 facturuin
1333 1387 1425 1413 esse
1447 1373 1557 1413 dice-

195 1441 298 1474 rent.
361 1433 504 1473 decem
534 1433 661 1487 legati
694 1448 806 1474 more
838 1433 1060 1481 maiorum,
1098 1448 1273 1485 quorum
1306 1449 1357 1475 ex
1382 1435 1554 1476 consilio

197 1495 247 1535 T.
264 1494 486 1546 Quinctius
512 1495 736 1549 imperator
760 1495 875 1549 leges
900 1495 1015 1549 pacis
1030 1494 1225 1550 Philippo
1246 1496 1374 1541 daret,
1402 1497 1556 1537 decreti

197 1556 502 1608 adiectumque,
531 1564 576 1596 ut
599 1556 641 1596 iu
668 1571 716 1596 eo
742 1571 913 1597 numero
939 1556 1171 1610 legatorum
1196 1558 1246 1598 P.
1276 1556 1487 1612 Sulpicius
1514 1565 1554 1598 et

195 1618 244 1658 P.
270 1618 422 1659 Villius
455 1626 612 1667 essent,
653 1618 723 1671 qui
754 1618 946 1659 consules
978 1618 1235 1672 provinciam
1261 1619 1555 1660 Macedoniam

196 1679 488 1720 obtinuissent.

1584 581 1602 610 Ν)

282 1739 460 1781 Cosanis
495 1755 542 1781 eo
575 1740 639 1781 die
664 1741 993 1795 postulantibus,
1031 1748 1077 1781 ut
1108 1741 1186 1781 sibi
1213 1741 1453 1782 colonorum
1478 1757 1554 1782 nu-
1579 1755 1598 1784 8

195 1817 331 1842 merus
359 1810 598 1856 augeretur,
630 1802 740 1842 mille
768 1803 948 1843 adscribi
972 1802 1092 1849 iussi,
1120 1803 1217 1842 dum
1243 1818 1294 1842 ne
1320 1803 1411 1855 quis
1437 1804 1479 1843 in
1505 1818 1553 1844 eo

194 1879 365 1905 numero
392 1872 503 1905 esset
529 1864 598 1917 qui
628 1872 724 1918 post
746 1864 797 1905 P.
827 1863 1070 1904 Cornelium
1098 1872 1137 1904 et
1163 1864 1228 1904 Ti.
1257 1863 1554 1919 Sempronium

194 1926 384 1967 consules
412 1926 542 1967 bostis
570 1927 731 1967 fuisset.

278 1988 431 2031 XXV.
480 1988 594 2029 Ludi
618 1988 798 2029 Romani
824 2003 873 2028 eo
899 2002 1006 2028 anno
1032 1988 1076 2027 in
1107 1988 1214 2028 circo
1241 2002 1473 2040 scaenaque
1500 1988 1552 2028 ab

193 2050 395 2091 aedilibus
430 2051 640 2091 curulibus
672 2051 721 2091 P.
751 2049 946 2091 Cornelio
980 2050 1176 2104 Scipione
1208 2057 1248 2090 et
1281 2049 1360 2090 Cn.
1392 2049 1553 2091 BIanlio

192 2111 380 2153 Vulsone
419 2120 459 2153 et
495 2113 829 2167 magnificentius
869 2127 992 2165 quam
1037 2112 1138 2152 alias
1182 2112 1282 2152 facti
1324 2120 1363 2152 et
1405 2112 1552 2152 laetius

193 2182 360 2227 propter
385 2189 450 2214 res
477 2174 586 2214 bello
611 2175 716 2214 bene
749 2182 890 2228 gestas
923 2174 1099 2228 spectati
1130 2174 1286 2226 totique
1312 2181 1373 2213 ter
1396 2174 1554 2214 instau-

192 2236 282 2276 rati.
331 2237 483 2290 plebeii
510 2238 662 2291 septies
688 2237 918 2277 instaurati.
968 2237 1043 2277 M'.
1060 2237 1220 2277 Acilius
1245 2236 1417 2277 Glabrio
1439 2246 1477 2276 et
1501 2236 1549 2278 C.

193 2297 363 2339 Laelius
392 2314 461 2339 eos
488 2299 608 2339 ludos
642 2299 828 2339 fecerunt
861 2311 901 2339 et.
935 2299 984 2338 de
1018 2307 1189 2352 argento
1222 2298 1448 2339 multaticio
1476 2298 1552 2339 tria

194 2359 313 2413 signa
334 2375 475 2408 aenea,
499 2359 696 2401 Cererem
710 2361 995 2412 Liberumque
1017 2368 1056 2400 et
1078 2361 1290 2409 Liberam,
1311 2367 1550 2414 posuerunt.

278 2421 330 2461 L.
361 2421 512 2463 Furius
545 2430 583 2462 et
616 2422 677 2462 M.
707 2421 909 2462 Claudius
943 2422 1170 2462 biarccllus
1204 2423 1421 2463 consulatu
1450 2422 1550 2462 inito

193 2496 287 2522 cum
312 2483 362 2523 de
387 2483 609 2537 provinciis
638 2491 828 2538 ageretur
854 2495 894 2524 et
918 2483 1084 2524 Italiam
1109 2484 1271 2537 utrique
1295 2485 1550 2539 provinciam

193 2552 361 2585 senatus
390 2546 640 2594 decerneret,
667 2554 711 2586 ut
730 2546 1022 2586 Macedoniam
1049 2561 1142 2586 eum
1162 2546 1284 2587 Italia
1309 2546 1550 2587 sortirentur

1578 2251 1596 2280 2

1577 2313 1596 2342 3

1578 2435 1597 2462 4

192 2607 429 2648 tendebant.
489 2607 717 2649 Marcellus
742 2608 980 2662 provinciae
1007 2608 1210 2663 cupidior,
1248 2622 1396 2664 pacem
1421 2609 1546 2649 simu·
1574 2621 1594 2651 5
