1799 2900
472 136 625 170 LIBER
652 137 819 181 XXXX,
844 137 898 171 47.
918 137 973 172 48.
1002 135 1202 181 [30179]
1428 125 1512 167 465

154 256 217 290 se,
248 248 294 281 ut
317 240 359 280 in
383 241 598 282 Vaccaeos
625 255 699 295 per
724 240 989 282 Lusitaniam
1012 240 1090 280 iret
1113 239 1315 288 Albinus,
1347 238 1390 278 in
1416 237 1514 279 Cel-

152 303 343 343 tiberiam
367 301 462 342 inde
487 309 761 343 reverteretur
770 319 780 352 ;
820 303 854 343 si
878 303 1012 343 maius
1044 302 1100 342 ibi
1125 302 1280 342 bellum
1305 307 1434 349 esset,
1471 300 1514 339 in

156 364 297 404 ultima
329 362 580 404 Celtiberiae
616 372 871 417 penetraret3
911 363 1127 405 Gracchus
1256 360 1511 418 [Gracchus]

155 425 360 465 Mundam
390 425 536 465 urbem
566 426 699 480 primo
730 426 771 465 ri
803 426 930 480 cepit,
967 434 1088 466 nocte
1119 440 1171 466 ex
1200 424 1412 480 inproviso
1444 424 1516 464 ad-

155 501 339 541 gressus.
397 487 577 541 acceptis
605 487 753 528 deinde
780 488 995 529 obsidibus
1021 486 1310 542 praesidioque
1335 485 1516 540 inposito

156 549 326 590 castella
358 549 619 604 obpugnare,
657 565 779 604 agros
811 565 950 598 urere,
989 550 1120 590 donec
1151 549 1204 589 ad
1235 548 1516 604 praevalidam

157 611 280 651 aliam
304 612 450 652 urbem
475 637 508 642 —
535 610 764 652 Certimam
796 612 1007 666 adpellant
1034 610 1234 652 Celtiberi
1258 636 1291 639 -
1315 610 1516 665 pervenit.

157 674 227 714 ubi
253 689 346 714 eum
371 673 454 714 iam
480 689 604 728 opera
631 675 888 723 admoveret,
927 675 1097 715 veniunt
1121 673 1249 728 legati
1275 689 1325 714 ex
1351 673 1517 728 oppido,

158 750 332 788 quorum
359 751 494 777 sermo
520 736 713 789 antiquae
741 736 1014 791 simplicitatis
1035 736 1124 784 fuit,
1151 751 1235 776 non
1257 735 1520 775 dissimulan-

157 798 260 837 tium
284 798 530 846 bellaturos,
565 798 599 838 si
625 798 732 838 vires
760 806 912 838 essent.
972 797 1180 852 petierunt
1205 797 1333 845 enim,
1370 804 1416 836 ut
1442 796 1520 836 sibi

157 859 199 900 in
225 867 360 899 castra
386 858 690 900 Celtiberorum
720 860 779 900 ire
804 860 945 900 liceret
971 860 1023 900 ad
1049 859 1202 900 auxilia
1233 858 1448 899 accienda:
1486 857 1520 897 si

158 936 240 961 non
265 921 578 975 impetrassent,
615 928 702 961 tum
735 922 958 976 separatim
992 936 1062 962 eos
1095 922 1146 962 ab
1172 921 1253 961 illis
1287 935 1330 960 se
1357 919 1521 960 consul-

158 992 286 1023 turos.
347 983 610 1038 permittente
637 982 829 1024 Graccho
855 983 990 1024 ierunt
1020 990 1061 1023 et
1085 990 1181 1037 post
1205 982 1347 1037 paucis
1375 981 1519 1022 diebus

161 1045 262 1085 alios
290 1044 433 1085 decem
453 1045 613 1099 legatos
636 1060 777 1086 secum
798 1046 1073 1086 adduxerunt.
1122 1044 1397 1084 meridianum
1418 1051 1521 1083 tem-

160 1122 237 1161 pus
265 1115 364 1148 erat.
412 1107 513 1147 nihil
538 1107 651 1162 prius
677 1108 882 1162 petierunt
909 1123 933 1147 a
957 1114 1146 1161 praetore
1173 1121 1296 1159 quam
1315 1113 1361 1146 ut
1378 1106 1521 1146 bibere

162 1168 241 1209 sibi
265 1169 425 1209 iuberet
450 1168 551 1209 dari.
611 1169 745 1223 epotis
776 1169 919 1223 primis
951 1168 1110 1222 poculis
1142 1168 1291 1208 iterum
1320 1180 1523 1222 poposce-

160 1237 273 1278 runt,
299 1245 453 1283 magno
478 1230 564 1270 risu
591 1230 945 1270 circumstantium
969 1230 1011 1268 in
1038 1237 1121 1269 tam
1140 1229 1313 1269 rudibus
1338 1236 1378 1268 et
1396 1227 1522 1268 moris

162 1291 294 1332 omnis
320 1291 476 1345 ignaris
501 1291 693 1345 ingeniis.
755 1298 842 1331 tuln
868 1291 1072 1331 maximus
1098 1300 1199 1330 natu
1230 1305 1281 1330 ex
1311 1289 1360 1330 iis
1388 1289 1523 1329 ‘missi

163 1352 324 1394 sumus’
350 1352 484 1405 inquit
510 1356 552 1392 ‘a
572 1360 696 1406 gente
722 1362 864 1393 nostra
890 1352 958 1405 qui
985 1352 1302 1401 sciscitaremur,
1329 1366 1410 1404 qua
1433 1360 1524 1391 tan-

163 1415 257 1456 dem
281 1430 325 1455 re
350 1415 480 1455 fretus
507 1430 622 1455 arma
651 1414 770 1455 nobis
802 1414 1005 1455 inferres.'
1067 1414 1119 1454 ad
1150 1414 1257 1454 hanc
1281 1422 1524 1468 percuncta-

163 1478 317 1518 tionem
333 1476 550 1517 Gracchus
577 1477 760 1516 exercitu
786 1491 829 1517 se
855 1475 1023 1530 egregio
1049 1476 1245 1516 fidentem
1270 1475 1435 1516 venisse
1460 1490 1524 1515 re-

165 1538 348 1592 spondit:
384 1552 507 1591 quem
533 1537 568 1578 si
591 1538 673 1592 ipsi
698 1538 832 1578 visere
857 1538 1003 1586 velint,
1041 1551 1121 1590 quo
1149 1537 1322 1578 certiora
1348 1537 1401 1577 ad
1426 1551 1523 1577 suos

163 1600 361 1648 referant,
400 1607 650 1654 potestatem
682 1615 726 1641 se
758 1601 817 1640 eis
849 1600 1056 1640 facturum
1082 1614 1194 1648 esse,
1220 1624 1253 1628 —
1278 1599 1523 1651 tribunoque

164 1662 341 1702 militum
371 1662 565 1715 imperat,
603 1672 648 1702 ut
679 1661 814 1702 ornari
846 1676 988 1702 omnes
1022 1661 1161 1715 copias
1193 1660 1379 1714 peditum
1411 1660 1523 1712 equi-

165 1732 333 1777 tumque
360 1732 400 1764 et
426 1724 642 1765 decurrere
671 1725 812 1765 iubeat
843 1730 1034 1764 armatas.
1097 1723 1148 1763 ab
1179 1723 1257 1763 hoc
1288 1723 1524 1777 spectaculo

164 1786 293 1841 legati
327 1786 445 1826 missi
482 1786 769 1826 deterruerunt
812 1801 909 1826 suos
948 1786 1000 1826 ab
1036 1785 1188 1826 auxilio
1227 1785 1525 1825 circumsessae

164 1848 257 1888 urbi
281 1848 466 1888 ferendo.
516 1847 711 1902 oppidani
737 1861 831 1887 cum
855 1847 973 1902 ignes
1000 1854 1119 1886 nocte
1141 1861 1162 1886 e
1182 1846 1360 1886 turribus
1382 1846 1526 1898 nequi-

166 1925 308 1964 quam,
336 1911 448 1964 quod
473 1911 640 1964 signum
666 1916 934 1958 convenerat,
963 1908 1241 1957 sustulissent,
1269 1908 1453 1949 destituti
1474 1908 1525 1948 ab

164 1973 288 2013 unica
331 1988 404 2028 spe
448 1973 589 2013 auxilii
630 1973 672 2012 in
710 1972 962 2013 deditionem
1002 1979 1217 2012 venerunt.
1290 1972 1525 2012 sestertium

166 2039 381 2076 nummum
413 2044 557 2088 quater
589 2042 629 2076 et
660 2035 814 2076 viciens
847 2035 899 2075 ab
929 2034 978 2074 iis
1013 2040 1075 2074 est
1101 2041 1312 2082 exactum,
1350 2033 1526 2086 quadra-

167 2097 282 2151 ginta
317 2098 565 2138 nobilissimi
607 2097 785 2150 equites,
834 2111 910 2137 nec
954 2096 1147 2137 obsidum
1183 2095 1348 2136 nomine
1373 2120 1406 2124 —
1429 2110 1525 2135 nam

166 2159 342 2199 militare
380 2159 483 2199 iussi
520 2168 681 2207 sunt—‚
720 2168 759 2200 et
796 2167 935 2199 tamen
970 2172 1014 2198 re
1051 2157 1143 2212 ipsa
1172 2164 1219 2197 ut
1248 2157 1398 2212 pignus
1429 2157 1526 2197 fidei

168 2228 319 2261 essent.

1540 376 1558 404 [ὗ

1552 1427 1567 1454 κ]

1553 1984 1594 2012 10

252 2281 573 2324 XXXXVIH.
634 2282 740 2323 Inde
765 2282 847 2322 iam
873 2281 990 2321 duxit
1015 2281 1067 2321 ad
1091 2280 1228 2321 Alcen
1252 2281 1416 2329 urbem,
1454 2280 1525 2320 ubi
1553 2294 1566 2323 1

168 2351 303 2384 castra
335 2343 640 2385 Celtiberorum
671 2352 804 2392 erant,
842 2359 866 2384 a
896 2343 1044 2396 quibus
1078 2350 1278 2384 venerant
1307 2357 1438 2397 nuper
1468 2341 1526 2383 le-

168 2406 266 2460 gati.
329 2420 399 2446 eos
427 2420 521 2446 eum
543 2421 617 2460 per
642 2406 797 2459 aliquot
822 2406 928 2454 dies,
955 2412 1206 2445 armaturam
1230 2405 1365 2445 levem
1388 2405 1526 2444 inmit-
1551 2417 1569 2446 2

170 2468 294 2508 tendo
330 2468 373 2508 in
409 2469 626 2517 stationes,
668 2467 906 2509 lacessisset
942 2467 1080 2521 parvis
1126 2467 1311 2521 proeliis,
1359 2466 1401 2506 in
1437 2466 1524 2507 dies

168 2529 326 2570 maiora
350 2530 576 2570 certamina
601 2530 782 2579 serebat,
808 2537 853 2569 ut
877 2543 1020 2570 omnes
1047 2538 1162 2569 extra
1182 2528 1432 2569 munitiones
1453 2527 1525 2569 eli-

170 2598 292 2632 ceret.
352 2591 423 2632 ubi
455 2592 565 2645 quod
594 2592 761 2646 petebat
791 2593 826 2632 is
860 2591 990 2632 sensit
1015 2591 1228 2640 effectum,
1277 2590 1523 2631 auxiliorum
1550 2604 1568 2633 3

238 2659 301 2684 Lm*
316 2659 368 2685 vot.
386 2658 432 2684 m.
1259 2656 1304 2690 30
