<?xml version="1.0" encoding="UTF-8"?>
<!DOCTYPE html PUBLIC "-//W3C//DTD XHTML 1.0 Transitional//EN"
    "http://www.w3.org/TR/xhtml1/DTD/xhtml1-transitional.dtd">
<html xmlns="http://www.w3.org/1999/xhtml" xml:lang="en" lang="en">
 <head>
  <title>
</title>
<meta http-equiv="Content-Type" content="text/html;charset=utf-8" />
  <meta name='ocr-system' content='tesseract 3.04.00' />
  <meta name='ocr-capabilities' content='ocr_page ocr_carea ocr_par ocr_line ocrx_word'/>
</head>
<body>
  <div class='ocr_page' id='page_1' title='image "./aburbeconditalib03livyuoft_0092.png"; bbox 0 0 1799 2900; ppageno 0'>
   <div class='ocr_carea' id='block_1_1' title="bbox 194 354 212 383">
    <p class='ocr_par' dir='ltr' id='par_1_1' title="bbox 194 354 212 383">
     <span class='ocr_line' id='line_1_1' title="bbox 194 354 212 383; textangle 90"><span class='ocrx_word' id='word_1_1' title='bbox 194 354 212 383; x_wconf 70' lang='lat'>10</span> 
     </span>
    </p>
   </div>
   <div class='ocr_carea' id='block_1_2' title="bbox 189 1841 207 1868">
    <p class='ocr_par' dir='ltr' id='par_1_2' title="bbox 189 1841 207 1868">
     <span class='ocr_line' id='line_1_2' title="bbox 189 1841 207 1868; textangle 90"><span class='ocrx_word' id='word_1_2' title='bbox 189 1841 207 1868; x_wconf 55' lang='lat' dir='ltr'>lx:</span> 
     </span>
    </p>
   </div>
   <div class='ocr_carea' id='block_1_3' title="bbox 191 2649 208 2677">
    <p class='ocr_par' dir='ltr' id='par_1_3' title="bbox 191 2649 208 2677">
     <span class='ocr_line' id='line_1_3' title="bbox 191 2649 208 2677; baseline 0 0"><span class='ocrx_word' id='word_1_3' title='bbox 191 2649 208 2677; x_wconf 75' lang='grc' dir='ltr'>ὕ</span> 
     </span>
    </p>
   </div>
   <div class='ocr_carea' id='block_1_4' title="bbox 244 165 1288 215">
    <p class='ocr_par' dir='ltr' id='par_1_4' title="bbox 244 165 1288 215">
     <span class='ocr_line' id='line_1_4' title="bbox 244 165 1288 215; baseline -0.003 -9"><span class='ocrx_word' id='word_1_4' title='bbox 244 165 295 206; x_wconf 73' lang='lat'>12</span> <span class='ocrx_word' id='word_1_5' title='bbox 544 171 696 205; x_wconf 73' lang='lat' dir='ltr'>LIBER</span> <span class='ocrx_word' id='word_1_6' title='bbox 721 170 871 215; x_wconf 81' lang='lat' dir='ltr'>XXXI,</span> <span class='ocrx_word' id='word_1_7' title='bbox 899 170 1021 204; x_wconf 86' lang='lat'>13.14.</span> <span class='ocrx_word' id='word_1_8' title='bbox 1049 172 1146 214; x_wconf 81' lang='lat' dir='ltr'>[a.u.</span> <span class='ocrx_word' id='word_1_9' title='bbox 1163 171 1288 214; x_wconf 51' lang='grc' dir='ltr'>απ]</span> 
     </span>
    </p>
   </div>
   <div class='ocr_carea' id='block_1_5' title="bbox 234 273 1602 2692">
    <p class='ocr_par' dir='ltr' id='par_1_5' title="bbox 234 273 1602 2692">
     <span class='ocr_line' id='line_1_5' title="bbox 240 273 1596 331; baseline -0.001 -13"><span class='ocrx_word' id='word_1_10' title='bbox 240 277 442 330; x_wconf 89' lang='lat' dir='ltr'>cuniaque</span> <span class='ocrx_word' id='word_1_11' title='bbox 480 291 531 316; x_wconf 86' lang='lat' dir='ltr'>ex</span> <span class='ocrx_word' id='word_1_12' title='bbox 567 274 688 315; x_wconf 89' lang='lat' dir='ltr'>bonis</span> <span class='ocrx_word' id='word_1_13' title='bbox 726 273 944 315; x_wconf 81' lang='lat' dir='ltr'>noxiorum</span> <span class='ocrx_word' id='word_1_14' title='bbox 978 275 1021 315; x_wconf 90' lang='lat' dir='ltr'>in</span> <span class='ocrx_word' id='word_1_15' title='bbox 1055 274 1301 316; x_wconf 82' lang='lat' dir='ltr'>thensauros</span> <span class='ocrx_word' id='word_1_16' title='bbox 1332 276 1515 331; x_wconf 85' lang='lat' dir='ltr'>reposita</span> <span class='ocrx_word' id='word_1_17' title='bbox 1543 299 1596 306; x_wconf 81' lang='lat'>-—</span> 
     </span>
     <span class='ocr_line' id='line_1_6' title="bbox 241 336 1600 393; baseline -0.001 -13"><span class='ocrx_word' id='word_1_18' title='bbox 241 355 335 380; x_wconf 87' lang='grc'>011111</span> <span class='ocrx_word' id='word_1_19' title='bbox 362 338 553 379; x_wconf 85' lang='lat' dir='ltr'>consules</span> <span class='ocrx_word' id='word_1_20' title='bbox 580 337 623 376; x_wconf 92' lang='lat' dir='ltr'>in</span> <span class='ocrx_word' id='word_1_21' title='bbox 647 336 882 390; x_wconf 71' lang='lat' dir='ltr'>provincias</span> <span class='ocrx_word' id='word_1_22' title='bbox 909 337 1115 391; x_wconf 86' lang='lat' dir='ltr'>proficisci</span> <span class='ocrx_word' id='word_1_23' title='bbox 1140 337 1312 387; x_wconf 73' lang='lat' dir='ltr'>vellent,</span> <span class='ocrx_word' id='word_1_24' title='bbox 1343 339 1494 393; x_wconf 81' lang='lat' dir='ltr'>privati</span> <span class='ocrx_word' id='word_1_25' title='bbox 1519 339 1600 379; x_wconf 89' lang='lat' dir='ltr'>fre-</span> 
     </span>
     <span class='ocr_line' id='line_1_7' title="bbox 239 398 1599 454; baseline 0 -14"><span class='ocrx_word' id='word_1_26' title='bbox 239 408 426 454; x_wconf 79' lang='lat' dir='ltr'>quentes,</span> <span class='ocrx_word' id='word_1_27' title='bbox 455 398 604 451; x_wconf 87' lang='lat' dir='ltr'>quibus</span> <span class='ocrx_word' id='word_1_28' title='bbox 632 413 682 438; x_wconf 86' lang='lat' dir='ltr'>ex</span> <span class='ocrx_word' id='word_1_29' title='bbox 708 398 896 452; x_wconf 84' lang='lat' dir='ltr'>pecunia,</span> <span class='ocrx_word' id='word_1_30' title='bbox 924 398 1122 451; x_wconf 62' lang='lat' dir='ltr'>quamBI.</span> <span class='ocrx_word' id='word_1_31' title='bbox 1139 399 1321 449; x_wconf 86' lang='lat' dir='ltr'>Valerio,</span> <span class='ocrx_word' id='word_1_32' title='bbox 1342 401 1404 441; x_wconf 88' lang='lat' dir='ltr'>M.</span> <span class='ocrx_word' id='word_1_33' title='bbox 1422 400 1599 441; x_wconf 74' lang='lat' dir='ltr'>Claudio</span> 
     </span>
     <span class='ocr_line' id='line_1_8' title="bbox 239 460 1598 516; baseline -0.001 -13"><span class='ocrx_word' id='word_1_34' title='bbox 239 461 478 503; x_wconf 83' lang='lat' dir='ltr'>consulibus</span> <span class='ocrx_word' id='word_1_35' title='bbox 506 468 691 500; x_wconf 88' lang='lat' dir='ltr'>mutuam</span> <span class='ocrx_word' id='word_1_36' title='bbox 718 460 936 509; x_wconf 85' lang='lat' dir='ltr'>dederant,</span> <span class='ocrx_word' id='word_1_37' title='bbox 975 461 1094 501; x_wconf 86' lang='lat' dir='ltr'>tertia</span> <span class='ocrx_word' id='word_1_38' title='bbox 1124 462 1270 516; x_wconf 84' lang='lat' dir='ltr'>pensio</span> <span class='ocrx_word' id='word_1_39' title='bbox 1297 463 1525 503; x_wconf 79' lang='lat' dir='ltr'>debebatur</span> <span class='ocrx_word' id='word_1_40' title='bbox 1551 478 1598 503; x_wconf 91' lang='lat' dir='ltr'>eo</span> 
     </span>
     <span class='ocr_line' id='line_1_9' title="bbox 238 522 1597 575; baseline 0.001 -13"><span class='ocrx_word' id='word_1_41' title='bbox 238 538 365 571; x_wconf 88' lang='lat' dir='ltr'>anno,</span> <span class='ocrx_word' id='word_1_42' title='bbox 404 522 594 563; x_wconf 83' lang='lat' dir='ltr'>adierunt</span> <span class='ocrx_word' id='word_1_43' title='bbox 625 530 834 571; x_wconf 83' lang='lat' dir='ltr'>senatum,</span> <span class='ocrx_word' id='word_1_44' title='bbox 874 522 970 575; x_wconf 88' lang='lat' dir='ltr'>quia</span> <span class='ocrx_word' id='word_1_45' title='bbox 995 524 1207 572; x_wconf 85' lang='lat' dir='ltr'>consules,</span> <span class='ocrx_word' id='word_1_46' title='bbox 1247 539 1339 564; x_wconf 90' lang='lat' dir='ltr'>cum</span> <span class='ocrx_word' id='word_1_47' title='bbox 1366 525 1419 565; x_wconf 88' lang='lat' dir='ltr'>ad</span> <span class='ocrx_word' id='word_1_48' title='bbox 1444 540 1597 565; x_wconf 71' lang='lat' dir='ltr'>novum</span> 
     </span>
     <span class='ocr_line' id='line_1_10' title="bbox 237 584 1597 641; baseline 0.002 -18"><span class='ocrx_word' id='word_1_49' title='bbox 237 585 404 633; x_wconf 88' lang='lat' dir='ltr'>bellum,</span> <span class='ocrx_word' id='word_1_50' title='bbox 431 585 542 637; x_wconf 90' lang='lat' dir='ltr'>quod</span> <span class='ocrx_word' id='word_1_51' title='bbox 568 599 721 638; x_wconf 82' lang='lat' dir='ltr'>magna</span> <span class='ocrx_word' id='word_1_52' title='bbox 746 584 879 625; x_wconf 84' lang='lat' dir='ltr'>classe</span> <span class='ocrx_word' id='word_1_53' title='bbox 904 584 1151 639; x_wconf 79' lang='lat' dir='ltr'>magnisque</span> <span class='ocrx_word' id='word_1_54' title='bbox 1177 586 1426 627; x_wconf 78' lang='lat' dir='ltr'>exercitibus</span> <span class='ocrx_word' id='word_1_55' title='bbox 1449 602 1597 641; x_wconf 82' lang='lat' dir='ltr'>geren-</span> 
     </span>
     <span class='ocr_line' id='line_1_11' title="bbox 237 646 1598 702; baseline 0.001 -16"><span class='ocrx_word' id='word_1_56' title='bbox 237 647 335 686; x_wconf 88' lang='lat' dir='ltr'>dum</span> <span class='ocrx_word' id='word_1_57' title='bbox 356 655 479 695; x_wconf 79' lang='lat' dir='ltr'>esset,</span> <span class='ocrx_word' id='word_1_58' title='bbox 507 646 576 686; x_wconf 71' lang='lat' dir='ltr'>vix</span> <span class='ocrx_word' id='word_1_59' title='bbox 596 646 801 687; x_wconf 90' lang='lat' dir='ltr'>aerarium</span> <span class='ocrx_word' id='word_1_60' title='bbox 822 647 1054 696; x_wconf 71' lang='lat' dir='ltr'>subticeret,</span> <span class='ocrx_word' id='word_1_61' title='bbox 1080 656 1336 702; x_wconf 75' lang='lat' dir='ltr'>negaverant.</span> <span class='ocrx_word' id='word_1_62' title='bbox 1356 664 1462 698; x_wconf 81' lang='lat' dir='ltr'>esse,</span> <span class='ocrx_word' id='word_1_63' title='bbox 1488 649 1598 689; x_wconf 88' lang='lat' dir='ltr'>unde</span> 
     </span>
     <span class='ocr_line' id='line_1_12' title="bbox 236 708 1599 763; baseline 0.001 -15"><span class='ocrx_word' id='word_1_64' title='bbox 236 709 285 749; x_wconf 90' lang='lat' dir='ltr'>iis</span> <span class='ocrx_word' id='word_1_65' title='bbox 317 709 360 749; x_wconf 92' lang='lat' dir='ltr'>in</span> <span class='ocrx_word' id='word_1_66' title='bbox 392 708 628 763; x_wconf 83' lang='lat' dir='ltr'>praesentia</span> <span class='ocrx_word' id='word_1_67' title='bbox 660 708 901 749; x_wconf 78' lang='lat' dir='ltr'>solveretur.</span> <span class='ocrx_word' id='word_1_68' title='bbox 963 718 1132 749; x_wconf 87' lang='lat' dir='ltr'>senatus</span> <span class='ocrx_word' id='word_1_69' title='bbox 1165 720 1384 762; x_wconf 80' lang='lat' dir='ltr'>querentes</span> <span class='ocrx_word' id='word_1_70' title='bbox 1419 726 1488 751; x_wconf 89' lang='lat' dir='ltr'>eos</span> <span class='ocrx_word' id='word_1_71' title='bbox 1516 726 1599 752; x_wconf 91' lang='lat' dir='ltr'>non</span> 
     </span>
     <span class='ocr_line' id='line_1_13' title="bbox 238 770 1600 825; baseline 0.001 -14"><span class='ocrx_word' id='word_1_72' title='bbox 238 772 453 811; x_wconf 81' lang='lat' dir='ltr'>sustinuit:</span> <span class='ocrx_word' id='word_1_73' title='bbox 505 770 539 811; x_wconf 89' lang='lat' dir='ltr'>si</span> <span class='ocrx_word' id='word_1_74' title='bbox 569 771 611 811; x_wconf 91' lang='lat' dir='ltr'>in</span> <span class='ocrx_word' id='word_1_75' title='bbox 635 771 842 811; x_wconf 82' lang='lat' dir='ltr'>Punicum</span> <span class='ocrx_word' id='word_1_76' title='bbox 873 771 1027 811; x_wconf 90' lang='lat' dir='ltr'>bellum</span> <span class='ocrx_word' id='word_1_77' title='bbox 1058 771 1235 825; x_wconf 83' lang='lat' dir='ltr'>pecunia</span> <span class='ocrx_word' id='word_1_78' title='bbox 1261 772 1358 812; x_wconf 86' lang='lat' dir='ltr'>data</span> <span class='ocrx_word' id='word_1_79' title='bbox 1387 772 1431 812; x_wconf 90' lang='lat' dir='ltr'>in</span> <span class='ocrx_word' id='word_1_80' title='bbox 1456 772 1600 813; x_wconf 63' lang='lat' dir='ltr'>Blacc-</span> 
     </span>
     <span class='ocr_line' id='line_1_14' title="bbox 238 833 1599 887; baseline 0.001 -15"><span class='ocrx_word' id='word_1_81' title='bbox 238 833 431 873; x_wconf 87' lang='lat' dir='ltr'>donicum</span> <span class='ocrx_word' id='word_1_82' title='bbox 464 847 628 886; x_wconf 89' lang='lat' dir='ltr'>quoque</span> <span class='ocrx_word' id='word_1_83' title='bbox 664 833 820 873; x_wconf 83' lang='lat' dir='ltr'>bellum</span> <span class='ocrx_word' id='word_1_84' title='bbox 857 833 916 872; x_wconf 89' lang='lat' dir='ltr'>uti</span> <span class='ocrx_word' id='word_1_85' title='bbox 952 848 1018 873; x_wconf 86' lang='lat' dir='ltr'>res</span> <span class='ocrx_word' id='word_1_86' title='bbox 1049 833 1216 887; x_wconf 87' lang='lat' dir='ltr'>publica</span> <span class='ocrx_word' id='word_1_87' title='bbox 1245 833 1388 883; x_wconf 85' lang='lat' dir='ltr'>vellet,</span> <span class='ocrx_word' id='word_1_88' title='bbox 1428 833 1517 874; x_wconf 89' lang='lat' dir='ltr'>aliis</span> <span class='ocrx_word' id='word_1_89' title='bbox 1549 849 1599 875; x_wconf 87' lang='lat' dir='ltr'>ex</span> 
     </span>
     <span class='ocr_line' id='line_1_15' title="bbox 238 895 1600 952; baseline 0.002 -18"><span class='ocrx_word' id='word_1_90' title='bbox 238 895 328 935; x_wconf 89' lang='lat' dir='ltr'>aliis</span> <span class='ocrx_word' id='word_1_91' title='bbox 367 896 594 936; x_wconf 79' lang='lat' dir='ltr'>orientibus</span> <span class='ocrx_word' id='word_1_92' title='bbox 631 895 752 936; x_wconf 89' lang='lat' dir='ltr'>bellis</span> <span class='ocrx_word' id='word_1_93' title='bbox 791 895 891 948; x_wconf 88' lang='lat' dir='ltr'>quid</span> <span class='ocrx_word' id='word_1_94' title='bbox 927 895 1039 935; x_wconf 87' lang='lat' dir='ltr'>aliud</span> <span class='ocrx_word' id='word_1_95' title='bbox 1076 909 1199 948; x_wconf 88' lang='lat' dir='ltr'>quam</span> <span class='ocrx_word' id='word_1_96' title='bbox 1237 895 1489 950; x_wconf 84' lang='lat' dir='ltr'>publicatam</span> <span class='ocrx_word' id='word_1_97' title='bbox 1525 911 1600 952; x_wconf 85' lang='lat' dir='ltr'>pro</span> 
     </span>
     <span class='ocr_line' id='line_1_16' title="bbox 235 957 1602 1012; baseline 0.001 -15"><span class='ocrx_word' id='word_1_98' title='bbox 235 957 438 998; x_wconf 86' lang='lat' dir='ltr'>beneficio</span> <span class='ocrx_word' id='word_1_99' title='bbox 471 966 681 1011; x_wconf 80' lang='lat' dir='ltr'>tamquam</span> <span class='ocrx_word' id='word_1_100' title='bbox 719 957 843 997; x_wconf 77' lang='lat' dir='ltr'>noxia</span> <span class='ocrx_word' id='word_1_101' title='bbox 876 972 993 998; x_wconf 93' lang='lat' dir='ltr'>suam</span> <span class='ocrx_word' id='word_1_102' title='bbox 1023 957 1242 1012; x_wconf 86' lang='lat' dir='ltr'>pecuniam</span> <span class='ocrx_word' id='word_1_103' title='bbox 1276 958 1389 999; x_wconf 83' lang='lat' dir='ltr'>fore?</span> <span class='ocrx_word' id='word_1_104' title='bbox 1437 972 1530 998; x_wconf 87' lang='grc'>011111</span> <span class='ocrx_word' id='word_1_105' title='bbox 1562 966 1602 999; x_wconf 86' lang='lat' dir='ltr'>et</span> 
     </span>
     <span class='ocr_line' id='line_1_17' title="bbox 238 1019 1600 1075; baseline 0.001 -16"><span class='ocrx_word' id='word_1_106' title='bbox 238 1019 387 1073; x_wconf 76' lang='lat' dir='ltr'>privati</span> <span class='ocrx_word' id='word_1_107' title='bbox 412 1035 558 1060; x_wconf 90' lang='lat' dir='ltr'>aecum</span> <span class='ocrx_word' id='word_1_108' title='bbox 583 1020 843 1075; x_wconf 84' lang='lat' dir='ltr'>postularent</span> <span class='ocrx_word' id='word_1_109' title='bbox 867 1034 943 1060; x_wconf 90' lang='lat' dir='ltr'>nee</span> <span class='ocrx_word' id='word_1_110' title='bbox 969 1028 1108 1060; x_wconf 89' lang='lat' dir='ltr'>tamen</span> <span class='ocrx_word' id='word_1_111' title='bbox 1129 1020 1329 1062; x_wconf 81' lang='lat' dir='ltr'>solvendo</span> <span class='ocrx_word' id='word_1_112' title='bbox 1350 1036 1445 1062; x_wconf 84' lang='lat' dir='ltr'>aere</span> <span class='ocrx_word' id='word_1_113' title='bbox 1466 1021 1600 1061; x_wconf 89' lang='lat' dir='ltr'>alieno</span> 
     </span>
     <span class='ocr_line' id='line_1_18' title="bbox 237 1082 1599 1136; baseline 0.001 -14"><span class='ocrx_word' id='word_1_114' title='bbox 237 1097 303 1122; x_wconf 85' lang='lat' dir='ltr'>res</span> <span class='ocrx_word' id='word_1_115' title='bbox 329 1083 495 1136; x_wconf 88' lang='lat' dir='ltr'>publica</span> <span class='ocrx_word' id='word_1_116' title='bbox 520 1090 649 1131; x_wconf 84' lang='lat' dir='ltr'>essct,</span> <span class='ocrx_word' id='word_1_117' title='bbox 677 1083 788 1135; x_wconf 88' lang='lat' dir='ltr'>quod</span> <span class='ocrx_word' id='word_1_118' title='bbox 813 1083 995 1122; x_wconf 88' lang='lat' dir='ltr'>medium</span> <span class='ocrx_word' id='word_1_119' title='bbox 1020 1082 1126 1123; x_wconf 89' lang='lat' dir='ltr'>inter</span> <span class='ocrx_word' id='word_1_120' title='bbox 1151 1096 1295 1123; x_wconf 85' lang='lat' dir='ltr'>aecum</span> <span class='ocrx_word' id='word_1_121' title='bbox 1323 1090 1363 1123; x_wconf 85' lang='lat' dir='ltr'>et</span> <span class='ocrx_word' id='word_1_122' title='bbox 1387 1083 1486 1124; x_wconf 90' lang='lat' dir='ltr'>utile</span> <span class='ocrx_word' id='word_1_123' title='bbox 1513 1091 1599 1124; x_wconf 87' lang='lat' dir='ltr'>orat</span> 
     </span>
     <span class='ocr_line' id='line_1_19' title="bbox 237 1143 1600 1200; baseline 0.002 -17"><span class='ocrx_word' id='word_1_124' title='bbox 237 1143 522 1193; x_wconf 78' lang='lat' dir='ltr'>decreverunt,</span> <span class='ocrx_word' id='word_1_125' title='bbox 551 1153 608 1193; x_wconf 87' lang='lat' dir='ltr'>ut,</span> <span class='ocrx_word' id='word_1_126' title='bbox 636 1145 832 1197; x_wconf 85' lang='lat' dir='ltr'>quoniam</span> <span class='ocrx_word' id='word_1_127' title='bbox 858 1160 1011 1199; x_wconf 71' lang='lat' dir='ltr'>magna</span> <span class='ocrx_word' id='word_1_128' title='bbox 1035 1160 1131 1199; x_wconf 88' lang='lat' dir='ltr'>pars</span> <span class='ocrx_word' id='word_1_129' title='bbox 1158 1160 1301 1185; x_wconf 84' lang='lat' dir='ltr'>eorum</span> <span class='ocrx_word' id='word_1_130' title='bbox 1327 1160 1449 1199; x_wconf 78' lang='lat' dir='ltr'>agros</span> <span class='ocrx_word' id='word_1_131' title='bbox 1476 1146 1600 1200; x_wconf 73' lang='lat' dir='ltr'>volgo</span> 
     </span>
     <span class='ocr_line' id='line_1_20' title="bbox 236 1207 1599 1262; baseline 0.001 -17"><span class='ocrx_word' id='word_1_132' title='bbox 236 1207 405 1247; x_wconf 78' lang='lat' dir='ltr'>venales</span> <span class='ocrx_word' id='word_1_133' title='bbox 445 1222 537 1247; x_wconf 86' lang='lat' dir='ltr'>esse</span> <span class='ocrx_word' id='word_1_134' title='bbox 577 1207 731 1247; x_wconf 87' lang='lat' dir='ltr'>diceret</span> <span class='ocrx_word' id='word_1_135' title='bbox 770 1215 807 1247; x_wconf 91' lang='lat' dir='ltr'>et</span> <span class='ocrx_word' id='word_1_136' title='bbox 847 1207 1011 1247; x_wconf 86' lang='lat' dir='ltr'>sibimet</span> <span class='ocrx_word' id='word_1_137' title='bbox 1043 1207 1191 1261; x_wconf 75' lang='lat' dir='ltr'>emptis</span> <span class='ocrx_word' id='word_1_138' title='bbox 1225 1222 1329 1262; x_wconf 87' lang='lat' dir='ltr'>opus</span> <span class='ocrx_word' id='word_1_139' title='bbox 1362 1223 1473 1257; x_wconf 84' lang='lat' dir='ltr'>csse,</span> <span class='ocrx_word' id='word_1_140' title='bbox 1512 1208 1599 1262; x_wconf 81' lang='lat' dir='ltr'>agri</span> 
     </span>
     <span class='ocr_line' id='line_1_21' title="bbox 235 1269 1600 1325; baseline 0.001 -17"><span class='ocrx_word' id='word_1_141' title='bbox 235 1269 408 1322; x_wconf 85' lang='lat' dir='ltr'>publici,</span> <span class='ocrx_word' id='word_1_142' title='bbox 448 1269 517 1322; x_wconf 89' lang='lat' dir='ltr'>qui</span> <span class='ocrx_word' id='word_1_143' title='bbox 548 1270 657 1309; x_wconf 84' lang='lat' dir='ltr'>intra</span> <span class='ocrx_word' id='word_1_144' title='bbox 688 1270 1080 1324; x_wconf 77' lang='lat' dir='ltr'>quinquagesimum</span> <span class='ocrx_word' id='word_1_145' title='bbox 1104 1270 1285 1324; x_wconf 83' lang='lat' dir='ltr'>lapidem</span> <span class='ocrx_word' id='word_1_146' title='bbox 1312 1278 1441 1319; x_wconf 85' lang='lat' dir='ltr'>esset,</span> <span class='ocrx_word' id='word_1_147' title='bbox 1481 1270 1600 1325; x_wconf 86' lang='lat' dir='ltr'>eopia</span> 
     </span>
     <span class='ocr_line' id='line_1_22' title="bbox 235 1330 1597 1387; baseline 0.002 -17"><span class='ocrx_word' id='word_1_148' title='bbox 235 1330 285 1371; x_wconf 90' lang='lat' dir='ltr'>iis</span> <span class='ocrx_word' id='word_1_149' title='bbox 306 1331 440 1372; x_wconf 87' lang='lat' dir='ltr'>fieret:</span> <span class='ocrx_word' id='word_1_150' title='bbox 474 1332 666 1371; x_wconf 81' lang='lat' dir='ltr'>consules</span> <span class='ocrx_word' id='word_1_151' title='bbox 694 1347 840 1386; x_wconf 78' lang='lat' dir='ltr'>agrum</span> <span class='ocrx_word' id='word_1_152' title='bbox 866 1332 1156 1372; x_wconf 79' lang='lat' dir='ltr'>aestimaturos</span> <span class='ocrx_word' id='word_1_153' title='bbox 1179 1339 1219 1373; x_wconf 84' lang='lat' dir='ltr'>et</span> <span class='ocrx_word' id='word_1_154' title='bbox 1244 1332 1287 1372; x_wconf 93' lang='lat' dir='ltr'>in</span> <span class='ocrx_word' id='word_1_155' title='bbox 1311 1333 1455 1387; x_wconf 83' lang='lat' dir='ltr'>iugera</span> <span class='ocrx_word' id='word_1_156' title='bbox 1481 1347 1597 1373; x_wconf 73' lang='lat' dir='ltr'>asses</span> 
     </span>
     <span class='ocr_line' id='line_1_23' title="bbox 235 1393 1598 1449; baseline 0.001 -17"><span class='ocrx_word' id='word_1_157' title='bbox 235 1393 415 1447; x_wconf 76' lang='lat' dir='ltr'>vectigal</span> <span class='ocrx_word' id='word_1_158' title='bbox 447 1394 627 1434; x_wconf 88' lang='lat' dir='ltr'>testandi</span> <span class='ocrx_word' id='word_1_159' title='bbox 652 1408 778 1433; x_wconf 83' lang='lat' dir='ltr'>causa</span> <span class='ocrx_word' id='word_1_160' title='bbox 803 1393 1015 1448; x_wconf 87' lang='lat' dir='ltr'>publicum</span> <span class='ocrx_word' id='word_1_161' title='bbox 1042 1409 1187 1448; x_wconf 76' lang='lat' dir='ltr'>agrum</span> <span class='ocrx_word' id='word_1_162' title='bbox 1214 1409 1307 1434; x_wconf 89' lang='lat' dir='ltr'>esse</span> <span class='ocrx_word' id='word_1_163' title='bbox 1332 1394 1598 1449; x_wconf 79' lang='lat' dir='ltr'>inposituros,</span> 
     </span>
     <span class='ocr_line' id='line_1_24' title="bbox 235 1455 1598 1511; baseline 0.001 -16"><span class='ocrx_word' id='word_1_164' title='bbox 235 1462 281 1495; x_wconf 82' lang='lat' dir='ltr'>ut</span> <span class='ocrx_word' id='word_1_165' title='bbox 308 1455 342 1495; x_wconf 92' lang='lat' dir='ltr'>si</span> <span class='ocrx_word' id='word_1_166' title='bbox 369 1456 473 1508; x_wconf 87' lang='lat' dir='ltr'>quis,</span> <span class='ocrx_word' id='word_1_167' title='bbox 501 1470 595 1495; x_wconf 88' lang='grc'>011111</span> <span class='ocrx_word' id='word_1_168' title='bbox 622 1456 782 1496; x_wconf 68' lang='lat' dir='ltr'>solvere</span> <span class='ocrx_word' id='word_1_169' title='bbox 809 1464 951 1510; x_wconf 86' lang='lat' dir='ltr'>posset</span> <span class='ocrx_word' id='word_1_170' title='bbox 976 1456 1168 1510; x_wconf 83' lang='lat' dir='ltr'>populus,</span> <span class='ocrx_word' id='word_1_171' title='bbox 1200 1456 1419 1511; x_wconf 85' lang='lat' dir='ltr'>pecuniam</span> <span class='ocrx_word' id='word_1_172' title='bbox 1446 1457 1598 1497; x_wconf 88' lang='lat' dir='ltr'>habere</span> 
     </span>
     <span class='ocr_line' id='line_1_25' title="bbox 236 1518 1598 1573; baseline 0.002 -17"><span class='ocrx_word' id='word_1_173' title='bbox 236 1531 359 1569; x_wconf 89' lang='lat' dir='ltr'>quam</span> <span class='ocrx_word' id='word_1_174' title='bbox 386 1533 532 1571; x_wconf 76' lang='lat' dir='ltr'>agrum</span> <span class='ocrx_word' id='word_1_175' title='bbox 557 1518 711 1566; x_wconf 84' lang='lat' dir='ltr'>mallet,</span> <span class='ocrx_word' id='word_1_176' title='bbox 737 1519 973 1559; x_wconf 80' lang='lat' dir='ltr'>restitueret</span> <span class='ocrx_word' id='word_1_177' title='bbox 998 1533 1144 1573; x_wconf 78' lang='lat' dir='ltr'>agrum</span> <span class='ocrx_word' id='word_1_178' title='bbox 1170 1518 1337 1572; x_wconf 84' lang='lat' dir='ltr'>populo.</span> <span class='ocrx_word' id='word_1_179' title='bbox 1385 1519 1483 1559; x_wconf 90' lang='lat' dir='ltr'>laeti</span> <span class='ocrx_word' id='word_1_180' title='bbox 1508 1534 1598 1559; x_wconf 88' lang='lat' dir='ltr'>eam</span> 
     </span>
     <span class='ocr_line' id='line_1_26' title="bbox 236 1580 1597 1636; baseline 0.001 -17"><span class='ocrx_word' id='word_1_181' title='bbox 236 1580 522 1621; x_wconf 85' lang='lat' dir='ltr'>condicionem</span> <span class='ocrx_word' id='word_1_182' title='bbox 553 1580 702 1634; x_wconf 71' lang='lat' dir='ltr'>privati</span> <span class='ocrx_word' id='word_1_183' title='bbox 736 1595 946 1634; x_wconf 87' lang='lat' dir='ltr'>accepere.</span> <span class='ocrx_word' id='word_1_184' title='bbox 1008 1580 1386 1633; x_wconf 85' lang='lat' dir='ltr'>trientabulumque</span> <span class='ocrx_word' id='word_1_185' title='bbox 1417 1581 1452 1621; x_wconf 90' lang='lat' dir='ltr'>is</span> <span class='ocrx_word' id='word_1_186' title='bbox 1485 1595 1597 1636; x_wconf 82' lang='lat' dir='ltr'>ager,</span> 
     </span>
     <span class='ocr_line' id='line_1_27' title="bbox 236 1642 1495 1697; baseline 0.002 -16"><span class='ocrx_word' id='word_1_187' title='bbox 236 1642 332 1695; x_wconf 88' lang='lat' dir='ltr'>quia</span> <span class='ocrx_word' id='word_1_188' title='bbox 356 1658 430 1696; x_wconf 85' lang='lat' dir='ltr'>pro</span> <span class='ocrx_word' id='word_1_189' title='bbox 456 1642 577 1682; x_wconf 90' lang='lat' dir='ltr'>tertia</span> <span class='ocrx_word' id='word_1_190' title='bbox 602 1651 718 1696; x_wconf 87' lang='lat' dir='ltr'>parte</span> <span class='ocrx_word' id='word_1_191' title='bbox 744 1643 945 1696; x_wconf 87' lang='lat' dir='ltr'>pecuniae</span> <span class='ocrx_word' id='word_1_192' title='bbox 971 1642 1091 1682; x_wconf 87' lang='lat' dir='ltr'>datus</span> <span class='ocrx_word' id='word_1_193' title='bbox 1119 1650 1219 1691; x_wconf 88' lang='lat' dir='ltr'>erat,</span> <span class='ocrx_word' id='word_1_194' title='bbox 1247 1643 1495 1697; x_wconf 85' lang='lat' dir='ltr'>adpellatus.</span> 
     </span>
     <span class='ocr_line' id='line_1_28' title="bbox 322 1704 1599 1760; baseline 0.002 -17"><span class='ocrx_word' id='word_1_195' title='bbox 322 1704 477 1745; x_wconf 84' lang='lat' dir='ltr'><strong>XIIII.</strong></span> <span class='ocrx_word' id='word_1_196' title='bbox 522 1704 632 1744; x_wconf 88' lang='lat' dir='ltr'>Tum</span> <span class='ocrx_word' id='word_1_197' title='bbox 651 1704 701 1744; x_wconf 84' lang='lat' dir='ltr'>P.</span> <span class='ocrx_word' id='word_1_198' title='bbox 719 1704 929 1758; x_wconf 68' lang='lat' dir='ltr'>Sulpicius</span> <span class='ocrx_word' id='word_1_199' title='bbox 957 1705 1185 1745; x_wconf 86' lang='lat' dir='ltr'>secundum</span> <span class='ocrx_word' id='word_1_200' title='bbox 1212 1715 1308 1745; x_wconf 73' lang='lat' dir='ltr'>vota</span> <span class='ocrx_word' id='word_1_201' title='bbox 1332 1705 1374 1744; x_wconf 90' lang='lat' dir='ltr'>in</span> <span class='ocrx_word' id='word_1_202' title='bbox 1391 1704 1599 1760; x_wconf 87' lang='lat' dir='ltr'>Capitolio</span> 
     </span>
     <span class='ocr_line' id='line_1_29' title="bbox 237 1766 1599 1821; baseline 0.002 -16"><span class='ocrx_word' id='word_1_203' title='bbox 237 1774 475 1820; x_wconf 86' lang='lat' dir='ltr'>nuncupata</span> <span class='ocrx_word' id='word_1_204' title='bbox 505 1766 711 1821; x_wconf 84' lang='lat' dir='ltr'>paludatis</span> <span class='ocrx_word' id='word_1_205' title='bbox 749 1766 963 1807; x_wconf 81' lang='lat' dir='ltr'>lictoribus</span> <span class='ocrx_word' id='word_1_206' title='bbox 1001 1767 1211 1821; x_wconf 83' lang='lat' dir='ltr'>profectus</span> <span class='ocrx_word' id='word_1_207' title='bbox 1245 1767 1297 1808; x_wconf 93' lang='lat' dir='ltr'>ab</span> <span class='ocrx_word' id='word_1_208' title='bbox 1328 1768 1429 1808; x_wconf 88' lang='lat' dir='ltr'>urbe</span> <span class='ocrx_word' id='word_1_209' title='bbox 1462 1768 1599 1808; x_wconf 83' lang='lat' dir='ltr'>Brun-</span> 
     </span>
     <span class='ocr_line' id='line_1_30' title="bbox 238 1828 1599 1871; baseline 0.003 -4"><span class='ocrx_word' id='word_1_210' title='bbox 238 1828 388 1868; x_wconf 77' lang='lat' dir='ltr'>disium</span> <span class='ocrx_word' id='word_1_211' title='bbox 414 1829 527 1869; x_wconf 78' lang='lat' dir='ltr'>venit</span> <span class='ocrx_word' id='word_1_212' title='bbox 552 1836 592 1869; x_wconf 87' lang='lat' dir='ltr'>et</span> <span class='ocrx_word' id='word_1_213' title='bbox 617 1828 826 1869; x_wconf 82' lang='lat' dir='ltr'>veteribus</span> <span class='ocrx_word' id='word_1_214' title='bbox 846 1829 1044 1869; x_wconf 85' lang='lat' dir='ltr'>militibus</span> <span class='ocrx_word' id='word_1_215' title='bbox 1069 1829 1310 1870; x_wconf 78' lang='lat' dir='ltr'>voluntariis</span> <span class='ocrx_word' id='word_1_216' title='bbox 1333 1845 1384 1871; x_wconf 80' lang='lat' dir='ltr'>ox</span> <span class='ocrx_word' id='word_1_217' title='bbox 1396 1829 1599 1871; x_wconf 82' lang='lat' dir='ltr'>Africano</span> 
     </span>
     <span class='ocr_line' id='line_1_31' title="bbox 235 1891 1597 1946; baseline 0.002 -15"><span class='ocrx_word' id='word_1_218' title='bbox 235 1891 417 1932; x_wconf 79' lang='lat' dir='ltr'>exercitu</span> <span class='ocrx_word' id='word_1_219' title='bbox 450 1892 492 1932; x_wconf 89' lang='lat' dir='ltr'>in</span> <span class='ocrx_word' id='word_1_220' title='bbox 523 1891 709 1946; x_wconf 75' lang='lat' dir='ltr'>legiones</span> <span class='ocrx_word' id='word_1_221' title='bbox 743 1892 949 1946; x_wconf 82' lang='lat' dir='ltr'>discriptis</span> <span class='ocrx_word' id='word_1_222' title='bbox 983 1893 1242 1946; x_wconf 67' lang='lat' dir='ltr'>navibusque</span> <span class='ocrx_word' id='word_1_223' title='bbox 1275 1908 1325 1933; x_wconf 83' lang='lat' dir='ltr'>ex</span> <span class='ocrx_word' id='word_1_224' title='bbox 1359 1893 1490 1934; x_wconf 86' lang='lat' dir='ltr'>classe</span> <span class='ocrx_word' id='word_1_225' title='bbox 1519 1892 1597 1934; x_wconf 87' lang='lat' dir='ltr'>Cn.</span> 
     </span>
     <span class='ocr_line' id='line_1_32' title="bbox 236 1952 1597 2007; baseline 0.001 -13"><span class='ocrx_word' id='word_1_226' title='bbox 236 1952 419 1994; x_wconf 86' lang='lat' dir='ltr'>Cornelii</span> <span class='ocrx_word' id='word_1_227' title='bbox 457 1954 618 2003; x_wconf 85' lang='lat' dir='ltr'>electis,</span> <span class='ocrx_word' id='word_1_228' title='bbox 657 1954 786 1995; x_wconf 87' lang='lat' dir='ltr'>altero</span> <span class='ocrx_word' id='word_1_229' title='bbox 826 1954 891 1994; x_wconf 83' lang='lat' dir='ltr'>die</span> <span class='ocrx_word' id='word_1_230' title='bbox 929 1969 1053 2007; x_wconf 90' lang='lat' dir='ltr'>quam</span> <span class='ocrx_word' id='word_1_231' title='bbox 1085 1970 1108 1994; x_wconf 90' lang='lat' dir='ltr'>a</span> <span class='ocrx_word' id='word_1_232' title='bbox 1139 1955 1365 1995; x_wconf 82' lang='lat' dir='ltr'>Brundisio</span> <span class='ocrx_word' id='word_1_233' title='bbox 1398 1955 1521 1995; x_wconf 73' lang='lat' dir='ltr'>solvit</span> <span class='ocrx_word' id='word_1_234' title='bbox 1555 1955 1597 1995; x_wconf 87' lang='lat' dir='ltr'>in</span> 
     </span>
     <span class='ocr_line' id='line_1_33' title="bbox 235 2016 1596 2070; baseline 0.001 -16"><span class='ocrx_word' id='word_1_235' title='bbox 235 2016 528 2056; x_wconf 85' lang='lat' dir='ltr'>Macedoniam</span> <span class='ocrx_word' id='word_1_236' title='bbox 556 2017 727 2056; x_wconf 88' lang='lat' dir='ltr'>traiecit.</span> <span class='ocrx_word' id='word_1_237' title='bbox 789 2016 846 2056; x_wconf 91' lang='lat' dir='ltr'>ibi</span> <span class='ocrx_word' id='word_1_238' title='bbox 872 2017 908 2056; x_wconf 94' lang='lat' dir='ltr'>ei</span> <span class='ocrx_word' id='word_1_239' title='bbox 939 2026 1105 2070; x_wconf 83' lang='lat' dir='ltr'>praesto</span> <span class='ocrx_word' id='word_1_240' title='bbox 1132 2017 1246 2057; x_wconf 85' lang='lat' dir='ltr'>fuere</span> <span class='ocrx_word' id='word_1_241' title='bbox 1272 2016 1596 2057; x_wconf 75' lang='lat' dir='ltr'>Atheniensium</span> 
     </span>
     <span class='ocr_line' id='line_1_34' title="bbox 234 2077 1597 2133; baseline 0.001 -16"><span class='ocrx_word' id='word_1_242' title='bbox 234 2077 359 2131; x_wconf 70' lang='lat' dir='ltr'>legati</span> <span class='ocrx_word' id='word_1_243' title='bbox 386 2086 565 2126; x_wconf 84' lang='lat' dir='ltr'>orantes,</span> <span class='ocrx_word' id='word_1_244' title='bbox 591 2086 636 2118; x_wconf 82' lang='lat' dir='ltr'>ut</span> <span class='ocrx_word' id='word_1_245' title='bbox 657 2094 700 2118; x_wconf 86' lang='lat' dir='ltr'>se</span> <span class='ocrx_word' id='word_1_246' title='bbox 721 2078 936 2118; x_wconf 86' lang='lat' dir='ltr'>obsidione</span> <span class='ocrx_word' id='word_1_247' title='bbox 963 2078 1173 2119; x_wconf 84' lang='lat' dir='ltr'>eximeret.</span> <span class='ocrx_word' id='word_1_248' title='bbox 1214 2078 1365 2119; x_wconf 83' lang='lat' dir='ltr'>missus</span> <span class='ocrx_word' id='word_1_249' title='bbox 1389 2079 1597 2133; x_wconf 78' lang='lat' dir='ltr'>extemplo</span> 
     </span>
     <span class='ocr_line' id='line_1_35' title="bbox 234 2140 1598 2196; baseline 0.001 -17"><span class='ocrx_word' id='word_1_250' title='bbox 234 2141 426 2181; x_wconf 80' lang='lat' dir='ltr'>Athenas</span> <span class='ocrx_word' id='word_1_251' title='bbox 460 2150 523 2182; x_wconf 85' lang='lat' dir='ltr'>est</span> <span class='ocrx_word' id='word_1_252' title='bbox 550 2140 599 2182; x_wconf 78' lang='lat' dir='ltr'>C.</span> <span class='ocrx_word' id='word_1_253' title='bbox 628 2140 829 2181; x_wconf 78' lang='lat' dir='ltr'>Claudius</span> <span class='ocrx_word' id='word_1_254' title='bbox 858 2140 1022 2181; x_wconf 85' lang='lat' dir='ltr'>Centho</span> <span class='ocrx_word' id='word_1_255' title='bbox 1055 2156 1149 2181; x_wconf 92' lang='lat' dir='ltr'>cum</span> <span class='ocrx_word' id='word_1_256' title='bbox 1179 2141 1326 2196; x_wconf 68' lang='lat' dir='ltr'>viginti</span> <span class='ocrx_word' id='word_1_257' title='bbox 1358 2141 1493 2196; x_wconf 80' lang='lat' dir='ltr'>longis</span> <span class='ocrx_word' id='word_1_258' title='bbox 1524 2157 1598 2181; x_wconf 86' lang='lat' dir='ltr'>na-</span> 
     </span>
     <span class='ocr_line' id='line_1_36' title="bbox 236 2203 1595 2258; baseline 0 -15"><span class='ocrx_word' id='word_1_259' title='bbox 236 2203 357 2243; x_wconf 73' lang='lat' dir='ltr'>vibus</span> <span class='ocrx_word' id='word_1_260' title='bbox 391 2211 432 2243; x_wconf 85' lang='lat' dir='ltr'>et</span> <span class='ocrx_word' id='word_1_261' title='bbox 461 2203 573 2243; x_wconf 85' lang='grc'>1111110</span> <span class='ocrx_word' id='word_1_262' title='bbox 604 2203 792 2243; x_wconf 87' lang='lat' dir='ltr'>militnm.</span> <span class='ocrx_word' id='word_1_263' title='bbox 852 2218 987 2255; x_wconf 88' lang='lat' dir='ltr'>neque</span> <span class='ocrx_word' id='word_1_264' title='bbox 1026 2203 1136 2243; x_wconf 90' lang='lat' dir='ltr'>enim</span> <span class='ocrx_word' id='word_1_265' title='bbox 1173 2203 1262 2258; x_wconf 83' lang='lat' dir='ltr'>ipse</span> <span class='ocrx_word' id='word_1_266' title='bbox 1299 2219 1373 2243; x_wconf 80' lang='lat' dir='ltr'>rex</span> <span class='ocrx_word' id='word_1_267' title='bbox 1404 2203 1595 2243; x_wconf 82' lang='lat' dir='ltr'>Athenas</span> 
     </span>
     <span class='ocr_line' id='line_1_37' title="bbox 235 2264 1595 2320; baseline 0.001 -17"><span class='ocrx_word' id='word_1_268' title='bbox 235 2264 470 2305; x_wconf 87' lang='lat' dir='ltr'>obsidebat:</span> <span class='ocrx_word' id='word_1_269' title='bbox 527 2281 575 2305; x_wconf 91' lang='lat' dir='ltr'>eo</span> <span class='ocrx_word' id='word_1_270' title='bbox 617 2265 797 2305; x_wconf 77' lang='lat' dir='ltr'>maxime</span> <span class='ocrx_word' id='word_1_271' title='bbox 841 2272 1026 2319; x_wconf 88' lang='lat' dir='ltr'>tempore</span> <span class='ocrx_word' id='word_1_272' title='bbox 1067 2266 1269 2319; x_wconf 61' lang='lat' dir='ltr'>Abydum</span> <span class='ocrx_word' id='word_1_273' title='bbox 1312 2265 1595 2320; x_wconf 83' lang='lat' dir='ltr'>obpugnabat,</span> 
     </span>
     <span class='ocr_line' id='line_1_38' title="bbox 235 2324 1596 2376; baseline 0.003 -12"><span class='ocrx_word' id='word_1_274' title='bbox 235 2324 317 2365; x_wconf 85' lang='lat' dir='ltr'>iam</span> <span class='ocrx_word' id='word_1_275' title='bbox 343 2340 437 2366; x_wconf 92' lang='grc'>011111</span> <span class='ocrx_word' id='word_1_276' title='bbox 451 2327 627 2367; x_wconf 82' lang='lat' dir='ltr'>Rhodiis</span> <span class='ocrx_word' id='word_1_277' title='bbox 649 2335 689 2367; x_wconf 89' lang='lat' dir='ltr'>et</span> <span class='ocrx_word' id='word_1_278' title='bbox 704 2327 848 2367; x_wconf 81' lang='lat' dir='ltr'>Attalo</span> <span class='ocrx_word' id='word_1_279' title='bbox 869 2327 1086 2367; x_wconf 77' lang='lat' dir='ltr'>navalibus</span> <span class='ocrx_word' id='word_1_280' title='bbox 1115 2327 1422 2376; x_wconf 80' lang='lat' dir='ltr'>certaminibus,</span> <span class='ocrx_word' id='word_1_281' title='bbox 1449 2335 1596 2368; x_wconf 86' lang='lat' dir='ltr'>neutro</span> 
     </span>
     <span class='ocr_line' id='line_1_39' title="bbox 237 2387 1596 2444; baseline 0.003 -18"><span class='ocrx_word' id='word_1_282' title='bbox 237 2387 411 2428; x_wconf 83' lang='lat' dir='ltr'>feliciter</span> <span class='ocrx_word' id='word_1_283' title='bbox 435 2390 610 2443; x_wconf 86' lang='lat' dir='ltr'>proelio,</span> <span class='ocrx_word' id='word_1_284' title='bbox 650 2389 758 2430; x_wconf 65' lang='lat' dir='ltr'>‘vires</span> <span class='ocrx_word' id='word_1_285' title='bbox 785 2398 994 2444; x_wconf 59' lang='lat' dir='ltr'>expertus</span> <span class='ocrx_word' id='word_1_286' title='bbox 1057 2390 1130 2431; x_wconf 89' lang='lat' dir='ltr'>sed</span> <span class='ocrx_word' id='word_1_287' title='bbox 1156 2391 1316 2431; x_wconf 86' lang='lat' dir='ltr'>animos</span> <span class='ocrx_word' id='word_1_288' title='bbox 1350 2389 1387 2430; x_wconf 85' lang='lat' dir='ltr'>ei</span> <span class='ocrx_word' id='word_1_289' title='bbox 1419 2390 1596 2431; x_wconf 79' lang='lat' dir='ltr'>faciebat</span> 
     </span>
     <span class='ocr_line' id='line_1_40' title="bbox 235 2451 1596 2501; baseline 0.004 -14"><span class='ocrx_word' id='word_1_290' title='bbox 235 2458 397 2501; x_wconf 81' lang='lat' dir='ltr'>praeter</span> <span class='ocrx_word' id='word_1_291' title='bbox 440 2452 637 2491; x_wconf 76' lang='lat' dir='ltr'>ferociam</span> <span class='ocrx_word' id='word_1_292' title='bbox 681 2451 848 2491; x_wconf 83' lang='lat' dir='ltr'>insitam</span> <span class='ocrx_word' id='word_1_293' title='bbox 890 2452 1038 2493; x_wconf 85' lang='lat' dir='ltr'>foedus</span> <span class='ocrx_word' id='word_1_294' title='bbox 1082 2453 1211 2492; x_wconf 87' lang='lat' dir='ltr'>ictum</span> <span class='ocrx_word' id='word_1_295' title='bbox 1253 2467 1347 2494; x_wconf 90' lang='lat' dir='ltr'>emn</span> <span class='ocrx_word' id='word_1_296' title='bbox 1384 2451 1596 2493; x_wconf 82' lang='lat' dir='ltr'>Antiocho</span> 
     </span>
     <span class='ocr_line' id='line_1_41' title="bbox 238 2512 1594 2570; baseline 0.003 -20"><span class='ocrx_word' id='word_1_297' title='bbox 238 2512 383 2563; x_wconf 63' lang='lat' dir='ltr'>Syriae</span> <span class='ocrx_word' id='word_1_298' title='bbox 415 2528 513 2565; x_wconf 63' lang='lat' dir='ltr'>rege</span> <span class='ocrx_word' id='word_1_299' title='bbox 546 2515 786 2567; x_wconf 76' lang='lat' dir='ltr'>divisaeque</span> <span class='ocrx_word' id='word_1_300' title='bbox 823 2516 906 2555; x_wconf 88' lang='lat' dir='ltr'>iam</span> <span class='ocrx_word' id='word_1_301' title='bbox 943 2529 1036 2555; x_wconf 88' lang='grc'>011111</span> <span class='ocrx_word' id='word_1_302' title='bbox 1069 2531 1118 2556; x_wconf 85' lang='grc'>00</span> <span class='ocrx_word' id='word_1_303' title='bbox 1149 2515 1336 2570; x_wconf 67' lang='lat' dir='ltr'>Aegypti</span> <span class='ocrx_word' id='word_1_304' title='bbox 1373 2530 1493 2570; x_wconf 88' lang='lat' dir='ltr'>opes,</span> <span class='ocrx_word' id='word_1_305' title='bbox 1532 2515 1594 2555; x_wconf 88' lang='lat' dir='ltr'>cui</span> 
     </span>
     <span class='ocr_line' id='line_1_42' title="bbox 235 2575 1361 2629; baseline 0.005 -18"><span class='ocrx_word' id='word_1_306' title='bbox 235 2581 364 2612; x_wconf 91' lang='lat' dir='ltr'>morte</span> <span class='ocrx_word' id='word_1_307' title='bbox 391 2575 530 2615; x_wconf 83' lang='lat' dir='ltr'>audita</span> <span class='ocrx_word' id='word_1_308' title='bbox 554 2576 782 2616; x_wconf 77' lang='lat' dir='ltr'>Ptolemaei</span> <span class='ocrx_word' id='word_1_309' title='bbox 809 2577 918 2629; x_wconf 72' lang='lat' dir='ltr'>regis</span> <span class='ocrx_word' id='word_1_310' title='bbox 947 2578 1068 2617; x_wconf 90' lang='lat' dir='ltr'>ambo</span> <span class='ocrx_word' id='word_1_311' title='bbox 1093 2577 1361 2617; x_wconf 88' lang='lat' dir='ltr'>inminebant.</span> 
     </span>
     <span class='ocr_line' id='line_1_43' title="bbox 322 2634 1595 2692; baseline 0.004 -19"><span class='ocrx_word' id='word_1_312' title='bbox 322 2634 626 2676; x_wconf 73' lang='lat' dir='ltr'>Contraxcrant</span> <span class='ocrx_word' id='word_1_313' title='bbox 659 2644 796 2677; x_wconf 87' lang='lat' dir='ltr'>autem</span> <span class='ocrx_word' id='word_1_314' title='bbox 828 2637 906 2677; x_wconf 86' lang='lat' dir='ltr'>sibi</span> <span class='ocrx_word' id='word_1_315' title='bbox 939 2653 1031 2678; x_wconf 92' lang='lat' dir='ltr'>cum</span> <span class='ocrx_word' id='word_1_316' title='bbox 1056 2638 1252 2692; x_wconf 83' lang='lat' dir='ltr'>Philippo</span> <span class='ocrx_word' id='word_1_317' title='bbox 1283 2639 1437 2679; x_wconf 88' lang='lat' dir='ltr'>bellum</span> <span class='ocrx_word' id='word_1_318' title='bbox 1462 2637 1595 2678; x_wconf 84' lang='lat' dir='ltr'>Athe-</span> 
     </span>
    </p>
   </div>
  </div>
 </body>
</html>
