1799 2900
177 302 213 331 12

175 609 212 639 13

175 794 213 822 14

174 979 212 1008 15

194 1410 212 1439 10

190 2153 210 2182 5

191 2276 208 2305 6

192 2461 207 2488 7

242 113 324 155 312
514 120 666 155 LlssER
692 120 896 164 XXXVII,
924 122 978 155 57.
998 122 1051 156 58.
1079 125 1173 165 [a.u.
1190 122 1313 165 0565]

240 225 369 266 multa
394 223 603 277 congiaria
629 223 846 272 habuerat,
881 224 1029 276 quibus
1055 239 1249 279 magnam
1275 233 1434 279 partem
1460 224 1591 265 homi-

240 302 338 327 num
364 286 579 339 obligarat,
606 285 724 326 favor
748 285 889 340 populi
916 301 959 326 se
985 286 1219 326 inclinabat.
1280 286 1322 326 id
1347 301 1439 326 cum
1466 301 1589 341 aegre

238 355 476 403 paterentur
502 354 561 387 tot
581 346 754 395 nobiles,
782 362 936 387 novum
956 347 1033 387 sibi
1059 347 1266 389 hominem
1288 356 1445 388 tantum
1472 363 1590 403 prae-

240 409 348 457 ferri,
374 409 423 449 P.
446 407 716 463 Sempronius
745 407 961 449 Gracchus
987 416 1027 450 et
1053 408 1102 450 C.
1128 408 1397 465 Sempronius
1426 409 1588 450 Rutilus

239 470 277 511 ei
308 470 415 511 diem
447 470 658 519 dixerunt,
687 470 797 523 quod
827 471 1027 524 pecuniae
1059 471 1198 526 regiae
1230 472 1490 526 praedaeque
1517 472 1590 512 ali-

238 539 438 585 quantum
470 539 614 586 captae
650 531 692 571 in
722 530 920 572 Antiochi
957 532 1102 572 castris
1139 548 1272 585 neque
1304 533 1345 572 in
1382 533 1589 587 triumpho

240 594 400 635 tulisset
432 608 565 647 neque
602 593 644 633 in
677 592 880 634 aerarium
914 594 1135 635 retulisset.
1203 594 1316 635 varia
1351 594 1590 635 testimonia

238 656 470 710 legatorum
501 656 841 708 tribunorumque
873 655 1050 695 militum
1081 664 1210 696 erant.
1270 656 1332 696 M.
1361 656 1468 697 Cato
1494 664 1589 697 ante

239 717 340 758 alios
372 718 489 758 testis
527 717 876 772 conspiciebatur,
915 717 1030 757 euius
1069 718 1354 758 auctoritatem
1391 730 1590 773 perpetuo

239 787 379 820 tenore
401 780 508 820 vitae
533 787 693 834 partam
720 786 818 833 toga
840 779 1015 819 candida
1036 779 1238 819 elevabat.
1269 780 1304 819 is
1328 780 1458 828 testis,
1487 794 1590 832 quae

238 855 339 881 vasa
364 856 489 881 aurea
513 849 634 894 atque
661 847 858 895 argentea
882 840 1012 895 captis
1034 840 1178 881 castris
1205 841 1309 882 inter
1331 842 1453 881 aliam
1473 856 1591 896 prae-

240 903 335 943 dam
359 903 518 957 regiam
544 903 736 951 vidisset,
771 918 820 943 ea
846 918 890 943 se
915 903 956 942 in
984 902 1191 956 triumpho
1218 903 1398 957 negabat
1423 902 1589 944 vidisse.

238 971 447 1019 postremo
468 964 509 1005 in
535 965 656 1005 huius
676 964 856 1004 maxime
877 964 1075 1005 invidiam
1097 964 1297 1005 desistere
1324 979 1368 1005 se
1392 965 1590 1019 petitione

240 1026 411 1067 Glabrio
438 1026 558 1076 dixit,
592 1026 777 1080 quando,
809 1026 919 1079 quod
945 1026 1058 1066 taciti
1090 1026 1405 1081 indignarentur
1430 1027 1589 1068 nobiles

238 1088 445 1138 homines,
482 1088 525 1129 id
556 1103 684 1142 aeque
716 1103 848 1129 novus
882 1088 1126 1142 competitor
1155 1088 1382 1129 intestabili
1411 1089 1589 1143 periurio

237 1151 475 1191 incesseret.

322 1213 488 1254 LVIII.
540 1211 719 1253 Centum
745 1212 903 1252 milium
927 1212 1057 1252 multa
1082 1212 1271 1266 inrogata
1296 1219 1394 1253 erat.
1450 1212 1511 1253 bis
1539 1212 1588 1253 de

238 1288 287 1314 ea
311 1289 353 1314 re
387 1281 587 1315 certatum
619 1281 694 1314 est.
754 1274 892 1321 tertio,
931 1288 1023 1313 cum
1050 1273 1099 1313 de
1132 1274 1329 1328 petitione
1362 1274 1589 1314 destitisset

238 1351 345 1384 reus,
372 1350 448 1377 nec
473 1336 649 1390 populus
672 1336 722 1376 de
742 1336 870 1376 multa
896 1335 1141 1390 suffragium
1167 1336 1273 1376 ferre
1301 1336 1427 1375 voluit
1454 1344 1491 1376 et
1519 1337 1589 1375 tri-

238 1398 336 1438 buni
362 1413 410 1438 eo
436 1399 603 1452 negotio
630 1397 886 1438 destiterunt.
948 1411 1141 1438 censores
1168 1397 1218 1437 T.
1246 1397 1466 1448 Quinctius
1491 1397 1588 1437 Fla-

237 1459 431 1508 mininus,
457 1459 519 1500 M.
548 1459 749 1500 Claudius
775 1459 1002 1499 BIarcellus
1030 1459 1168 1499 creati.

322 1522 405 1562 Per
435 1536 505 1562 eos
538 1521 625 1561 dies
656 1521 709 1561 L.
736 1521 917 1561 Aemilio
943 1521 1128 1575 Regillo,
1161 1521 1230 1574 qui
1262 1522 1394 1562 classe
1426 1523 1587 1576 praefe-

237 1590 347 1623 ctum
392 1583 590 1624 Antiochi
631 1583 742 1637 regis
787 1583 1014 1632 devicerat,
1057 1591 1173 1624 extra
1215 1585 1361 1625 urbem
1401 1585 1443 1625 in
1486 1586 1586 1626 aede

237 1645 446 1699 Apollinis
478 1659 571 1685 cum
605 1652 772 1685 senatus
806 1645 926 1685 datus
957 1652 1089 1694 esset,
1128 1646 1278 1687 auditis
1303 1647 1426 1687 rebus
1458 1647 1587 1701 gestis

237 1706 337 1755 eius,
365 1707 529 1760 quantis
557 1721 650 1747 cum
670 1707 873 1748 classibus
894 1707 1075 1748 hostium
1097 1707 1348 1757 dimicasset,
1375 1715 1472 1761 quot
1492 1709 1587 1749 inde

235 1783 363 1809 naves
396 1769 664 1811 demersisset
689 1776 756 1809 aut
784 1769 981 1824 cepisset,
1014 1784 1166 1823 magno
1194 1784 1399 1810 consensu
1423 1777 1587 1824 patrum

236 1830 468 1885 triumphus
494 1831 652 1871 navalis
679 1838 743 1872 est
768 1831 971 1871 decretus.
1010 1831 1278 1886 triumphavit
1302 1831 1383 1872 kal.
1403 1832 1588 1872 Februa-

233 1892 317 1933 riis.
378 1892 419 1932 in
452 1908 500 1934 eo
538 1893 745 1948 triumpho
776 1892 1188 1947 undequinquaginta
1225 1907 1402 1934 coronae
1440 1908 1587 1934 aureae

235 1954 457 1995 translatae
495 1962 609 2004 sunt,
645 1955 821 2009 pecunia
857 1969 1118 2007 nequaquam
1156 1955 1304 2007 (tanta)
1342 1970 1416 2009 pro
1449 1955 1585 2009 specie

234 2016 338 2070 regii
369 2016 583 2071 triumphi,
612 2017 850 2057 tetrachma
875 2017 1020 2057 Attica
1052 2016 1221 2071 triginta
1252 2024 1444 2069 quattuor
1474 2016 1587 2057 milia

235 2078 430 2127 ducenta,
468 2078 692 2133 cistophori
728 2086 892 2119 centum
930 2078 1099 2132 triginta
1134 2079 1215 2119 duo
1252 2078 1364 2118 milia
1401 2079 1585 2119 trecenti.

237 2140 559 2195 supplicationes
587 2140 734 2181 deinde
766 2141 934 2181 fuerunt
959 2155 1010 2181 ex
1036 2148 1203 2180 senatus
1230 2140 1438 2189 consulto,
1476 2141 1586 2194 quod

233 2202 287 2243 L.
302 2203 507 2243 Aemilius
527 2203 569 2243 in
584 2203 790 2257 Hispania
809 2218 1005 2258 prospere
1025 2218 1111 2243 rem
1137 2203 1345 2257 publicam
1371 2203 1584 2257 gessisset.

320 2264 447 2304 Haud
478 2265 535 2305 ita
565 2265 694 2306 multo
725 2272 820 2320 post
845 2265 898 2306 L.
928 2264 1069 2319 Scipio
1095 2265 1148 2304 ad
1180 2265 1323 2305 urbem
1348 2265 1478 2313 venit3
1517 2264 1586 2317 qui

234 2340 284 2366 ne
299 2327 535 2381 cognomini
556 2327 694 2367 fratris
717 2327 893 2375 cederet,
910 2326 1144 2367 Asiaticum
1166 2342 1209 2367 se
1225 2327 1423 2381 adpellari
1442 2326 1582 2367 voluit.

234 2394 274 2427 et
293 2387 335 2427 in
356 2395 501 2428 senatu
522 2396 563 2429 et
580 2389 620 2429 in
642 2389 831 2430 contione
852 2389 902 2429 de
927 2389 1050 2429 rebus
1073 2390 1124 2429 ab
1151 2404 1194 2429 se
1221 2389 1349 2443 gestis
1377 2388 1582 2429 disseruit.

235 2456 351 2488 erant
386 2450 455 2502 qui
492 2451 604 2491 fama
639 2451 681 2491 id
722 2451 856 2492 maius
894 2451 1048 2492 bellum
1086 2466 1210 2504 quam
1247 2451 1488 2491 difficultate
1524 2450 1582 2490 rei

235 2509 362 2550 fuisse
394 2513 779 2566 interpretarentur:
818 2528 899 2554 uno
931 2512 1189 2553 memorabili
1220 2512 1376 2567 proelio
1403 2510 1582 2552 debella-

235 2576 318 2609 tum
335 2571 588 2626 gloriamque
604 2574 691 2614 eius
707 2574 900 2615 victoriae
915 2575 1202 2628 praefloratam
1219 2574 1269 2614 ad
1280 2572 1581 2626 Thermopylas
