<?xml version="1.0" encoding="UTF-8"?>
<!DOCTYPE html PUBLIC "-//W3C//DTD XHTML 1.0 Transitional//EN"
    "http://www.w3.org/TR/xhtml1/DTD/xhtml1-transitional.dtd">
<html xmlns="http://www.w3.org/1999/xhtml" xml:lang="en" lang="en">
 <head>
  <title>
</title>
<meta http-equiv="Content-Type" content="text/html;charset=utf-8" />
  <meta name='ocr-system' content='tesseract 3.04.00' />
  <meta name='ocr-capabilities' content='ocr_page ocr_carea ocr_par ocr_line ocrx_word'/>
</head>
<body>
  <div class='ocr_page' id='page_1' title='image "./aburbeconditalib03livyuoft_0115.png"; bbox 0 0 1799 2900; ppageno 0'>
   <div class='ocr_carea' id='block_1_1' title="bbox 489 186 1536 242">
    <p class='ocr_par' dir='ltr' id='par_1_1' title="bbox 489 186 1536 242">
     <span class='ocr_line' id='line_1_1' title="bbox 489 186 1536 242; baseline -0.003 -11"><span class='ocrx_word' id='word_1_1' title='bbox 489 198 643 232; x_wconf 74' lang='lat' dir='ltr'>LIBER</span> <span class='ocrx_word' id='word_1_2' title='bbox 667 198 814 241; x_wconf 74' lang='lat' dir='ltr'>XXXI,</span> <span class='ocrx_word' id='word_1_3' title='bbox 839 199 893 232; x_wconf 78' lang='lat'>39.</span> <span class='ocrx_word' id='word_1_4' title='bbox 914 197 968 232; x_wconf 82' lang='lat'>40.</span> <span class='ocrx_word' id='word_1_5' title='bbox 997 201 1045 242; x_wconf 70' lang='lat' dir='ltr'>[a.</span> <span class='ocrx_word' id='word_1_6' title='bbox 1062 197 1195 241; x_wconf 72' lang='grc'>0200]</span> <span class='ocrx_word' id='word_1_7' title='bbox 1479 186 1536 228; x_wconf 80' lang='grc'>35</span> 
     </span>
    </p>
   </div>
   <div class='ocr_carea' id='block_1_2' title="bbox 179 301 1548 2762">
    <p class='ocr_par' dir='ltr' id='par_1_2' title="bbox 179 301 1542 1354">
     <span class='ocr_line' id='line_1_2' title="bbox 179 301 1534 357; baseline -0.003 -13"><span class='ocrx_word' id='word_1_8' title='bbox 179 310 274 345; x_wconf 83' lang='lat' dir='ltr'>ante</span> <span class='ocrx_word' id='word_1_9' title='bbox 300 302 454 357; x_wconf 86' lang='lat' dir='ltr'>clipeos</span> <span class='ocrx_word' id='word_1_10' title='bbox 482 301 650 350; x_wconf 89' lang='lat' dir='ltr'>obiecit,</span> <span class='ocrx_word' id='word_1_11' title='bbox 678 301 788 353; x_wconf 89' lang='lat' dir='ltr'>quod</span> <span class='ocrx_word' id='word_1_12' title='bbox 813 309 856 341; x_wconf 90' lang='lat' dir='ltr'>ut</span> <span class='ocrx_word' id='word_1_13' title='bbox 882 302 972 350; x_wconf 85' lang='lat' dir='ltr'>fiat,</span> <span class='ocrx_word' id='word_1_14' title='bbox 998 302 1128 343; x_wconf 84' lang='lat' dir='ltr'>libero</span> <span class='ocrx_word' id='word_1_15' title='bbox 1154 315 1301 356; x_wconf 82' lang='lat' dir='ltr'>campo</span> <span class='ocrx_word' id='word_1_16' title='bbox 1327 315 1432 356; x_wconf 88' lang='lat' dir='ltr'>opus</span> <span class='ocrx_word' id='word_1_17' title='bbox 1457 308 1534 348; x_wconf 88' lang='lat' dir='ltr'>est,</span> 
     </span>
     <span class='ocr_line' id='line_1_3' title="bbox 179 361 1534 417; baseline -0.002 -12"><span class='ocrx_word' id='word_1_18' title='bbox 179 364 331 405; x_wconf 86' lang='lat' dir='ltr'>nullius</span> <span class='ocrx_word' id='word_1_19' title='bbox 369 363 591 404; x_wconf 85' lang='lat' dir='ltr'>admodum</span> <span class='ocrx_word' id='word_1_20' title='bbox 629 377 729 402; x_wconf 87' lang='lat' dir='ltr'>usus</span> <span class='ocrx_word' id='word_1_21' title='bbox 768 371 843 404; x_wconf 86' lang='lat' dir='ltr'>est.</span> <span class='ocrx_word' id='word_1_22' title='bbox 910 364 1096 404; x_wconf 82' lang='lat' dir='ltr'>Thracas</span> <span class='ocrx_word' id='word_1_23' title='bbox 1135 377 1298 416; x_wconf 88' lang='lat' dir='ltr'>quoque</span> <span class='ocrx_word' id='word_1_24' title='bbox 1334 361 1534 417; x_wconf 87' lang='lat' dir='ltr'>rumpiae,</span> 
     </span>
     <span class='ocr_line' id='line_1_4' title="bbox 179 425 1537 482; baseline -0.001 -15"><span class='ocrx_word' id='word_1_25' title='bbox 179 427 359 482; x_wconf 84' lang='lat' dir='ltr'>ingentis</span> <span class='ocrx_word' id='word_1_26' title='bbox 387 433 426 467; x_wconf 90' lang='lat' dir='ltr'>et</span> <span class='ocrx_word' id='word_1_27' title='bbox 450 426 565 481; x_wconf 82' lang='lat' dir='ltr'>ipsae</span> <span class='ocrx_word' id='word_1_28' title='bbox 597 425 888 480; x_wconf 77' lang='lat' dir='ltr'>longitudinis,</span> <span class='ocrx_word' id='word_1_29' title='bbox 921 426 1028 467; x_wconf 86' lang='lat' dir='ltr'>inter</span> <span class='ocrx_word' id='word_1_30' title='bbox 1053 426 1238 467; x_wconf 88' lang='lat' dir='ltr'>obiectos</span> <span class='ocrx_word' id='word_1_31' title='bbox 1264 425 1446 479; x_wconf 89' lang='lat' dir='ltr'>undique</span> <span class='ocrx_word' id='word_1_32' title='bbox 1471 440 1537 465; x_wconf 87' lang='lat' dir='ltr'>ra-</span> 
     </span>
     <span class='ocr_line' id='line_1_5' title="bbox 179 487 1535 544; baseline -0.002 -14"><span class='ocrx_word' id='word_1_33' title='bbox 179 505 269 531; x_wconf 88' lang='lat' dir='ltr'>mos</span> <span class='ocrx_word' id='word_1_34' title='bbox 306 488 584 544; x_wconf 87' lang='lat' dir='ltr'>inpediebant.</span> <span class='ocrx_word' id='word_1_35' title='bbox 659 487 924 529; x_wconf 78' lang='lat' dir='ltr'>Cretensium</span> <span class='ocrx_word' id='word_1_36' title='bbox 964 504 1045 529; x_wconf 88' lang='lat' dir='ltr'>una</span> <span class='ocrx_word' id='word_1_37' title='bbox 1083 489 1230 530; x_wconf 83' lang='lat' dir='ltr'>cohors</span> <span class='ocrx_word' id='word_1_38' title='bbox 1267 503 1350 529; x_wconf 90' lang='lat' dir='ltr'>non</span> <span class='ocrx_word' id='word_1_39' title='bbox 1381 487 1535 528; x_wconf 87' lang='lat' dir='ltr'>inutilis</span> 
     </span>
     <span class='ocr_line' id='line_1_6' title="bbox 181 549 1539 606; baseline -0.001 -14"><span class='ocrx_word' id='word_1_40' title='bbox 181 560 290 603; x_wconf 83' lang='lat' dir='ltr'>erat3</span> <span class='ocrx_word' id='word_1_41' title='bbox 322 551 396 592; x_wconf 88' lang='lat' dir='ltr'>sed</span> <span class='ocrx_word' id='word_1_42' title='bbox 421 565 470 591; x_wconf 88' lang='lat' dir='ltr'>ea</span> <span class='ocrx_word' id='word_1_43' title='bbox 495 564 658 604; x_wconf 91' lang='lat' dir='ltr'>quoque</span> <span class='ocrx_word' id='word_1_44' title='bbox 683 550 793 606; x_wconf 82' lang='lat' dir='ltr'>ipsa,</span> <span class='ocrx_word' id='word_1_45' title='bbox 819 558 881 600; x_wconf 90' lang='lat' dir='ltr'>ut,</span> <span class='ocrx_word' id='word_1_46' title='bbox 910 550 944 591; x_wconf 92' lang='lat' dir='ltr'>si</span> <span class='ocrx_word' id='word_1_47' title='bbox 970 551 1061 604; x_wconf 92' lang='lat' dir='ltr'>quis</span> <span class='ocrx_word' id='word_1_48' title='bbox 1087 551 1272 606; x_wconf 89' lang='lat' dir='ltr'>inpetum</span> <span class='ocrx_word' id='word_1_49' title='bbox 1297 551 1470 598; x_wconf 82' lang='lat' dir='ltr'>faceret,</span> <span class='ocrx_word' id='word_1_50' title='bbox 1496 549 1539 589; x_wconf 89' lang='lat' dir='ltr'>in</span> 
     </span>
     <span class='ocr_line' id='line_1_7' title="bbox 180 612 1538 669; baseline -0.001 -15"><span class='ocrx_word' id='word_1_51' title='bbox 180 621 391 669; x_wconf 87' lang='lat' dir='ltr'>patentem</span> <span class='ocrx_word' id='word_1_52' title='bbox 419 613 576 654; x_wconf 83' lang='lat' dir='ltr'>vulneri</span> <span class='ocrx_word' id='word_1_53' title='bbox 603 627 722 653; x_wconf 86' lang='lat' dir='ltr'>ecum</span> <span class='ocrx_word' id='word_1_54' title='bbox 748 613 1010 667; x_wconf 76' lang='lat' dir='ltr'>equitemque</span> <span class='ocrx_word' id='word_1_55' title='bbox 1037 613 1210 668; x_wconf 81' lang='lat' dir='ltr'>sagittas</span> <span class='ocrx_word' id='word_1_56' title='bbox 1238 612 1396 653; x_wconf 86' lang='lat' dir='ltr'>coicere</span> <span class='ocrx_word' id='word_1_57' title='bbox 1421 619 1538 667; x_wconf 89' lang='lat' dir='ltr'>pote-</span> 
     </span>
     <span class='ocr_line' id='line_1_8' title="bbox 181 675 1537 726; baseline -0.001 -8"><span class='ocrx_word' id='word_1_58' title='bbox 181 683 256 726; x_wconf 87' lang='lat' dir='ltr'>rat,</span> <span class='ocrx_word' id='word_1_59' title='bbox 283 677 340 717; x_wconf 87' lang='lat' dir='ltr'>ita</span> <span class='ocrx_word' id='word_1_60' title='bbox 366 676 566 717; x_wconf 87' lang='lat' dir='ltr'>adversus</span> <span class='ocrx_word' id='word_1_61' title='bbox 595 683 712 716; x_wconf 88' lang='lat' dir='ltr'>scuta</span> <span class='ocrx_word' id='word_1_62' title='bbox 735 676 928 717; x_wconf 81' lang='lat' dir='ltr'>Romana</span> <span class='ocrx_word' id='word_1_63' title='bbox 952 691 1029 717; x_wconf 88' lang='lat' dir='ltr'>nec</span> <span class='ocrx_word' id='word_1_64' title='bbox 1055 677 1107 717; x_wconf 87' lang='lat' dir='ltr'>ad</span> <span class='ocrx_word' id='word_1_65' title='bbox 1139 675 1411 716; x_wconf 86' lang='lat' dir='ltr'>traiciendum</span> <span class='ocrx_word' id='word_1_66' title='bbox 1437 675 1537 716; x_wconf 85' lang='lat' dir='ltr'>satis</span> 
     </span>
     <span class='ocr_line' id='line_1_9' title="bbox 183 736 1540 794; baseline -0.002 -15"><span class='ocrx_word' id='word_1_67' title='bbox 183 754 377 793; x_wconf 81' lang='lat' dir='ltr'>magnam</span> <span class='ocrx_word' id='word_1_68' title='bbox 408 738 492 778; x_wconf 70' lang='lat' dir='ltr'>vim</span> <span class='ocrx_word' id='word_1_69' title='bbox 534 738 734 787; x_wconf 85' lang='lat' dir='ltr'>habebat,</span> <span class='ocrx_word' id='word_1_70' title='bbox 772 753 849 779; x_wconf 90' lang='lat' dir='ltr'>nec</span> <span class='ocrx_word' id='word_1_71' title='bbox 885 739 1016 794; x_wconf 85' lang='lat' dir='ltr'>aperti</span> <span class='ocrx_word' id='word_1_72' title='bbox 1051 738 1270 792; x_wconf 86' lang='lat' dir='ltr'>quicquam</span> <span class='ocrx_word' id='word_1_73' title='bbox 1301 744 1387 778; x_wconf 88' lang='lat' dir='ltr'>erat</span> <span class='ocrx_word' id='word_1_74' title='bbox 1430 736 1540 790; x_wconf 89' lang='lat' dir='ltr'>quod</span> 
     </span>
     <span class='ocr_line' id='line_1_10' title="bbox 182 800 1537 856; baseline -0.001 -15"><span class='ocrx_word' id='word_1_75' title='bbox 182 808 382 856; x_wconf 83' lang='lat' dir='ltr'>peterent.</span> <span class='ocrx_word' id='word_1_76' title='bbox 442 801 581 854; x_wconf 88' lang='lat' dir='ltr'>itaque</span> <span class='ocrx_word' id='word_1_77' title='bbox 605 800 647 841; x_wconf 88' lang='lat' dir='ltr'>id</span> <span class='ocrx_word' id='word_1_78' title='bbox 678 808 723 840; x_wconf 88' lang='lat' dir='ltr'>ut</span> <span class='ocrx_word' id='word_1_79' title='bbox 749 816 901 841; x_wconf 77' lang='lat' dir='ltr'>vanum</span> <span class='ocrx_word' id='word_1_80' title='bbox 928 801 997 841; x_wconf 88' lang='lat' dir='ltr'>teli</span> <span class='ocrx_word' id='word_1_81' title='bbox 1028 816 1160 856; x_wconf 82' lang='lat' dir='ltr'>genus</span> <span class='ocrx_word' id='word_1_82' title='bbox 1187 807 1406 841; x_wconf 86' lang='lat' dir='ltr'>senserunt</span> <span class='ocrx_word' id='word_1_83' title='bbox 1431 814 1537 848; x_wconf 89' lang='lat' dir='ltr'>esse,</span> 
     </span>
     <span class='ocr_line' id='line_1_11' title="bbox 184 861 1539 917; baseline -0.001 -14"><span class='ocrx_word' id='word_1_84' title='bbox 184 863 296 903; x_wconf 80' lang='lat' dir='ltr'>saxis</span> <span class='ocrx_word' id='word_1_85' title='bbox 332 862 489 917; x_wconf 89' lang='lat' dir='ltr'>passim</span> <span class='ocrx_word' id='word_1_86' title='bbox 527 869 613 903; x_wconf 88' lang='lat' dir='ltr'>tota</span> <span class='ocrx_word' id='word_1_87' title='bbox 649 863 756 903; x_wconf 76' lang='lat' dir='ltr'>valle</span> <span class='ocrx_word' id='word_1_88' title='bbox 792 862 1022 903; x_wconf 88' lang='lat' dir='ltr'>iacentibus</span> <span class='ocrx_word' id='word_1_89' title='bbox 1059 863 1325 903; x_wconf 82' lang='lat' dir='ltr'>incessebant</span> <span class='ocrx_word' id='word_1_90' title='bbox 1363 861 1539 903; x_wconf 82' lang='lat' dir='ltr'>hostem.</span> 
     </span>
     <span class='ocr_line' id='line_1_12' title="bbox 184 924 1540 978; baseline -0.001 -13"><span class='ocrx_word' id='word_1_91' title='bbox 184 939 231 965; x_wconf 87' lang='lat' dir='ltr'>ea</span> <span class='ocrx_word' id='word_1_92' title='bbox 257 924 410 965; x_wconf 87' lang='lat' dir='ltr'>maiore</span> <span class='ocrx_word' id='word_1_93' title='bbox 436 939 530 964; x_wconf 90' lang='lat' dir='ltr'>cum</span> <span class='ocrx_word' id='word_1_94' title='bbox 562 924 698 964; x_wconf 89' lang='lat' dir='ltr'>sonitu</span> <span class='ocrx_word' id='word_1_95' title='bbox 730 938 853 977; x_wconf 88' lang='lat' dir='ltr'>quam</span> <span class='ocrx_word' id='word_1_96' title='bbox 879 925 1047 965; x_wconf 83' lang='lat' dir='ltr'>vulnere</span> <span class='ocrx_word' id='word_1_97' title='bbox 1079 924 1164 965; x_wconf 90' lang='lat' dir='ltr'>ullo</span> <span class='ocrx_word' id='word_1_98' title='bbox 1197 924 1376 978; x_wconf 90' lang='lat' dir='ltr'>pulsatio</span> <span class='ocrx_word' id='word_1_99' title='bbox 1403 931 1540 964; x_wconf 89' lang='lat' dir='ltr'>scuto-</span> 
     </span>
     <span class='ocr_line' id='line_1_13' title="bbox 183 986 1537 1042; baseline -0.001 -15"><span class='ocrx_word' id='word_1_100' title='bbox 183 1003 273 1028; x_wconf 89' lang='lat' dir='ltr'>rum</span> <span class='ocrx_word' id='word_1_101' title='bbox 304 1002 526 1042; x_wconf 82' lang='lat' dir='ltr'>parumper</span> <span class='ocrx_word' id='word_1_102' title='bbox 557 987 816 1027; x_wconf 87' lang='lat' dir='ltr'>succedentis</span> <span class='ocrx_word' id='word_1_103' title='bbox 850 987 1064 1027; x_wconf 81' lang='lat' dir='ltr'>Romanos</span> <span class='ocrx_word' id='word_1_104' title='bbox 1097 988 1239 1027; x_wconf 87' lang='lat' dir='ltr'>tenuit.</span> <span class='ocrx_word' id='word_1_105' title='bbox 1302 986 1451 1027; x_wconf 88' lang='lat' dir='ltr'>deinde</span> <span class='ocrx_word' id='word_1_106' title='bbox 1488 986 1537 1026; x_wconf 85' lang='lat' dir='ltr'>iis</span> 
     </span>
     <span class='ocr_line' id='line_1_14' title="bbox 185 1049 1541 1104; baseline -0.001 -14"><span class='ocrx_word' id='word_1_107' title='bbox 185 1064 347 1103; x_wconf 88' lang='lat' dir='ltr'>quoque</span> <span class='ocrx_word' id='word_1_108' title='bbox 374 1049 542 1104; x_wconf 88' lang='lat' dir='ltr'>spretis,</span> <span class='ocrx_word' id='word_1_109' title='bbox 575 1049 726 1103; x_wconf 86' lang='lat' dir='ltr'>partim</span> <span class='ocrx_word' id='word_1_110' title='bbox 759 1049 965 1089; x_wconf 86' lang='lat' dir='ltr'>testudine</span> <span class='ocrx_word' id='word_1_111' title='bbox 997 1049 1107 1089; x_wconf 84' lang='lat' dir='ltr'>facta</span> <span class='ocrx_word' id='word_1_112' title='bbox 1138 1064 1212 1103; x_wconf 88' lang='lat' dir='ltr'>per</span> <span class='ocrx_word' id='word_1_113' title='bbox 1243 1049 1442 1089; x_wconf 85' lang='lat' dir='ltr'>adversos</span> <span class='ocrx_word' id='word_1_114' title='bbox 1468 1064 1541 1088; x_wconf 86' lang='lat' dir='ltr'>va-</span> 
     </span>
     <span class='ocr_line' id='line_1_15' title="bbox 185 1109 1540 1165; baseline -0.002 -13"><span class='ocrx_word' id='word_1_115' title='bbox 185 1113 285 1153; x_wconf 87' lang='lat' dir='ltr'>dunt</span> <span class='ocrx_word' id='word_1_116' title='bbox 321 1112 471 1160; x_wconf 89' lang='lat' dir='ltr'>hostis,</span> <span class='ocrx_word' id='word_1_117' title='bbox 508 1111 660 1165; x_wconf 85' lang='lat' dir='ltr'>partim</span> <span class='ocrx_word' id='word_1_118' title='bbox 696 1111 810 1151; x_wconf 84' lang='lat' dir='ltr'>brevi</span> <span class='ocrx_word' id='word_1_119' title='bbox 842 1110 1014 1150; x_wconf 90' lang='lat' dir='ltr'>circuitu</span> <span class='ocrx_word' id='word_1_120' title='bbox 1045 1124 1138 1151; x_wconf 90' lang='lat' dir='ltr'>cum</span> <span class='ocrx_word' id='word_1_121' title='bbox 1175 1110 1217 1150; x_wconf 90' lang='lat' dir='ltr'>in</span> <span class='ocrx_word' id='word_1_122' title='bbox 1248 1110 1391 1164; x_wconf 79' lang='lat' dir='ltr'>iugum</span> <span class='ocrx_word' id='word_1_123' title='bbox 1425 1109 1540 1150; x_wconf 88' lang='lat' dir='ltr'>collis</span> 
     </span>
     <span class='ocr_line' id='line_1_16' title="bbox 185 1171 1542 1227; baseline -0.003 -12"><span class='ocrx_word' id='word_1_124' title='bbox 185 1174 434 1222; x_wconf 84' lang='lat' dir='ltr'>evasissent,</span> <span class='ocrx_word' id='word_1_125' title='bbox 473 1173 655 1227; x_wconf 86' lang='lat' dir='ltr'>trepidos</span> <span class='ocrx_word' id='word_1_126' title='bbox 688 1188 739 1213; x_wconf 83' lang='lat' dir='ltr'>ex</span> <span class='ocrx_word' id='word_1_127' title='bbox 776 1172 994 1227; x_wconf 83' lang='lat' dir='ltr'>praesidiis</span> <span class='ocrx_word' id='word_1_128' title='bbox 1033 1171 1364 1224; x_wconf 80' lang='lat' dir='ltr'>stationibusque</span> <span class='ocrx_word' id='word_1_129' title='bbox 1395 1172 1542 1212; x_wconf 86' lang='lat' dir='ltr'>Mace-</span> 
     </span>
     <span class='ocr_line' id='line_1_17' title="bbox 185 1234 1542 1290; baseline -0.003 -13"><span class='ocrx_word' id='word_1_130' title='bbox 185 1237 314 1277; x_wconf 86' lang='lat' dir='ltr'>donas</span> <span class='ocrx_word' id='word_1_131' title='bbox 351 1235 571 1275; x_wconf 86' lang='lat' dir='ltr'>deturbant</span> <span class='ocrx_word' id='word_1_132' title='bbox 608 1242 666 1284; x_wconf 90' lang='lat' dir='ltr'>et,</span> <span class='ocrx_word' id='word_1_133' title='bbox 703 1242 748 1275; x_wconf 91' lang='lat' dir='ltr'>ut</span> <span class='ocrx_word' id='word_1_134' title='bbox 784 1235 827 1274; x_wconf 91' lang='lat' dir='ltr'>in</span> <span class='ocrx_word' id='word_1_135' title='bbox 862 1235 963 1276; x_wconf 90' lang='lat' dir='ltr'>locis</span> <span class='ocrx_word' id='word_1_136' title='bbox 1000 1234 1195 1290; x_wconf 88' lang='lat' dir='ltr'>inpeditis</span> <span class='ocrx_word' id='word_1_137' title='bbox 1234 1234 1391 1274; x_wconf 83' lang='lat' dir='ltr'>difficili</span> <span class='ocrx_word' id='word_1_138' title='bbox 1427 1234 1542 1288; x_wconf 82' lang='lat' dir='ltr'>fuga,</span> 
     </span>
     <span class='ocr_line' id='line_1_18' title="bbox 183 1297 841 1354; baseline -0.003 -15"><span class='ocrx_word' id='word_1_139' title='bbox 183 1299 404 1354; x_wconf 88' lang='lat' dir='ltr'>plerosque</span> <span class='ocrx_word' id='word_1_140' title='bbox 429 1297 554 1337; x_wconf 88' lang='lat' dir='ltr'>etiam</span> <span class='ocrx_word' id='word_1_141' title='bbox 580 1297 841 1338; x_wconf 88' lang='lat' dir='ltr'>obtruncant.</span> 
     </span>
    </p>

    <p class='ocr_par' dir='ltr' id='par_1_3' title="bbox 184 1357 1547 2406">
     <span class='ocr_line' id='line_1_19' title="bbox 268 1357 1544 1414; baseline -0.001 -15"><span class='ocrx_word' id='word_1_142' title='bbox 268 1359 477 1400; x_wconf 86' lang='lat' dir='ltr'>XXXX.</span> <span class='ocrx_word' id='word_1_143' title='bbox 514 1360 580 1400; x_wconf 82' lang='lat' dir='ltr'>Ita</span> <span class='ocrx_word' id='word_1_144' title='bbox 606 1358 824 1414; x_wconf 82' lang='lat' dir='ltr'>angustiae</span> <span class='ocrx_word' id='word_1_145' title='bbox 843 1359 1002 1400; x_wconf 88' lang='lat' dir='ltr'>minore</span> <span class='ocrx_word' id='word_1_146' title='bbox 1022 1357 1259 1408; x_wconf 84' lang='lat' dir='ltr'>certamine,</span> <span class='ocrx_word' id='word_1_147' title='bbox 1286 1372 1409 1412; x_wconf 87' lang='lat' dir='ltr'>quam</span> <span class='ocrx_word' id='word_1_148' title='bbox 1432 1358 1544 1411; x_wconf 87' lang='lat' dir='ltr'>quod</span> 
     </span>
     <span class='ocr_line' id='line_1_20' title="bbox 184 1421 1544 1477; baseline -0.002 -14"><span class='ocrx_word' id='word_1_149' title='bbox 184 1423 332 1463; x_wconf 85' lang='lat' dir='ltr'>animis</span> <span class='ocrx_word' id='word_1_150' title='bbox 363 1430 678 1477; x_wconf 81' lang='lat' dir='ltr'>proposuerant,</span> <span class='ocrx_word' id='word_1_151' title='bbox 712 1429 931 1477; x_wconf 81' lang='lat' dir='ltr'>superatae</span> <span class='ocrx_word' id='word_1_152' title='bbox 957 1429 998 1462; x_wconf 90' lang='lat' dir='ltr'>et</span> <span class='ocrx_word' id='word_1_153' title='bbox 1027 1421 1069 1462; x_wconf 90' lang='lat' dir='ltr'>in</span> <span class='ocrx_word' id='word_1_154' title='bbox 1099 1421 1337 1462; x_wconf 84' lang='lat' dir='ltr'>Eordaeam</span> <span class='ocrx_word' id='word_1_155' title='bbox 1367 1435 1544 1475; x_wconf 83' lang='lat' dir='ltr'>perven-</span> 
     </span>
     <span class='ocr_line' id='line_1_21' title="bbox 184 1482 1541 1539; baseline -0.001 -15"><span class='ocrx_word' id='word_1_156' title='bbox 184 1492 290 1534; x_wconf 88' lang='lat' dir='ltr'>tum,</span> <span class='ocrx_word' id='word_1_157' title='bbox 321 1484 394 1525; x_wconf 83' lang='lat' dir='ltr'>ubi</span> <span class='ocrx_word' id='word_1_158' title='bbox 418 1484 666 1539; x_wconf 83' lang='lat' dir='ltr'>pervastatis</span> <span class='ocrx_word' id='word_1_159' title='bbox 695 1484 851 1539; x_wconf 84' lang='lat' dir='ltr'>passim</span> <span class='ocrx_word' id='word_1_160' title='bbox 878 1484 988 1539; x_wconf 78' lang='lat' dir='ltr'>agris</span> <span class='ocrx_word' id='word_1_161' title='bbox 1014 1484 1055 1524; x_wconf 93' lang='lat' dir='ltr'>in</span> <span class='ocrx_word' id='word_1_162' title='bbox 1080 1483 1276 1524; x_wconf 83' lang='lat' dir='ltr'>Elimiam</span> <span class='ocrx_word' id='word_1_163' title='bbox 1304 1498 1348 1524; x_wconf 90' lang='lat' dir='ltr'>se</span> <span class='ocrx_word' id='word_1_164' title='bbox 1373 1482 1541 1537; x_wconf 88' lang='lat' dir='ltr'>recepit.</span> 
     </span>
     <span class='ocr_line' id='line_1_22' title="bbox 184 1544 1544 1601; baseline -0.001 -15"><span class='ocrx_word' id='word_1_165' title='bbox 184 1547 279 1587; x_wconf 88' lang='lat' dir='ltr'>inde</span> <span class='ocrx_word' id='word_1_166' title='bbox 315 1546 502 1600; x_wconf 89' lang='lat' dir='ltr'>inpetum</span> <span class='ocrx_word' id='word_1_167' title='bbox 539 1546 583 1586; x_wconf 89' lang='lat' dir='ltr'>in</span> <span class='ocrx_word' id='word_1_168' title='bbox 615 1546 854 1588; x_wconf 83' lang='lat' dir='ltr'>Orestidem</span> <span class='ocrx_word' id='word_1_169' title='bbox 892 1546 989 1587; x_wconf 87' lang='lat' dir='ltr'>facit</span> <span class='ocrx_word' id='word_1_170' title='bbox 1022 1553 1062 1587; x_wconf 86' lang='lat' dir='ltr'>et</span> <span class='ocrx_word' id='word_1_171' title='bbox 1097 1545 1295 1601; x_wconf 84' lang='lat' dir='ltr'>oppidum</span> <span class='ocrx_word' id='word_1_172' title='bbox 1331 1544 1544 1586; x_wconf 87' lang='lat' dir='ltr'>Celetrum</span> 
     </span>
     <span class='ocr_line' id='line_1_23' title="bbox 186 1607 1543 1663; baseline -0.001 -14"><span class='ocrx_word' id='word_1_173' title='bbox 186 1617 249 1649; x_wconf 88' lang='lat' dir='ltr'>est</span> <span class='ocrx_word' id='word_1_174' title='bbox 275 1609 497 1663; x_wconf 76' lang='lat' dir='ltr'>adgressus</span> <span class='ocrx_word' id='word_1_175' title='bbox 523 1609 565 1648; x_wconf 90' lang='lat' dir='ltr'>in</span> <span class='ocrx_word' id='word_1_176' title='bbox 590 1609 860 1663; x_wconf 85' lang='lat' dir='ltr'>paeneinsula</span> <span class='ocrx_word' id='word_1_177' title='bbox 887 1609 1023 1649; x_wconf 87' lang='lat' dir='ltr'>situm.</span> <span class='ocrx_word' id='word_1_178' title='bbox 1066 1608 1181 1649; x_wconf 88' lang='lat' dir='ltr'>lacus</span> <span class='ocrx_word' id='word_1_179' title='bbox 1206 1608 1371 1649; x_wconf 84' lang='lat' dir='ltr'>moenia</span> <span class='ocrx_word' id='word_1_180' title='bbox 1395 1607 1543 1662; x_wconf 80' lang='lat' dir='ltr'>cingit3</span> 
     </span>
     <span class='ocr_line' id='line_1_24' title="bbox 187 1670 1543 1725; baseline -0.001 -14"><span class='ocrx_word' id='word_1_181' title='bbox 187 1670 376 1725; x_wconf 81' lang='lat' dir='ltr'>angustis</span> <span class='ocrx_word' id='word_1_182' title='bbox 413 1670 601 1711; x_wconf 85' lang='lat' dir='ltr'>faucibus</span> <span class='ocrx_word' id='word_1_183' title='bbox 640 1686 768 1711; x_wconf 89' lang='lat' dir='ltr'>unum</span> <span class='ocrx_word' id='word_1_184' title='bbox 805 1686 857 1711; x_wconf 90' lang='lat' dir='ltr'>ex</span> <span class='ocrx_word' id='word_1_185' title='bbox 889 1670 1116 1711; x_wconf 90' lang='lat' dir='ltr'>continenti</span> <span class='ocrx_word' id='word_1_186' title='bbox 1151 1670 1228 1710; x_wconf 91' lang='lat' dir='ltr'>iter</span> <span class='ocrx_word' id='word_1_187' title='bbox 1259 1677 1334 1711; x_wconf 87' lang='lat' dir='ltr'>est.</span> <span class='ocrx_word' id='word_1_188' title='bbox 1395 1670 1543 1724; x_wconf 87' lang='lat' dir='ltr'>primo,</span> 
     </span>
     <span class='ocr_line' id='line_1_25' title="bbox 188 1731 1542 1787; baseline -0.002 -14"><span class='ocrx_word' id='word_1_189' title='bbox 188 1733 268 1773; x_wconf 86' lang='lat' dir='ltr'>situ</span> <span class='ocrx_word' id='word_1_190' title='bbox 293 1733 384 1787; x_wconf 89' lang='lat' dir='ltr'>ipso</span> <span class='ocrx_word' id='word_1_191' title='bbox 410 1732 523 1781; x_wconf 86' lang='lat' dir='ltr'>freti,</span> <span class='ocrx_word' id='word_1_192' title='bbox 561 1732 712 1772; x_wconf 84' lang='lat' dir='ltr'>clausis</span> <span class='ocrx_word' id='word_1_193' title='bbox 738 1732 868 1786; x_wconf 87' lang='lat' dir='ltr'>portis</span> <span class='ocrx_word' id='word_1_194' title='bbox 894 1733 1076 1773; x_wconf 88' lang='lat' dir='ltr'>abnuere</span> <span class='ocrx_word' id='word_1_195' title='bbox 1101 1731 1340 1786; x_wconf 70' lang='lat' dir='ltr'>imperiumg</span> <span class='ocrx_word' id='word_1_196' title='bbox 1378 1731 1542 1779; x_wconf 86' lang='lat' dir='ltr'>deinde,</span> 
     </span>
     <span class='ocr_line' id='line_1_26' title="bbox 187 1793 1545 1849; baseline -0.002 -14"><span class='ocrx_word' id='word_1_197' title='bbox 187 1803 408 1849; x_wconf 84' lang='lat' dir='ltr'>postquam</span> <span class='ocrx_word' id='word_1_198' title='bbox 435 1794 554 1849; x_wconf 79' lang='lat' dir='ltr'>signa</span> <span class='ocrx_word' id='word_1_199' title='bbox 585 1794 682 1834; x_wconf 88' lang='lat' dir='ltr'>ferri</span> <span class='ocrx_word' id='word_1_200' title='bbox 708 1808 756 1833; x_wconf 89' lang='lat' dir='ltr'>ac</span> <span class='ocrx_word' id='word_1_201' title='bbox 780 1794 987 1834; x_wconf 83' lang='lat' dir='ltr'>testudine</span> <span class='ocrx_word' id='word_1_202' title='bbox 1014 1793 1179 1834; x_wconf 89' lang='lat' dir='ltr'>succedi</span> <span class='ocrx_word' id='word_1_203' title='bbox 1205 1793 1257 1833; x_wconf 87' lang='lat' dir='ltr'>ad</span> <span class='ocrx_word' id='word_1_204' title='bbox 1282 1800 1447 1847; x_wconf 84' lang='lat' dir='ltr'>portam</span> <span class='ocrx_word' id='word_1_205' title='bbox 1472 1793 1545 1833; x_wconf 91' lang='lat' dir='ltr'>ob-</span> 
     </span>
     <span class='ocr_line' id='line_1_27' title="bbox 189 1853 1545 1909; baseline -0.001 -13"><span class='ocrx_word' id='word_1_206' title='bbox 189 1871 410 1909; x_wconf 85' lang='lat' dir='ltr'>sessasque</span> <span class='ocrx_word' id='word_1_207' title='bbox 447 1856 589 1896; x_wconf 82' lang='lat' dir='ltr'>fauces</span> <span class='ocrx_word' id='word_1_208' title='bbox 628 1855 792 1909; x_wconf 78' lang='lat' dir='ltr'>agmine</span> <span class='ocrx_word' id='word_1_209' title='bbox 830 1855 1010 1895; x_wconf 88' lang='lat' dir='ltr'>hostium</span> <span class='ocrx_word' id='word_1_210' title='bbox 1048 1855 1258 1903; x_wconf 76' lang='lat' dir='ltr'>viderunt,</span> <span class='ocrx_word' id='word_1_211' title='bbox 1302 1853 1545 1908; x_wconf 82' lang='lat' dir='ltr'>prinsquam</span> 
     </span>
     <span class='ocr_line' id='line_1_28' title="bbox 188 1916 1543 1973; baseline -0.002 -15"><span class='ocrx_word' id='word_1_212' title='bbox 188 1918 472 1973; x_wconf 84' lang='lat' dir='ltr'>experirentur</span> <span class='ocrx_word' id='word_1_213' title='bbox 498 1925 718 1966; x_wconf 83' lang='lat' dir='ltr'>certamen,</span> <span class='ocrx_word' id='word_1_214' title='bbox 746 1925 857 1958; x_wconf 90' lang='lat' dir='ltr'>metu</span> <span class='ocrx_word' id='word_1_215' title='bbox 882 1917 923 1957; x_wconf 90' lang='lat' dir='ltr'>in</span> <span class='ocrx_word' id='word_1_216' title='bbox 950 1916 1201 1957; x_wconf 84' lang='lat' dir='ltr'>deditionem</span> <span class='ocrx_word' id='word_1_217' title='bbox 1227 1923 1442 1956; x_wconf 81' lang='lat' dir='ltr'>venerunt.</span> <span class='ocrx_word' id='word_1_218' title='bbox 1492 1916 1543 1956; x_wconf 85' lang='lat' dir='ltr'>ab</span> 
     </span>
     <span class='ocr_line' id='line_1_29' title="bbox 189 1977 1543 2034; baseline -0.001 -14"><span class='ocrx_word' id='word_1_219' title='bbox 189 1979 355 2021; x_wconf 89' lang='lat' dir='ltr'>Celetro</span> <span class='ocrx_word' id='word_1_220' title='bbox 376 1980 418 2020; x_wconf 94' lang='lat' dir='ltr'>in</span> <span class='ocrx_word' id='word_1_221' title='bbox 431 1979 700 2020; x_wconf 85' lang='lat' dir='ltr'>Dassaretios</span> <span class='ocrx_word' id='word_1_222' title='bbox 726 1979 929 2034; x_wconf 85' lang='lat' dir='ltr'>processit</span> <span class='ocrx_word' id='word_1_223' title='bbox 955 1980 1181 2031; x_wconf 79' lang='lat' dir='ltr'>urbemque</span> <span class='ocrx_word' id='word_1_224' title='bbox 1194 1977 1344 2019; x_wconf 85' lang='lat' dir='ltr'>Pelion</span> <span class='ocrx_word' id='word_1_225' title='bbox 1364 1977 1404 2018; x_wconf 88' lang='lat' dir='ltr'>vi</span> <span class='ocrx_word' id='word_1_226' title='bbox 1424 1977 1543 2032; x_wconf 87' lang='lat' dir='ltr'>cepit.</span> 
     </span>
     <span class='ocr_line' id='line_1_30' title="bbox 188 2038 1546 2095; baseline -0.002 -13"><span class='ocrx_word' id='word_1_227' title='bbox 188 2042 356 2082; x_wconf 86' lang='lat' dir='ltr'>servitia</span> <span class='ocrx_word' id='word_1_228' title='bbox 386 2042 481 2081; x_wconf 89' lang='lat' dir='ltr'>inde</span> <span class='ocrx_word' id='word_1_229' title='bbox 513 2056 607 2081; x_wconf 90' lang='lat' dir='ltr'>cum</span> <span class='ocrx_word' id='word_1_230' title='bbox 633 2049 769 2082; x_wconf 88' lang='lat' dir='ltr'>cetera</span> <span class='ocrx_word' id='word_1_231' title='bbox 800 2041 954 2095; x_wconf 83' lang='lat' dir='ltr'>praeda</span> <span class='ocrx_word' id='word_1_232' title='bbox 987 2040 1158 2081; x_wconf 82' lang='lat' dir='ltr'>abduxit</span> <span class='ocrx_word' id='word_1_233' title='bbox 1184 2046 1224 2080; x_wconf 87' lang='lat' dir='ltr'>et</span> <span class='ocrx_word' id='word_1_234' title='bbox 1254 2038 1385 2080; x_wconf 85' lang='lat' dir='ltr'>libera</span> <span class='ocrx_word' id='word_1_235' title='bbox 1410 2039 1546 2094; x_wconf 85' lang='lat' dir='ltr'>capita</span> 
     </span>
     <span class='ocr_line' id='line_1_31' title="bbox 189 2101 1546 2159; baseline -0.002 -15"><span class='ocrx_word' id='word_1_236' title='bbox 189 2104 276 2145; x_wconf 89' lang='lat' dir='ltr'>sine</span> <span class='ocrx_word' id='word_1_237' title='bbox 302 2104 434 2159; x_wconf 85' lang='lat' dir='ltr'>pretio</span> <span class='ocrx_word' id='word_1_238' title='bbox 461 2103 616 2144; x_wconf 87' lang='lat' dir='ltr'>dimisit</span> <span class='ocrx_word' id='word_1_239' title='bbox 641 2104 922 2158; x_wconf 87' lang='lat' dir='ltr'>oppidumque</span> <span class='ocrx_word' id='word_1_240' title='bbox 954 2103 1003 2144; x_wconf 88' lang='lat' dir='ltr'>iis</span> <span class='ocrx_word' id='word_1_241' title='bbox 1029 2101 1209 2143; x_wconf 83' lang='lat' dir='ltr'>reddidit</span> <span class='ocrx_word' id='word_1_242' title='bbox 1239 2101 1448 2156; x_wconf 88' lang='lat' dir='ltr'>praesidio</span> <span class='ocrx_word' id='word_1_243' title='bbox 1474 2116 1546 2141; x_wconf 87' lang='lat' dir='ltr'>va-</span> 
     </span>
     <span class='ocr_line' id='line_1_32' title="bbox 187 2163 1547 2221; baseline -0.001 -15"><span class='ocrx_word' id='word_1_244' title='bbox 187 2166 270 2207; x_wconf 90' lang='lat' dir='ltr'>lido</span> <span class='ocrx_word' id='word_1_245' title='bbox 301 2166 500 2220; x_wconf 87' lang='lat' dir='ltr'>inposito,</span> <span class='ocrx_word' id='word_1_246' title='bbox 534 2182 629 2206; x_wconf 87' lang='grc'>1111111</span> <span class='ocrx_word' id='word_1_247' title='bbox 662 2174 700 2207; x_wconf 86' lang='grc'>01</span> <span class='ocrx_word' id='word_1_248' title='bbox 733 2166 812 2206; x_wconf 84' lang='grc'>51111</span> <span class='ocrx_word' id='word_1_249' title='bbox 845 2173 1075 2221; x_wconf 87' lang='lat' dir='ltr'>opportune</span> <span class='ocrx_word' id='word_1_250' title='bbox 1100 2165 1199 2205; x_wconf 90' lang='lat' dir='ltr'>urbs</span> <span class='ocrx_word' id='word_1_251' title='bbox 1232 2171 1320 2204; x_wconf 87' lang='lat' dir='ltr'>erat</span> <span class='ocrx_word' id='word_1_252' title='bbox 1349 2164 1401 2204; x_wconf 89' lang='lat' dir='ltr'>ad</span> <span class='ocrx_word' id='word_1_253' title='bbox 1432 2163 1547 2218; x_wconf 87' lang='lat' dir='ltr'>inpe-</span> 
     </span>
     <span class='ocr_line' id='line_1_33' title="bbox 188 2226 1546 2282; baseline -0.001 -14"><span class='ocrx_word' id='word_1_254' title='bbox 188 2235 253 2268; x_wconf 91' lang='lat' dir='ltr'>tus</span> <span class='ocrx_word' id='word_1_255' title='bbox 291 2228 332 2268; x_wconf 90' lang='lat' dir='ltr'>in</span> <span class='ocrx_word' id='word_1_256' title='bbox 368 2228 665 2269; x_wconf 87' lang='lat' dir='ltr'>Macedoniam</span> <span class='ocrx_word' id='word_1_257' title='bbox 702 2229 930 2269; x_wconf 83' lang='lat' dir='ltr'>faciendos.</span> <span class='ocrx_word' id='word_1_258' title='bbox 1002 2229 1058 2269; x_wconf 87' lang='lat' dir='ltr'>ita</span> <span class='ocrx_word' id='word_1_259' title='bbox 1094 2227 1326 2282; x_wconf 77' lang='lat' dir='ltr'>peragratis</span> <span class='ocrx_word' id='word_1_260' title='bbox 1365 2226 1546 2268; x_wconf 89' lang='lat' dir='ltr'>hostium</span> 
     </span>
     <span class='ocr_line' id='line_1_34' title="bbox 190 2288 1545 2345; baseline 0 -15"><span class='ocrx_word' id='word_1_261' title='bbox 190 2289 300 2343; x_wconf 79' lang='lat' dir='ltr'>agris</span> <span class='ocrx_word' id='word_1_262' title='bbox 332 2290 477 2330; x_wconf 89' lang='lat' dir='ltr'>consul</span> <span class='ocrx_word' id='word_1_263' title='bbox 508 2290 551 2330; x_wconf 91' lang='lat' dir='ltr'>in</span> <span class='ocrx_word' id='word_1_264' title='bbox 581 2290 673 2331; x_wconf 88' lang='lat' dir='ltr'>loca</span> <span class='ocrx_word' id='word_1_265' title='bbox 701 2298 851 2345; x_wconf 85' lang='lat' dir='ltr'>pacata</span> <span class='ocrx_word' id='word_1_266' title='bbox 881 2291 934 2331; x_wconf 88' lang='lat' dir='ltr'>ad</span> <span class='ocrx_word' id='word_1_267' title='bbox 958 2289 1248 2345; x_wconf 88' lang='lat' dir='ltr'>Apolloniam,</span> <span class='ocrx_word' id='word_1_268' title='bbox 1286 2288 1396 2330; x_wconf 87' lang='lat' dir='ltr'>unde</span> <span class='ocrx_word' id='word_1_269' title='bbox 1426 2303 1545 2330; x_wconf 87' lang='lat' dir='ltr'>orsus</span> 
     </span>
     <span class='ocr_line' id='line_1_35' title="bbox 190 2351 839 2406; baseline -0.003 -13"><span class='ocrx_word' id='word_1_270' title='bbox 190 2351 343 2393; x_wconf 88' lang='lat' dir='ltr'>bellum</span> <span class='ocrx_word' id='word_1_271' title='bbox 369 2359 468 2400; x_wconf 87' lang='lat' dir='ltr'>erat,</span> <span class='ocrx_word' id='word_1_272' title='bbox 496 2352 635 2406; x_wconf 88' lang='lat' dir='ltr'>copias</span> <span class='ocrx_word' id='word_1_273' title='bbox 663 2352 839 2392; x_wconf 79' lang='lat' dir='ltr'>reduxit.</span> 
     </span>
    </p>

    <p class='ocr_par' dir='ltr' id='par_1_4' title="bbox 189 2412 1548 2718">
     <span class='ocr_line' id='line_1_36' title="bbox 273 2412 1547 2468; baseline -0.001 -14"><span class='ocrx_word' id='word_1_274' title='bbox 273 2413 514 2468; x_wconf 86' lang='lat' dir='ltr'>Philippum</span> <span class='ocrx_word' id='word_1_275' title='bbox 541 2421 775 2454; x_wconf 83' lang='lat' dir='ltr'>averterant</span> <span class='ocrx_word' id='word_1_276' title='bbox 788 2413 929 2454; x_wconf 80' lang='lat' dir='ltr'>Aetoli</span> <span class='ocrx_word' id='word_1_277' title='bbox 957 2421 994 2454; x_wconf 89' lang='lat' dir='ltr'>ct</span> <span class='ocrx_word' id='word_1_278' title='bbox 1010 2413 1272 2454; x_wconf 78' lang='lat' dir='ltr'>Athamanes</span> <span class='ocrx_word' id='word_1_279' title='bbox 1299 2420 1339 2454; x_wconf 91' lang='lat' dir='ltr'>et</span> <span class='ocrx_word' id='word_1_280' title='bbox 1357 2412 1547 2453; x_wconf 89' lang='lat' dir='ltr'>Dardani</span> 
     </span>
     <span class='ocr_line' id='line_1_37' title="bbox 190 2475 1546 2530; baseline -0.001 -13"><span class='ocrx_word' id='word_1_281' title='bbox 190 2485 230 2517; x_wconf 88' lang='lat' dir='ltr'>et</span> <span class='ocrx_word' id='word_1_282' title='bbox 255 2482 315 2516; x_wconf 88' lang='lat' dir='ltr'>tot</span> <span class='ocrx_word' id='word_1_283' title='bbox 347 2475 455 2515; x_wconf 88' lang='lat' dir='ltr'>bella</span> <span class='ocrx_word' id='word_1_284' title='bbox 484 2484 653 2530; x_wconf 91' lang='lat' dir='ltr'>repente</span> <span class='ocrx_word' id='word_1_285' title='bbox 687 2476 766 2516; x_wconf 88' lang='lat' dir='ltr'>alia</span> <span class='ocrx_word' id='word_1_286' title='bbox 792 2491 842 2516; x_wconf 82' lang='lat' dir='ltr'>ex</span> <span class='ocrx_word' id='word_1_287' title='bbox 874 2475 964 2515; x_wconf 83' lang='lat' dir='ltr'>aliis</span> <span class='ocrx_word' id='word_1_288' title='bbox 996 2475 1096 2515; x_wconf 91' lang='lat' dir='ltr'>locis</span> <span class='ocrx_word' id='word_1_289' title='bbox 1130 2483 1285 2516; x_wconf 78' lang='lat' dir='ltr'>exorta.</span> <span class='ocrx_word' id='word_1_290' title='bbox 1347 2475 1546 2515; x_wconf 77' lang='lat' dir='ltr'>adversus</span> 
     </span>
     <span class='ocr_line' id='line_1_38' title="bbox 189 2536 1548 2593; baseline -0.001 -15"><span class='ocrx_word' id='word_1_291' title='bbox 189 2538 413 2578; x_wconf 84' lang='lat' dir='ltr'>Dardanos</span> <span class='ocrx_word' id='word_1_292' title='bbox 439 2538 522 2578; x_wconf 88' lang='lat' dir='ltr'>iam</span> <span class='ocrx_word' id='word_1_293' title='bbox 547 2538 795 2593; x_wconf 86' lang='lat' dir='ltr'>recipientes</span> <span class='ocrx_word' id='word_1_294' title='bbox 822 2553 872 2578; x_wconf 81' lang='lat' dir='ltr'>ex</span> <span class='ocrx_word' id='word_1_295' title='bbox 898 2537 1151 2578; x_wconf 82' lang='lat' dir='ltr'>Macedonia</span> <span class='ocrx_word' id='word_1_296' title='bbox 1182 2552 1274 2578; x_wconf 89' lang='lat' dir='ltr'>sese</span> <span class='ocrx_word' id='word_1_297' title='bbox 1300 2536 1548 2591; x_wconf 83' lang='lat' dir='ltr'>Athenago-</span> 
     </span>
     <span class='ocr_line' id='line_1_39' title="bbox 189 2598 1544 2655; baseline -0.001 -15"><span class='ocrx_word' id='word_1_298' title='bbox 189 2615 263 2640; x_wconf 91' lang='lat' dir='ltr'>ran</span> <span class='ocrx_word' id='word_1_299' title='bbox 298 2614 391 2640; x_wconf 88' lang='lat' dir='ltr'>cum</span> <span class='ocrx_word' id='word_1_300' title='bbox 429 2600 633 2654; x_wconf 74' lang='lat' dir='ltr'>expeditis</span> <span class='ocrx_word' id='word_1_301' title='bbox 669 2600 878 2655; x_wconf 87' lang='lat' dir='ltr'>peditibus</span> <span class='ocrx_word' id='word_1_302' title='bbox 911 2614 960 2640; x_wconf 87' lang='lat' dir='ltr'>ac</span> <span class='ocrx_word' id='word_1_303' title='bbox 996 2599 1151 2640; x_wconf 86' lang='lat' dir='ltr'>maiore</span> <span class='ocrx_word' id='word_1_304' title='bbox 1187 2606 1304 2655; x_wconf 89' lang='lat' dir='ltr'>parte</span> <span class='ocrx_word' id='word_1_305' title='bbox 1336 2598 1544 2652; x_wconf 87' lang='lat' dir='ltr'>equitatus</span> 
     </span>
     <span class='ocr_line' id='line_1_40' title="bbox 190 2661 1546 2718; baseline -0.001 -15"><span class='ocrx_word' id='word_1_306' title='bbox 190 2662 321 2713; x_wconf 85' lang='lat' dir='ltr'>misit,</span> <span class='ocrx_word' id='word_1_307' title='bbox 359 2662 518 2704; x_wconf 83' lang='lat' dir='ltr'>iussum</span> <span class='ocrx_word' id='word_1_308' title='bbox 555 2663 708 2705; x_wconf 82' lang='lat' dir='ltr'>instare</span> <span class='ocrx_word' id='word_1_309' title='bbox 745 2663 797 2704; x_wconf 87' lang='lat' dir='ltr'>ab</span> <span class='ocrx_word' id='word_1_310' title='bbox 835 2670 949 2718; x_wconf 78' lang='lat' dir='ltr'>tergo</span> <span class='ocrx_word' id='word_1_311' title='bbox 983 2662 1229 2704; x_wconf 87' lang='lat' dir='ltr'>abeuntibus</span> <span class='ocrx_word' id='word_1_312' title='bbox 1262 2668 1303 2703; x_wconf 91' lang='lat' dir='ltr'>et</span> <span class='ocrx_word' id='word_1_313' title='bbox 1339 2661 1546 2716; x_wconf 87' lang='lat' dir='ltr'>carpendo</span> 
     </span>
    </p>

    <p class='ocr_par' dir='ltr' id='par_1_5' title="bbox 1274 2727 1320 2762">
     <span class='ocr_line' id='line_1_41' title="bbox 1274 2727 1320 2762; baseline 0 -17"><span class='ocrx_word' id='word_1_314' title='bbox 1274 2727 1320 2762; x_wconf 77' lang='lat'>3*</span> 
     </span>
    </p>
   </div>
   <div class='ocr_carea' id='block_1_3' title="bbox 1564 377 1600 407">
    <p class='ocr_par' dir='ltr' id='par_1_6' title="bbox 1564 377 1600 407">
     <span class='ocr_line' id='line_1_42' title="bbox 1564 377 1600 407; baseline 0.028 -1"><span class='ocrx_word' id='word_1_315' title='bbox 1564 377 1600 407; x_wconf 88' lang='lat' dir='ltr'>ll</span> 
     </span>
    </p>
   </div>
   <div class='ocr_carea' id='block_1_4' title="bbox 1565 499 1603 529">
    <p class='ocr_par' dir='ltr' id='par_1_7' title="bbox 1565 499 1603 529">
     <span class='ocr_line' id='line_1_43' title="bbox 1565 499 1603 529; baseline 0 0"><span class='ocrx_word' id='word_1_316' title='bbox 1565 499 1603 529; x_wconf 83' lang='lat'>12</span> 
     </span>
    </p>
   </div>
   <div class='ocr_carea' id='block_1_5' title="bbox 1567 812 1607 842">
    <p class='ocr_par' dir='ltr' id='par_1_8' title="bbox 1567 812 1607 842">
     <span class='ocr_line' id='line_1_44' title="bbox 1567 812 1607 842; baseline 0.025 -1"><span class='ocrx_word' id='word_1_317' title='bbox 1567 812 1607 842; x_wconf 87' lang='lat'>13</span> 
     </span>
    </p>
   </div>
   <div class='ocr_carea' id='block_1_6' title="bbox 1567 997 1608 1026">
    <p class='ocr_par' dir='ltr' id='par_1_9' title="bbox 1567 997 1608 1026">
     <span class='ocr_line' id='line_1_45' title="bbox 1567 997 1608 1026; baseline 0 0"><span class='ocrx_word' id='word_1_318' title='bbox 1567 997 1608 1026; x_wconf 73' lang='lat'>14</span> 
     </span>
    </p>
   </div>
   <div class='ocr_carea' id='block_1_7' title="bbox 1570 1123 1608 1152">
    <p class='ocr_par' dir='ltr' id='par_1_10' title="bbox 1570 1123 1608 1152">
     <span class='ocr_line' id='line_1_46' title="bbox 1570 1123 1608 1152; baseline -0.026 0"><span class='ocrx_word' id='word_1_319' title='bbox 1570 1123 1608 1152; x_wconf 84' lang='lat'>15</span> 
     </span>
    </p>
   </div>
   <div class='ocr_carea' id='block_1_8' title="bbox 1573 1371 1585 1399">
    <p class='ocr_par' dir='ltr' id='par_1_11' title="bbox 1573 1371 1585 1399">
     <span class='ocr_line' id='line_1_47' title="bbox 1573 1371 1585 1399; baseline 0 0"><span class='ocrx_word' id='word_1_320' title='bbox 1573 1371 1585 1399; x_wconf 92' lang='lat'>1</span> 
     </span>
    </p>
   </div>
   <div class='ocr_carea' id='block_1_9' title="bbox 1571 1619 1589 1648">
    <p class='ocr_par' dir='ltr' id='par_1_12' title="bbox 1571 1619 1589 1648">
     <span class='ocr_line' id='line_1_48' title="bbox 1571 1619 1589 1648; textangle 90"><span class='ocrx_word' id='word_1_321' title='bbox 1571 1619 1589 1648; x_wconf 65' lang='grc' dir='ltr'>[ὑ</span> 
     </span>
    </p>
   </div>
  </div>
 </body>
</html>
