1799 2900
213 118 297 160 344
467 127 619 161 LIBER
644 127 863 169 XXXVIII,
889 127 1032 161 31---33.
1062 130 1110 171 [a.
1124 139 1157 162 u.
1175 128 1300 171 c,5ss5]

170 245 188 276 6
214 230 575 272 Lacedaemonem
607 229 804 270 dederent
836 237 1081 283 orarentque
1113 245 1225 280 eum,
1262 239 1306 272 ut
1338 231 1496 273 veniret
1521 233 1562 273 in

212 293 549 346 Peloponnesum
576 291 628 331 ad
657 292 801 330 urbem
828 292 1190 333 Lacedaemonem
1221 293 1262 332 in
1287 293 1410 333 fidem
1437 294 1563 335 dicio-

213 368 388 406 nemque
414 353 556 407 populi
580 353 759 393 Romani
786 353 1080 407 accipiendam.

171 431 183 460 1
296 415 501 455 XXXII.
538 415 589 455 Id
603 415 672 455 ubi
687 414 813 469 legati
829 415 880 454 ad
894 415 1087 456 Achaeos
1101 416 1358 465 rettulerunt,
1381 417 1562 457 omnium

212 477 438 518 civitatium
465 491 569 530 quae
596 478 683 517 eius
705 477 866 518 concilii
888 485 1002 518 erant
1028 492 1235 518 consensu
1260 479 1414 519 bellum
1429 480 1560 520 Lacc-

211 540 425 580 daemonis
452 539 651 579 indictum
677 546 753 579 est.
790 553 841 579 ne
861 540 1068 593 extemplo
1095 547 1318 593 gereretur,
1345 541 1477 581 hiems
1503 541 1563 581 in-

167 614 185 643 2
211 601 352 656 pediit.
389 601 695 641 incursionibus
722 607 860 641 tamen
885 601 1037 655 parvis,
1064 601 1265 641 latrocinii
1286 602 1418 655 magis
1440 617 1562 655 quam

211 663 309 703 belli
333 662 474 711 modo,
501 678 583 703 non
609 670 717 703 terra
742 669 919 711 tantum,
952 662 1026 702 scd
1058 663 1182 702 etiam
1212 663 1386 704 navibus
1414 679 1437 704 a
1461 665 1563 704 mari

168 737 185 766 3
212 725 314 765 fines
347 739 488 765 eorum
514 725 677 765 vastati.
727 723 795 764 hic
825 723 1025 764 tumultus
1052 723 1265 764 consulem
1290 724 1331 764 in
1356 725 1564 779 Pelopon-

210 801 356 826 nesum
382 786 572 835 adduxit3
598 786 797 838 iussuque
823 785 909 826 eius
930 785 1027 825 Elin
1054 785 1226 826 concilio
1251 785 1404 827 indicto
1429 786 1564 827 Lace-

166 862 185 890 4
212 848 402 888 daemoni
417 849 468 888 ad
483 848 798 902 disceptandum
813 847 948 888 exciti.
980 862 1133 901 magna
1146 847 1203 888 ibi
1221 862 1304 887 non
1320 848 1564 903 disceptatio

210 911 352 958 modo,
387 910 460 950 sed
486 910 697 950 altercatio
722 909 818 958 fuit,
845 909 909 949 cui
936 909 1099 958 consul,
1128 924 1220 949 cum
1246 909 1326 950 alia
1352 910 1451 951 satis
1477 925 1565 951 am-

210 972 358 1013 bitiose
394 979 554 1026 partem
590 979 808 1024 utramque
851 971 1031 1011 fovendo
1068 971 1224 1011 incerta
1266 972 1563 1026 respondisset,

210 1049 292 1074 una
318 1033 639 1082 denuntiatione,
667 1041 711 1073 ut
736 1033 844 1073 bello
871 1033 1126 1074 abstinerent
1151 1033 1283 1074 donec
1307 1034 1485 1074 Romam
1511 1034 1564 1074 ad

213 1104 399 1135 senatum
420 1096 580 1149 legatos
602 1095 825 1143 misissent,
847 1095 972 1135 finem
999 1095 1193 1149 inposuit.
1225 1095 1430 1148 utrimque
1451 1096 1565 1150 lega-

166 1171 185 1199 5
211 1157 268 1197 tio
295 1157 423 1197 missa
447 1157 626 1197 Romam
652 1164 728 1198 cst.
767 1157 931 1197 exsules
958 1172 1119 1210 quoque
1134 1157 1563 1198 Lacedaemoniorum

169 1232 187 1260 6
215 1234 330 1259 suam
357 1233 526 1259 causam
558 1218 889 1273 legationemque
914 1219 1097 1259 Achaeis
1124 1219 1400 1260 iniunxcrunt.
1460 1219 1564 1259 Dio-

210 1280 368 1335 phanes
396 1289 436 1321 et
449 1281 669 1334 Lycortas,
690 1281 1037 1335 BIegalopolitani
1063 1281 1196 1329 ambo,
1223 1281 1429 1335 principes
1451 1281 1564 1335 lega-

210 1341 333 1382 tionis
360 1342 625 1383 Achaeorum
656 1342 840 1391 fuerunt3
879 1342 947 1395 qui
978 1342 1226 1382 dissidentes
1258 1342 1301 1382 in
1331 1358 1374 1383 re
1399 1343 1565 1397 publica

211 1410 297 1443 tum
324 1418 486 1456 quoque
512 1403 679 1443 minime
704 1404 809 1443 inter
835 1418 878 1443 se
900 1403 1181 1443 convenientis
1202 1403 1408 1444 orationes
1435 1404 1565 1444 habu-

168 1480 183 1507 7
211 1473 342 1505 erunt.
396 1465 640 1519 Diophanes
669 1465 828 1505 senatui
854 1465 1195 1519 disceptationem
1221 1465 1403 1505 omnium
1427 1481 1565 1506 rerum

211 1527 494 1581 permittebat:
533 1542 603 1568 eos
636 1527 789 1580 optime
822 1527 1125 1567 controversias
1157 1527 1263 1567 inter
1288 1527 1484 1568 Achaeos
1517 1543 1565 1568 ac

166 1601 185 1630 8
212 1588 569 1629 Lacedaemonios
605 1588 792 1629 finituros
830 1603 935 1629 esse.
1001 1588 1208 1642 Lycortas
1245 1603 1296 1629 eX
1332 1589 1563 1643 praeceptis

210 1650 549 1704 Philopoemenis
569 1650 822 1705 postulabat,
848 1657 893 1690 ut
906 1650 1104 1699 Achaeis,
1131 1665 1182 1690 eX
1202 1650 1368 1691 foedere
1390 1665 1438 1691 ac
1462 1651 1565 1705 legi-

210 1713 287 1753 bus
311 1713 394 1753 suis
415 1727 519 1765 quae
540 1713 791 1761 decressent,
818 1728 941 1767 agere
966 1713 1120 1761 liceret,
1145 1713 1460 1766 libertatemque
1486 1713 1565 1753 sibi

167 1787 184 1815 ยง5
211 1775 436 1823 inlibatam,
458 1776 573 1816 cuius
594 1774 674 1830 ipsi
694 1782 880 1816 auctores
903 1781 1055 1823 essent,
1080 1781 1353 1829 praestarent.
1387 1789 1564 1829 magnae

211 1837 465 1877 auctoritatis
503 1837 612 1891 apud
642 1837 856 1878 Romanos
894 1843 981 1876 tuni
1017 1852 1120 1891 gens
1152 1837 1421 1877 Achaeorum
1458 1844 1563 1886 erat3

210 1898 353 1939 novari
378 1906 515 1939 tamen
547 1898 648 1938 nihil
674 1899 724 1939 de
750 1898 1082 1939 Lacedaemonis
1115 1898 1319 1952 placebat.
1382 1906 1564 1939 ceterum

209 1975 455 2014 responsum
481 1960 537 2001 ita
561 1960 804 2015 perplexum
828 1960 918 2008 fuit,
943 1967 990 2000 ut
1014 1966 1054 2000 et
1067 1959 1229 2000 Achaei
1255 1959 1333 2000 sibi
1359 1960 1408 2000 de
1429 1960 1565 2000 Lace-

147 2035 185 2064 10
211 2022 411 2062 daemone
452 2022 703 2077 permissum
745 2022 1000 2076 acciperent,
1044 2029 1084 2062 et
1120 2021 1445 2063 Lacedaemonii
1480 2037 1564 2063 non

211 2085 349 2125 omnia
374 2099 573 2126 concessa
596 2085 646 2125 iis
672 2084 1051 2139 interpretarentur.
1100 2084 1178 2125 hac
1202 2091 1408 2139 potestate
1433 2084 1564 2125 inmo-

210 2146 299 2186 dice
324 2147 486 2187 Achaei
512 2160 559 2187 ac
586 2146 762 2201 superbe
787 2146 852 2186 usi
878 2152 986 2186 sunt.

169 2222 181 2249 1
293 2207 523 2249 XXXHI.
559 2208 874 2262 Philopoemeni
894 2208 1155 2248 continuatur
1175 2207 1457 2262 magistratus.
1495 2207 1565 2260 qui

211 2271 318 2312 veris
344 2271 458 2312 initio
486 2272 669 2312 exercitu
694 2271 848 2311 indicto
873 2278 1010 2311 castra
1034 2271 1076 2311 in
1100 2270 1251 2311 finibus
1278 2270 1564 2311 Laccdaemo-

167 2345 184 2374 2
211 2333 371 2374 niorum
396 2333 547 2388 posuit,
573 2334 733 2388 legatos
749 2333 897 2373 deinde
917 2333 1030 2374 misit
1042 2333 1095 2373 ad
1115 2333 1402 2387 deposcendos
1423 2340 1565 2373 aucto-

210 2409 275 2434 res
291 2395 547 2443 defectionis,
573 2403 614 2436 et
628 2395 836 2435 civitatem
862 2394 902 2434 in
923 2410 1025 2449 pace
1045 2395 1238 2443 futuram,
1260 2395 1296 2434 si
1319 2394 1361 2434 id
1381 2395 1562 2443 fecisset,

169 2469 185 2498 3
212 2456 441 2509 pollicentis
468 2464 506 2497 ct
533 2457 624 2497 illos
651 2457 751 2496 nihil
778 2456 930 2497 indicta
956 2471 1081 2497 causa
1106 2471 1317 2510 passuros.
1356 2455 1561 2497 silentium

212 2531 310 2570 prae
335 2525 447 2557 metu
473 2526 703 2559 ceterorum
729 2518 825 2567 fuit3
853 2532 956 2571 quos
982 2518 1224 2559 nominatim
1250 2518 1561 2572 depoposcerat,

213 2576 290 2631 ipsi
325 2592 367 2618 se
396 2579 523 2620 ituros
555 2579 731 2634 professi
766 2586 878 2628 suut,
916 2580 996 2620 fide
1028 2587 1198 2633 accepta
1234 2594 1258 2619 a
1293 2578 1441 2632 legatis
1479 2576 1561 2616 vim
