1799 2900
482 93 634 126 LlssER
659 93 847 137 xxxvi,
874 92 1018 126 12-14.
1048 95 1095 136 [a.
1112 91 1151 126 e.
1168 92 1248 135 191]
1463 81 1544 122 231

193 199 263 254 qui
287 199 340 238 ab
365 196 495 237 Atilio
520 196 659 250 legato
688 195 985 250 Cephalleniae
1011 194 1274 250 praepositus
1300 194 1454 243 fuerat,
1481 207 1549 234 ac-

194 261 391 315 cepisset,
424 258 668 299 Leucadem
694 259 824 307 venit,
862 259 1130 313 implevitque
1163 257 1251 312 spei
1277 257 1432 306 socios,
1471 256 1547 296 M’.

194 322 378 363 Acilium
405 320 618 362 consulem
643 320 726 360 iam
753 334 846 360 cum
871 320 1106 375 legionibus
1133 335 1245 360 mare
1271 319 1484 360 traiecisse
1509 326 1551 359 et

194 384 236 424 in
269 383 490 423 Thessalia
522 390 657 422 castra
689 382 879 423 Romana
910 398 1015 423 esse.
1077 382 1186 422 hunc
1217 396 1423 423 rumorem
1456 380 1552 434 quia

197 446 373 487 similem
399 444 485 485 veri
515 453 679 499 tempus
707 445 803 484 anni
834 454 1041 485 maturum
1072 445 1154 484 iam
1186 444 1239 484 ad
1268 443 1550 497 navigandum

195 508 387 555 faciebat,
415 522 501 555 rex,
528 507 735 562 praesidio
756 507 954 548 Medione
976 507 1156 562 inposito
1177 514 1214 547 et
1241 506 1282 546 in
1303 505 1552 559 quibusdam

196 570 286 611 aliis
307 569 570 609 Acarnaniae
597 569 773 623 oppidis,
802 569 959 623 Thyrio
980 569 1183 610 abscessit
1208 576 1247 609 et
1272 583 1346 623 per
1360 567 1552 609 Aetoliae

197 647 244 673 ac
271 631 467 672 Phocidis
494 632 608 672 urbis
636 630 881 672 Chalcidem
906 632 1024 672 redit.

281 694 411 734 XIII.
452 694 541 734 Sub
566 693 677 734 idem
701 701 866 748 tempus
886 694 949 734 M.
965 693 1148 734 Baebius
1176 700 1216 733 et
1234 691 1455 746 Philippus
1481 706 1554 732 rex

197 757 279 797 iam
306 764 399 797 ante
430 771 504 810 per
529 755 707 796 hiemem
739 755 780 795 in
810 756 1052 796 Dassaretis
1085 755 1317 809 congressi,
1350 769 1443 794 cum
1469 754 1553 808 Ap.

200 818 435 867 Claudium,
462 826 507 857 ut
532 818 747 858 obsidione
773 818 969 858 Larisam
995 817 1206 865 eximeret,
1233 816 1274 857 in
1290 815 1554 857 Thessaliam

198 881 422 928 misissent,
451 880 546 933 quia
564 880 606 920 id
632 891 794 935 tempus
818 881 942 920 rebus
968 880 1160 934 gerendis
1182 880 1434 919 inmaturum
1454 886 1554 927 erat,

199 944 241 983 in
274 943 446 983 hiberna
476 943 675 996 regressi,
713 942 914 997 principio
947 942 1054 982 veris
1087 942 1315 982 coniunctis
1347 939 1476 994 copiis
1512 939 1556 979 in

1577 269 1617 299 ‘10

1581 395 1613 423 ll

1581 889 1599 918 [ὓ

200 1005 465 1046 Thessaliam
492 1005 808 1044 descenderunt.
869 1004 910 1043 in
936 1003 1175 1043 Acarnania
1207 1012 1292 1042 tum
1319 1001 1554 1042 Antiochus
1582 1012 1600 1040 :3

201 1075 299 1108 erat.
350 1067 617 1107 advenientes
638 1066 858 1120 Philippus
879 1065 1107 1106 Malloeam
1127 1065 1420 1113 Perrhaebiae,
1446 1065 1556 1105 Bae-

200 1130 292 1170 bius
329 1129 534 1169 Phacium
570 1136 633 1168 est
669 1128 916 1182 adgressus3
961 1141 1042 1180 quo
1079 1127 1211 1181 primo
1249 1141 1379 1181 prope
1416 1126 1558 1180 inpetu

201 1198 321 1245 capto
334 1191 563 1230 Phaestum
585 1189 730 1230 eadem
751 1189 959 1230 celeritate
975 1188 1096 1243 capit.
1134 1189 1229 1229 inde
1243 1189 1442 1228 Atracem
1463 1203 1556 1228 cum

201 1268 244 1292 se
270 1252 512 1306 recepisset,
553 1250 745 1305 Cpefias
779 1251 874 1291 hinc
900 1259 939 1292 et,
963 1251 1143 1292 Eritium
1169 1258 1363 1305 occupat,
1400 1250 1558 1304 praesi-

201 1314 361 1367 diisque
388 1329 460 1368 per
485 1323 652 1368 recepta
677 1314 830 1369 oppida
856 1314 1069 1369 dispositis
1095 1313 1291 1368 Philippo
1317 1327 1458 1353 rursus
1486 1312 1559 1353 ob-

201 1376 591 1417 sidentiBIalloeam
614 1391 657 1417 se
679 1376 906 1430 coniungit.
946 1377 1023 1416 sub
1048 1375 1228 1416 adventu
1243 1374 1421 1416 Romani
1442 1389 1559 1415 exer-

202 1438 320 1487 eitus,
348 1453 421 1478 seu
447 1438 499 1478 ad
525 1446 678 1479 metum
699 1438 847 1478 virium
875 1453 948 1478 seu
972 1438 1026 1478 ad
1052 1453 1168 1492 spem
1189 1437 1346 1484 veniae,
1374 1451 1466 1476 eum
1489 1436 1559 1477 de-

203 1500 403 1541 didissent
431 1515 542 1548 sese,
575 1500 627 1540 ad
653 1515 700 1540 ea
726 1500 963 1554 recipienda
988 1500 1141 1554 oppida
1167 1514 1271 1552 quae
1297 1498 1559 1538 Athamanes

204 1570 507 1616 occupaverant
532 1576 613 1601 uno
641 1561 805 1616 agmine
830 1563 979 1602 ierunt.
1019 1569 1133 1602 erant
1160 1568 1298 1601 autem
1325 1560 1446 1600 haec:
1473 1561 1559 1600 Ae-

204 1624 381 1678 ginium,
419 1623 669 1671 Ericinium,
704 1623 905 1678 Gomphi,
941 1623 1102 1671 Silana,
1136 1623 1303 1671 Tricca,
1334 1622 1559 1667 BIeliboea,

204 1685 411 1725 Phaloria.
450 1685 544 1725 inde
559 1685 831 1734 Pellinaeum,
853 1685 923 1725 ubi
941 1685 1161 1739 Philippus
1176 1684 1558 1738 BIegalopolitanus

206 1762 297 1787 cum
319 1747 554 1801 quingentis
577 1747 784 1802 peditibus
800 1755 840 1787 et
861 1747 1066 1800 equitibus
1088 1747 1360 1801 quadraginta
1381 1747 1422 1785 in
1443 1760 1561 1800 prae-

206 1809 309 1849 sidio
337 1818 441 1857 erat,
469 1809 766 1849 circumsidunt
791 1818 843 1857 et,
870 1809 1111 1864 priusquam
1138 1809 1440 1862 obpugnarent,
1467 1808 1561 1847 mit-

206 1879 296 1911 tunt
323 1871 374 1911 ad
387 1871 631 1926 Philippum
651 1872 719 1924 qui
746 1881 973 1921 monerent,
1000 1886 1051 1912 ne
1073 1871 1155 1911 vim
1174 1871 1362 1911 ultimam
1384 1870 1560 1924 experiri

207 1933 341 1973 vellet.
391 1934 541 1985 quibus
568 1933 635 1973 ille
662 1933 761 1973 satis
789 1933 980 1974 ferociter
1004 1932 1236 1987 respondit,
1268 1932 1334 1972 vel
1360 1931 1560 1972 Romanis

207 1995 272 2035 vel
287 1995 504 2036 Thessalis
531 2010 575 2036 se
597 1995 849 2036 crediturum
871 1995 1013 2043 fuisse,
1040 1995 1081 2034 in
1101 1994 1284 2048 Philippi
1311 2009 1354 2034 se
1379 2001 1562 2048 potesta-

208 2065 290 2097 tem
316 2057 635 2098 commissurum
661 2073 743 2098 non
770 2072 875 2098 esse.
908 2066 1129 2111 postquam
1156 2056 1346 2111 adparuit
1371 2056 1410 2095 vi
1436 2070 1562 2109 agen-

208 2119 318 2167 dum,
346 2119 442 2171 quia
467 2119 684 2160 videbatur
709 2128 747 2160 et
774 2119 1026 2159 Limnaeum
1053 2119 1198 2159 eodem
1225 2126 1410 2171 tempore
1431 2118 1563 2172 obpu-

208 2180 325 2234 gnari
356 2196 501 2234 posse,
539 2197 681 2235 regem
713 2182 765 2221 ad
796 2181 1047 2221 Limnaeum
1078 2180 1135 2221 ire
1167 2180 1340 2235 placuit,
1378 2178 1562 2220 Baebius

208 2242 357 2282 restitit
383 2243 435 2281 ad
458 2243 718 2283 Pellinaeum
745 2243 1086 2297 obpugnandum.

294 2303 449 2344 XIIII.
485 2304 568 2344 Per
593 2320 663 2344 eos
691 2305 795 2344 forte
823 2305 909 2344 dies
925 2304 1000 2344 M'.
1016 2304 1177 2344 Acilius
1204 2302 1350 2344 consul
1379 2316 1472 2342 cum
1493 2302 1563 2342 de-

211 2380 299 2405 cern
320 2365 483 2405 milibus
504 2366 703 2420 peditum,
730 2367 890 2406 duobus
912 2366 1076 2406 milibus
1103 2366 1300 2418 equitum,
1328 2364 1562 2417 quindecim

210 2426 439 2481 elephantis
466 2428 568 2467 mari
599 2429 768 2468 traiecto
794 2428 998 2482 pedestris
1025 2428 1164 2482 copias
1191 2427 1387 2468 Larisam
1415 2427 1563 2467 ducere

211 2490 396 2529 tribunos
423 2489 597 2529 militum
621 2490 758 2537 iussit,
791 2491 879 2544 ipse
906 2504 998 2529 eum
1025 2490 1209 2542 equitatu
1235 2489 1486 2529 Limnaeum
1512 2488 1561 2528 ad

212 2551 450 2605 Philippum
472 2552 596 2592 venit.
629 2553 809 2592 adventu
830 2551 1009 2592 consulis
1025 2551 1177 2592 deditio
1193 2551 1282 2592 sine
1302 2550 1561 2591 cunctatione
1589 2562 1607 2592 2
