1799 2900
424 93 575 128 LIBER
599 94 846 139 XXXVIIII,
871 94 925 128 53.
945 93 999 128 54.
1028 96 1076 137 [a.
1093 92 1130 128 C.
1145 90 1228 132 183]
1419 83 1498 124 421

148 198 256 239 latus
277 212 399 252 agros
420 211 574 245 eorum,
601 196 642 236 in
664 196 914 238 deditionem
934 197 1104 252 accepit.
1165 195 1308 236 relicto
1327 195 1422 235 inde
1449 194 1502 234 ad

132 258 458 314 'Philippopolin
477 258 704 312 praesidio,
727 259 837 311 quod
857 259 968 298 haud
986 258 1115 299 multo
1135 266 1230 313 post
1251 258 1301 298 ab
1322 255 1502 310 Odrysis

149 321 368 376 expulsum
395 328 475 369 est,
509 320 706 375 oppidum
736 321 778 360 in
801 320 1015 375 Deuriopo
1041 321 1217 361 condere
1248 319 1424 359 instituit
1448 342 1504 347 ——

148 383 358 423 Paeoniae
385 397 434 422 ea
463 383 578 436 regio
610 391 673 422 est
697 406 770 431 —,
802 398 930 437 prope
956 384 1188 437 Erigonum
1213 381 1400 430 fluvium,
1434 379 1503 433 qui

150 459 200 485 ex
225 444 392 498 Illyrico
412 459 484 498 per
508 444 735 485 Paeoniam
761 445 892 485 fluens
919 445 960 484 in
985 445 1143 485 Axium
1170 459 1332 485 amnem
1358 443 1504 491 editur,

149 506 259 546 haud
284 506 427 561 procul
456 505 611 555 Stobis,
638 514 776 547 vetere
801 507 921 555 urbe3
948 522 1098 547 novam
1125 507 1269 546 urbem
1289 505 1506 553 Perseida,

150 576 196 608 ut
220 568 253 608 is
276 568 359 608 filio
380 568 524 609 maiori
549 568 770 609 haberetur
795 568 940 617 honos,
968 568 1165 624 adpellari
1191 567 1324 608 iussit.

235 631 384 670 LIHI.
434 631 549 670 Dum
581 630 684 671 haec
715 631 757 671 in
781 630 1033 671 Macedonia
1057 639 1274 685 geruntur,
1313 629 1503 670 consules

149 691 191 731 in
215 692 450 746 provincias
483 692 670 746 profecti.
730 692 956 733 Marcellus
988 693 1177 732 nuntium
1210 691 1423 746 praemisit
1454 690 1506 730 ad

151 754 204 793 L.
219 754 415 793 Porcium
436 754 738 808 proconsulem,
764 762 809 793 ut
828 754 880 793 ad
901 769 1054 795 novum
1071 753 1286 794 Gallorum
1307 753 1506 807 oppidum

150 815 335 868 legiones
362 815 613 856 admoveret.
674 815 908 855 advenienti
944 815 1102 856 consuli
1130 814 1240 869 Galli
1274 829 1365 855 sese
1392 813 1506 853 dedi-

151 877 311 916 derunt.
373 877 590 917 duodecim
616 877 729 917 milia
753 886 1005 918 armatorum
1031 886 1160 926 erant,
1186 877 1371 931 plerique
1392 891 1507 916 arma

151 953 203 978 ex
222 938 332 992 agris
353 946 471 993 rapta
496 939 722 988 habebant3
749 954 797 980 ea
819 954 940 994 aegre
960 939 1211 994 patientibus
1237 939 1286 979 iis
1312 938 1506 992 adempta

152 1014 337 1053 quaeque
370 1001 450 1041 alia
481 1008 548 1041 aut
581 1001 826 1055 populantes
860 1016 986 1055 agros
1008 1008 1229 1056 rapuerant
1263 1008 1331 1040 aut
1365 1013 1506 1040 secum

151 1063 398 1104 adtulerant.
438 1064 488 1104 de
514 1063 577 1104 his
603 1064 728 1104 rebus
753 1064 822 1117 qui
848 1072 1115 1116 quererentur
1140 1064 1301 1117 legatos
1327 1063 1506 1103 Romam

151 1125 365 1165 miserunt,
425 1125 647 1165 introducti
684 1125 725 1164 111
758 1134 948 1165 senatum
980 1141 1003 1165 a
1035 1124 1084 1165 C.
1117 1124 1286 1167 Valerio
1317 1132 1507 1178 praetore

152 1193 450 1240 exposuerunt,
489 1201 533 1227 se
571 1194 791 1240 superante
828 1187 870 1226 111
902 1186 1039 1227 Gallia
1070 1185 1332 1226 multitudine
1368 1184 1509 1240 inopia

152 1255 318 1289 coactos
358 1248 445 1302 agri
483 1255 523 1288 et
560 1256 745 1302 egestate
783 1249 836 1288 ad
878 1248 1157 1302 quaerendam
1195 1247 1337 1288 sedem
1374 1247 1507 1301 Alpes

154 1318 457 1364 transgressos,
497 1325 601 1363 quae
638 1311 793 1351 inculta
829 1326 902 1366 per
934 1310 1176 1351 solitudines
1209 1310 1414 1357 viderent,
1452 1309 1509 1349 ibi

154 1372 241 1413 sine
268 1372 390 1412 ullius
416 1372 563 1412 iniuria
589 1373 848 1413 consedisse:
875 1373 1074 1427 oppidum
1100 1386 1264 1426 quoque
1291 1372 1508 1412 aedificare

154 1434 360 1489 coepisse,
386 1434 496 1487 quod
520 1434 719 1474 indicium
745 1442 858 1475 esset
882 1449 958 1475 nec
984 1449 1084 1489 agro
1110 1449 1186 1475 nec
1212 1433 1302 1474 urbi
1328 1433 1400 1473 ulli
1426 1433 1510 1473 vim

155 1496 364 1536 adlaturos
402 1496 579 1536 venisse.
639 1511 770 1550 nuper
801 1496 863 1536 M.
898 1494 1121 1537 Claudium
1158 1496 1210 1536 ad
1243 1510 1287 1535 se
1320 1495 1510 1535 nuntium

155 1557 332 1606 misisse,
359 1557 512 1597 bellum
540 1571 584 1597 se
610 1571 703 1597 cum
728 1557 791 1606 iis,
818 1557 859 1597 ni
885 1557 1145 1606 dederentur,
1173 1566 1399 1611 gesturum.
1464 1571 1508 1596 se

155 1627 329 1667 certam,
374 1619 451 1659 etsi
487 1634 571 1659 non
608 1619 840 1674 speciosam
876 1633 1022 1674 pacem
1059 1633 1183 1672 quam
1219 1619 1377 1659 incerta
1412 1618 1510 1658 belli

155 1688 446 1735 praeoptantes
481 1681 689 1721 dedidisse
722 1696 766 1722 se
799 1682 911 1736 prius
943 1681 984 1720 in
1016 1681 1140 1721 fidem
1172 1695 1297 1733 quam
1327 1680 1369 1720 in
1394 1687 1511 1734 pote-

157 1750 305 1783 statem
337 1743 478 1797 populi
503 1743 695 1784 Romani.
755 1751 849 1798 post
881 1757 1034 1797 paucos
1062 1743 1149 1783 dies
1181 1742 1317 1783 iussos
1345 1748 1385 1782 et
1409 1742 1509 1781 urbe

156 1813 197 1845 et
221 1819 321 1858 agro
341 1805 540 1846 decedere
561 1820 652 1846 sese
678 1805 823 1845 tacitos
845 1804 971 1853 abire,
999 1818 1079 1857 quo
1100 1812 1300 1844 terrarum
1324 1810 1512 1858 possent,

156 1866 198 1906 in
223 1867 358 1907 animo
384 1867 593 1908 habuisse.
643 1882 757 1907 arma
782 1867 930 1908 deinde
963 1867 1041 1907 sibi
1066 1874 1106 1907 et
1136 1875 1345 1921 postremo
1372 1866 1511 1906 onmia

157 1928 237 1969 alia
261 1944 366 1982 quae
391 1929 544 1969 ferrent
572 1938 823 1983 agerentque
850 1929 1056 1983 adempta.
1106 1943 1223 1969 orare
1251 1943 1295 1968 se
1322 1936 1510 1968 senatum

157 1991 438 2046 populumque
469 1992 726 2039 Romanum,
764 2006 815 2032 ne
841 1991 883 2030 in
911 2006 954 2031 se
985 1991 1176 2031 innoxios
1205 1990 1365 2030 deditos
1399 2004 1512 2030 acer-

160 2053 249 2093 bius
276 2067 400 2105 quam
424 2053 466 2093 in
492 2053 632 2093 hostes
660 2053 878 2093 saevirent.
940 2052 1035 2092 1111ῐο
1061 2051 1235 2092 orationi
1262 2059 1428 2092 senatus
1455 2051 1512 2091 ita

158 2115 400 2168 responderi
424 2115 564 2155 iussit:
591 2129 723 2167 neque
743 2114 835 2155 illos
856 2114 1006 2154 fecisse
1028 2123 1152 2161 recte,
1180 2128 1273 2153 cum
1293 2113 1334 2152 in
1349 2112 1512 2152 Italiam

159 2176 346 2217 venerint
371 2176 649 2230 oppidumque
676 2177 716 2216 in
743 2176 877 2216 alieno
902 2191 1016 2229 agro,
1043 2175 1195 2215 nullius
1222 2174 1400 2215 Romani
1426 2189 1513 2214 rna-

159 2238 371 2292 gistratus,
400 2238 469 2291 qui
494 2238 530 2278 ei
550 2237 786 2292 provinciae
813 2246 1037 2292 praeesset,
1064 2237 1270 2292 permissu
1296 2236 1512 2277 aedificare

161 2300 295 2340 conati
317 2300 410 2348 sint,
436 2315 570 2352 neque
599 2299 759 2340 senatui
779 2300 943 2353 placere
965 2299 1125 2339 deditos
1148 2298 1328 2353 spoliari.
1372 2298 1511 2350 itaque

161 2377 204 2403 se
231 2377 323 2402 cum
350 2362 399 2402 iis
425 2362 585 2417 legatos
613 2362 664 2402 ad
690 2362 902 2401 consulem
928 2361 1147 2409 missuros,
1174 2360 1256 2413 qui,
1283 2360 1316 2400 si
1342 2360 1514 2400 redeant

159 2424 268 2464 unde
295 2424 500 2472 venerint,
534 2423 673 2464 omnia
703 2423 752 2463 iis
786 2438 861 2463 sua
893 2423 1011 2463 reddi
1041 2422 1210 2462 iubeant
1235 2422 1386 2475 quique
1417 2437 1512 2476 pro-

160 2485 268 2526 tinus
307 2493 403 2525 eant
445 2494 556 2526 trans
593 2485 725 2539 Alpes
764 2493 804 2524 et
840 2484 1081 2525 denuntient
1119 2483 1290 2525 Gallicis
1333 2483 1510 2538 populis,

160 2549 465 2590 multitudinem
486 2563 603 2589 suam
625 2547 733 2588 domi
757 2547 1005 2588 contineant.
1039 2547 1170 2601 Alpes
1196 2561 1324 2601 prope
1345 2547 1513 2587 inexsu-

1530 208 1568 237 14

1533 395 1571 423 15

1532 517 1571 546 16

1531 703 1549 732 10

1531 826 1550 854 ἰῶ

1539 2061 1579 2091 10

1540 2311 1576 2340 11

1541 2558 1578 2588 12
