1799 2900
180 385 195 413 *ἱ

181 880 197 907 9

162 940 200 968 10

162 1064 198 1093 11

186 1559 204 1587 [ὗ

189 2180 207 2208 5

191 2302 208 2332 6

194 2426 209 2454 7

221 132 304 173 322
505 136 659 172 LIBER
683 136 907 178 xxxvln,
932 137 964 170 s.
984 136 1015 170 9.
1043 138 1090 180 [a.
1107 148 1139 170 u.
1157 147 1186 170 ο.
1211 136 1294 179 565]

222 242 427 285 mandatis
461 240 588 295 legati
619 239 736 280 missi
767 254 883 279 orare
914 238 1146 287 consulem,
1184 246 1229 279 ut
1260 248 1446 294 parceret
1477 239 1581 287 urbi,

222 307 483 347 misereretur
508 302 644 356 gentis
670 301 879 355 quondam
909 301 1063 350 sociae,
1101 302 1210 342 nolle
1243 301 1378 342 dicere
1410 302 1581 351 iniuriis,

223 366 397 408 miseriis
436 373 545 405 certe
583 372 750 403 coactae
786 361 980 403 insanire.
1046 377 1129 404 non
1160 363 1253 418 plus
1284 363 1382 404 mali
1413 363 1582 404 meritos
1638 394 1639 397 ¹

222 428 398 470 Aetolos
426 425 625 466 Antiochi
662 425 770 465 bello
803 440 926 478 quam
962 425 1059 466 boni
1098 434 1211 474 ante,
1250 440 1344 466 cum
1382 426 1581 466 adversus

223 490 465 544 Philippum
492 488 690 528 bellatum
718 486 789 535 sit,
827 487 990 527 fecisse.
1052 501 1128 528 nec
1154 494 1241 527 tum
1267 487 1380 542 large
1407 487 1581 541 gratiam

223 552 395 592 relatam
422 550 519 597 sibi,
558 563 635 590 nec
660 562 771 588 nunc
796 548 1000 590 inmodice
1031 564 1208 603 poenam
1233 549 1392 603 iniungi
1419 549 1581 589 debere.

224 616 276 655 ad
301 629 350 655 ea
376 613 520 655 consul
545 612 758 667 respondit
789 612 922 666 magis
957 627 1080 666 saepe
1113 626 1236 665 quam
1267 627 1363 653 vere
1388 627 1584 665 umquam

224 677 399 718 Aetolos
426 689 571 731 pacem
596 684 756 730 petere:
788 674 1046 714 imitarentur
1059 674 1315 715 Antiochum
1341 674 1382 714 in
1406 674 1586 728 petenda

223 754 344 795 paee,
383 753 504 791 quem
543 738 586 777 in
624 737 778 778 bellum
815 736 1052 777 traxissent.
1113 751 1195 776 non
1232 735 1376 790 paucis
1413 736 1584 776 urbibus

225 818 338 849 eum,
377 802 428 841 de
464 815 637 854 quarum
672 799 863 840 libertate
894 806 1096 839 certatum
1129 798 1202 847 sit,
1240 798 1314 838 sed
1346 798 1457 838 omni
1481 797 1588 838 Asia

225 864 282 904 cis
310 864 496 903 Taurum
521 870 722 911 montem,
760 861 899 916 opimo
924 875 1071 915 regno,
1105 859 1350 900 excessisse.
1410 859 1586 900 Aetolos

227 925 305 965 nisi
337 925 516 965 inermes
550 924 600 964 (10
631 937 734 978 pace
766 931 938 977 agentes
969 937 1052 963 non
1089 921 1325 962 auditurum
1357 935 1414 961 se.
1475 935 1589 961 arma

226 988 306 1028 illis
338 987 452 1042 1111113
486 1001 697 1040 equosque
732 985 864 1026 omnis
898 984 1121 1024 tradendos
1153 998 1265 1032 esse,
1304 983 1452 1023 deinde
1478 982 1589 1023 mille

228 1050 428 1090 talentum
454 1048 613 1103 argenti
639 1048 792 1103 populo
818 1047 1010 1088 Romano
1036 1046 1231 1094 dandum,
1258 1045 1374 1085 cuius
1402 1059 1588 1085 summae

228 1111 442 1151 dimidium
474 1125 673 1165 praesens
704 1118 960 1157 numeretur,
1000 1108 1035 1149 si
1059 1123 1206 1163 pacem
1237 1107 1390 1148 habere
1422 1106 1587 1147 vellent.

229 1175 281 1215 ad
307 1189 355 1214 ea
382 1173 637 1214 adiecturum
664 1172 787 1212 etiam
820 1172 861 1211 in
894 1171 1041 1211 foedus
1070 1186 1181 1219 esse,
1219 1178 1264 1210 ut
1290 1169 1459 1211 eosdem
1485 1183 1588 1221 (11103

228 1235 406 1290 populus
432 1235 648 1275 Romanus
675 1233 830 1273 amicos
857 1241 978 1285 atque
1004 1231 1136 1272 hostis
1162 1231 1355 1272 habeant.

313 1297 461 1339 VHH.
515 1296 735 1335 Adversus
763 1309 867 1347 quae
887 1294 1032 1348 legati,
1060 1301 1099 1334 et
1120 1293 1215 1345 quia
1240 1293 1384 1347 gravia
1409 1299 1525 1332 erant
1550 1299 1589 1331 01

230 1358 326 1412 quia
364 1372 532 1398 suorum
571 1358 729 1397 animos
766 1355 989 1396 indomitos
1033 1369 1081 1395 ae
1116 1355 1336 1395 mutabiles
1375 1360 1588 1401 noverant,

228 1421 341 1461 nullo
367 1420 527 1460 reddito
553 1434 754 1473 responso
781 1418 949 1458 domum
968 1417 1150 1471 regressi
1171 1424 1284 1465 sunt,
1310 1424 1355 1456 ut
1380 1416 1504 1456 etiam
1530 1424 1589 1455 at-

231 1497 309 1535 que
335 1482 477 1530 ctiam,
515 1481 615 1533 quid
641 1480 849 1535 agendum
877 1486 1005 1528 esset,
1037 1493 1081 1519 re
1106 1478 1268 1532 integra
1292 1486 1524 1532 praetorem
1551 1485 1590 1517 01

230 1543 437 1599 principes
469 1542 745 1583 consulerent.
806 1541 985 1581 clamore
1017 1548 1058 1581 et
1088 1540 1221 1593 iurgio
1248 1539 1429 1593 excepti,
1468 1553 1592 1591 quam

231 1605 300 1645 diu
335 1620 423 1645 rem
459 1604 688 1652 traherent,
727 1603 1070 1656 qualemcumque
1107 1615 1253 1656 pacem
1288 1601 1442 1641 referre
1476 1600 1590 1649 iussi,

230 1681 325 1707 cum
350 1666 531 1707 redirent
544 1665 829 1713 Ambraciam,
855 1665 1127 1704 Acarnanum
1152 1663 1312 1703 insidiis
1334 1677 1462 1717 prope
1483 1661 1593 1702 viam

230 1728 395 1783 positis,
434 1742 527 1768 cum
565 1728 712 1781 quibus
749 1727 904 1767 bellum
941 1734 1046 1774 erat,
1091 1724 1360 1766 circumventi
1390 1723 1594 1778 Thyrium

232 1789 493 1831 custodiendi
519 1789 790 1830 deducuntur.
841 1788 944 1829 haec
966 1803 1082 1828 mora
1106 1787 1256 1828 iniecta
1281 1794 1344 1827 cst
1368 1786 1473 1840 paci,
1501 1800 1594 1825 011111

231 1853 313 1893 iam
343 1852 667 1893 Atheniensium
697 1851 1039 1903 Rhodiorumque
1076 1850 1220 1904 legati,
1260 1849 1328 1902 qui
1365 1850 1418 1889 ad
1449 1849 1595 1903 depre-

233 1915 411 1955 candum
435 1930 510 1969 pro
535 1915 585 1955 iis
611 1922 829 1963 venerant,
868 1913 978 1968 apud
1009 1912 1221 1953 consulem
1248 1920 1400 1952 essent.
1460 1911 1593 1964 Ainy-

231 1977 389 2017 nander
421 1991 585 2030 quoque
615 1976 905 2017 Athamanum
934 1990 1008 2015 rex
1039 1974 1119 2014 fide
1152 1981 1323 2027 accepta
1353 1982 1521 2013 venerat
1551 1972 1593 2012 in

232 2049 366 2080 castra
392 2039 603 2088 Romana,
635 2038 770 2092 magis
795 2052 870 2092 pro
895 2036 1122 2077 Ambracia
1146 2037 1268 2083 urbe,
1300 2035 1370 2074 ubi
1395 2035 1593 2075 maiorem

231 2109 391 2156 partem
417 2101 614 2156 temporis
641 2101 924 2148 exsulaverat,
951 2113 1075 2152 quam
1100 2113 1174 2153 pro
1189 2097 1352 2138 Aetolis
1381 2096 1592 2137 sollicitus.

231 2179 305 2218 per
337 2164 412 2205 hos
445 2164 593 2205 certior
624 2163 759 2204 factus
792 2162 936 2203 consul
968 2161 1018 2202 de
1050 2175 1149 2201 casu
1180 2160 1411 2214 legatorum
1444 2157 1592 2199 adduci

234 2241 304 2266 eos
330 2241 355 2266 a
373 2226 532 2279 Thyrio
557 2225 691 2266 iussit.
741 2239 914 2278 quorum
939 2231 1035 2277 post
1059 2222 1283 2263 adventum
1309 2221 1377 2276 agi
1403 2227 1595 2275 coeptum

235 2296 298 2328 est
323 2288 373 2328 de
399 2303 515 2343 pace.
573 2287 870 2345 Amynander,
903 2285 1014 2338 quod
1040 2285 1102 2325 sui
1128 2284 1307 2324 maxime
1333 2282 1469 2338 operis
1495 2289 1594 2330 erat,

235 2349 395 2404 inpigre
432 2351 602 2405 agebat,
645 2358 691 2390 ut
726 2348 1053 2389 Ambracienses
1092 2346 1358 2401 compelleret
1394 2345 1446 2384 ad
1482 2343 1596 2384 dedi-

237 2412 403 2453 tionem.
462 2413 506 2453 id
532 2427 623 2453 cum
654 2427 728 2467 per
753 2410 971 2464 conloquia
996 2408 1228 2464 principum
1255 2407 1482 2449 succedens
1506 2420 1595 2446 mu-

236 2489 326 2513 rum
362 2489 509 2527 parum
545 2475 782 2529 proficeret,
825 2480 1037 2528 postremo
1076 2470 1257 2511 consulis
1294 2468 1499 2524 permissu
1534 2467 1596 2507 in-

237 2549 406 2587 gressus
432 2536 576 2576 urbem
601 2535 753 2590 partim
777 2534 967 2582 consilio,
994 2533 1143 2588 partim
1168 2531 1359 2586 precibus
1386 2529 1525 2577 evicit,
1551 2534 1594 2567 ut

195 2607 213 2637 8
239 2596 519 2651 permitterent
547 2612 590 2638 se
612 2597 826 2639 Romanis.
877 2603 915 2636 et
938 2596 1111 2636 Aetolos
1133 2594 1183 2635 C.
1205 2593 1397 2636 Valerius
1418 2588 1594 2631 Laevini
