1799 2900
235 145 318 187 262
530 151 680 185 LIBER
706 151 908 195 XXXVH,
934 152 965 185 4.
986 151 1016 185 3.
1047 154 1143 195 [a.u.
1160 163 1187 186 ο.
1203 151 1285 195 564]

189 274 208 303 5
235 256 425 298 subisset.
489 262 529 295 et
554 254 606 294 L.
627 254 842 295 Acmelius
868 254 1070 308 Regillus,
1098 254 1162 294 cui
1186 254 1344 295 navalis
1370 255 1582 309 provincia

187 580 204 607 6

187 759 201 787 7

184 946 203 973 8

185 1067 202 1095 9

165 1190 204 1219 10

183 1682 200 1710 10

234 323 444 363 evenerat,
472 315 618 356 eodem
643 323 826 370 tempore
852 316 1064 370 profectus
1091 323 1165 357 est.
1216 317 1268 356 L.
1296 317 1581 358 Aurunculeio

233 378 445 431 negotium
470 377 522 417 ab
549 385 694 417 senatu
720 377 862 417 datum
887 384 962 425 cst,
988 385 1032 417 ut
1058 378 1224 431 triginta
1250 377 1580 430 quinqueremes,

233 439 377 493 viginti
404 439 590 479 triremes
617 439 790 487 faceret,
824 440 920 492 quia
946 440 1057 480 fama
1083 448 1181 487 erat,
1207 440 1464 480 Antiochum
1487 448 1582 495 post

232 501 432 555 proelium
457 501 603 541 navale
629 500 829 541 maiorem
855 501 1032 542 classem
1059 501 1266 554 aliquanto
1292 517 1495 557 reparare.

315 562 475 611 Aetoli,
502 570 724 616 postquam
749 562 877 616 legati
903 563 955 603 ab
981 563 1118 604 Roma
1142 564 1399 613 rettulerunt,
1426 565 1581 605 nullam

232 638 348 678 spem
374 623 489 678 pacis
520 639 634 672 esse,
661 638 910 676 quamquam
937 625 1070 665 omnis
1096 640 1168 665 ora
1194 626 1400 666 maritima
1425 641 1580 675 eorum,

232 699 336 737 quae
361 684 404 724 in
428 685 766 739 Peloponnesum
792 700 913 726 versa
938 694 1019 733 est,
1046 685 1296 740 depopulata
1320 688 1372 727 ab
1399 688 1579 729 Achaeis

231 753 337 795 erat,
374 745 546 800 periculi
576 747 710 801 magis
736 762 860 800 quam
886 748 1025 787 damni
1056 762 1279 797 memores,
1311 756 1357 788 ut
1380 749 1580 791 Romanis

227 808 662 857 intercluderentiter,
703 808 907 849 Coracem
937 818 1242 863 occupaverunt
1275 818 1474 859 montem3
1511 826 1582 852 nc-

229 883 308 922 que
345 870 454 910 enim
491 870 737 911 dubitabant
778 871 831 911 ad
873 870 1226 925 obpugnationem
1261 872 1467 926 Naupacti
1510 887 1581 913 eos

229 930 429 985 principio
455 931 563 972 veris
593 932 798 973 redituros
833 947 938 972 esse.
999 932 1157 981 Acilio,
1185 932 1280 985 quia
1306 933 1348 973 id
1374 933 1583 988 expectari

230 992 404 1041 sciebat,
437 993 564 1033 satius
590 993 726 1033 visum
753 1000 815 1034 est
839 994 1095 1048 inopinatam
1124 994 1295 1048 adgredi
1319 1009 1406 1035 rem
1432 1002 1473 1035 et
1497 996 1582 1035 La-

231 1054 353 1094 miam
379 1055 637 1109 obpugnare:
669 1071 766 1096 nam
792 1063 833 1096 ct
863 1071 887 1096 a
910 1055 1106 1110 Philippo
1136 1071 1266 1110 prope
1293 1056 1344 1096 ad
1376 1057 1582 1097 excidium

229 1116 428 1157 adductos
462 1132 553 1157 esse
579 1125 620 1157 et
649 1124 747 1157 tunc
773 1132 821 1158 co
858 1117 968 1172 ipso,
1006 1117 1115 1170 quod
1140 1118 1241 1158 nihil
1271 1118 1352 1159 tale
1379 1118 1581 1165 timerent,

229 1177 404 1231 obprimi
435 1178 622 1218 incautos
649 1194 786 1233 posse.
846 1179 1057 1233 profectus
1088 1180 1139 1219 ab
1165 1180 1303 1220 Elatia
1332 1180 1509 1233 primum
1539 1180 1581 1219 in

229 1239 409 1279 hostium
432 1246 539 1280 terra
561 1240 668 1280 circa
685 1239 942 1294 Spercheum
963 1256 1124 1280 amnem
1150 1241 1286 1295 posuit
1308 1252 1459 1290 castra3
1486 1242 1580 1281 inde

229 1308 349 1340 noete
385 1301 508 1341 motis
547 1301 697 1355 signis,
735 1302 868 1356 prima
904 1301 995 1342 luce
1028 1316 1179 1342 corona
1214 1303 1377 1343 moenia
1408 1311 1471 1343 est
1509 1303 1581 1343 ad-

228 1377 412 1416 gressus.

312 1425 365 1466 V.
414 1424 598 1478 BIagnus
631 1440 759 1479 pavor
790 1439 838 1464 ac
868 1425 1088 1474 tumultus,
1126 1432 1171 1465 ut
1208 1425 1249 1465 in
1280 1440 1323 1466 rc
1355 1425 1578 1479 inprovisa,

229 1485 318 1525 fuit.
380 1486 634 1526 constantius
660 1494 800 1526 tamen
826 1500 949 1538 quam
976 1486 1069 1538 quis
1095 1487 1276 1527 facturos
1304 1487 1505 1535 crederet,
1537 1488 1580 1526 in

229 1554 313 1585 tam
340 1547 475 1587 subito
500 1547 695 1601 periculo,
723 1561 817 1587 cum
843 1547 918 1587 viri
944 1556 1267 1602 propugnarent,
1294 1548 1472 1588 feminae
1497 1549 1580 1589 tela

229 1607 362 1647 omnis
389 1608 552 1661 generis
587 1623 770 1661 saxaque
802 1608 843 1648 in
868 1624 1008 1649 muros
1040 1618 1249 1662 gererent,
1286 1609 1369 1649 iam
1399 1609 1580 1649 multifa-

227 1668 331 1708 riam
357 1669 479 1709 scalis
507 1669 706 1724 adpositis
732 1671 877 1711 urbem
903 1685 951 1711 co
978 1670 1043 1711 die
1072 1671 1358 1711 defenderunt.
1417 1671 1579 1712 Acilius

228 1730 347 1784 signo
379 1732 563 1785 receptui
595 1732 690 1772 dato
723 1747 821 1772 suos
853 1732 895 1771 in
927 1740 1062 1773 castra
1092 1733 1229 1773 medio
1261 1734 1390 1773 ferme
1421 1733 1486 1773 die
1516 1748 1578 1773 re-

227 1792 361 1841 duxit3
400 1801 439 1833 et
471 1801 568 1833 tunc
599 1794 690 1834 cibo
717 1800 756 1834 et
787 1793 923 1847 quiete
953 1794 1118 1834 refectis
1145 1795 1407 1850 corporibus,
1445 1795 1579 1849 prius-

227 1868 350 1906 quam
381 1855 633 1908 praetorium
664 1855 906 1903 dimitteret,
944 1856 1221 1904 denuntiavit,
1255 1864 1300 1896 ut
1327 1863 1420 1896 ante
1445 1856 1578 1896 lucem

227 1915 372 1956 armati
402 1917 616 1970 paratique
648 1925 806 1957 essent:
845 1917 924 1957 nisi
956 1926 1194 1972 expugnata
1225 1918 1326 1958 urbe
1360 1933 1403 1957 se
1434 1932 1505 1958 eos
1537 1917 1578 1957 in

227 1984 362 2017 castra
387 1992 469 2018 non
493 1978 771 2019 reducturum.
806 1978 951 2019 eodem
978 1986 1161 2033 tempore
1184 1993 1264 2031 quo
1284 1979 1427 2033 pridie,
1453 1978 1579 2032 pluri-

225 2039 303 2079 bus
329 2039 429 2080 locis
456 2040 700 2094 adgressus,
733 2054 826 2081 cum
852 2041 1082 2094 oppidanos
1107 2041 1189 2080 iam
1216 2040 1343 2089 vires,
1374 2040 1457 2080 iam
1483 2039 1576 2087 tela,

225 2100 307 2140 iam
332 2109 426 2142 ante
451 2101 589 2142 omnia
619 2102 779 2142 animus
807 2102 1020 2151 deficeret,
1053 2102 1159 2142 intra
1184 2116 1337 2157 paucas
1364 2101 1487 2142 horas
1511 2117 1578 2142 ur-

225 2163 321 2202 bem
352 2164 472 2217 cepit.
531 2163 588 2203 ibi
620 2164 769 2218 partim
803 2163 1031 2212 divendita,
1069 2164 1218 2218 partim
1256 2163 1389 2203 divisa
1424 2163 1578 2217 praeda

227 2224 443 2264 consilium
467 2225 667 2274 habitum,
694 2225 793 2278 quid
821 2225 968 2266 deinde
995 2226 1162 2266 faceret,
1211 2225 1364 2265 nemini
1391 2225 1443 2264 ad
1465 2225 1578 2265 Nau-

226 2293 392 2339 pactum
417 2286 465 2325 iri
490 2286 658 2340 placuit,
687 2294 887 2340 occupato
910 2287 961 2326 ad
977 2286 1181 2328 Coracem
1207 2288 1257 2327 ab
1272 2287 1434 2327 Aetolis
1457 2287 1575 2327 saltu.

227 2362 277 2387 ne
303 2354 442 2388 tamen
468 2348 613 2402 segnia
639 2349 798 2389 aestiva
824 2358 964 2389 essent
989 2356 1028 2389 et
1043 2349 1183 2389 Aetoli
1208 2364 1291 2389 non
1316 2348 1576 2402 impetratam

226 2422 369 2461 pacem
401 2410 452 2449 ab
490 2417 636 2450 senatu
673 2410 801 2450 nihilo
835 2410 970 2450 minus
1008 2426 1082 2464 per
1120 2425 1235 2450 suam
1273 2409 1575 2450 cunctationem

227 2468 437 2518 haberent,
464 2471 705 2525 obpugnare
730 2471 892 2511 Acilius
917 2471 1192 2525 Amphissam
1219 2471 1372 2512 statuit.
1409 2471 1462 2510 ab
1487 2471 1576 2510 He-

183 2543 202 2571 5
227 2531 361 2570 raclca
386 2546 458 2584 per
484 2532 637 2573 Oetam
663 2533 866 2574 exercitus
893 2548 941 2574 eo
967 2534 1181 2574 deductus.
1220 2548 1313 2573 cum
1338 2533 1390 2572 ad
1414 2531 1573 2572 moenia

229 2598 363 2630 castra
387 2592 608 2645 posuisset,
634 2609 716 2634 non
742 2608 905 2642 corona,
933 2594 1037 2635 sicut
1051 2595 1257 2643 Lamiam,
1284 2594 1358 2634 sed
1379 2593 1572 2647 operibus
