1799 2900
433 65 587 99 LIBER
611 65 853 107 XXXVHH,
879 65 932 100 47.
953 65 1007 100 48.
1035 68 1083 110 [a.
1100 65 1234 110 e.183]
1424 56 1508 97 415

239 168 538 211 XXXXVH.
570 168 927 223 Respondendum
947 169 999 210 ad
1019 169 1157 210 onmia
1176 169 1314 210 iuveni
1333 177 1418 211 tum
1439 169 1511 210 ad-
1538 185 1551 213 1

149 232 324 272 modum
342 230 558 271 Demetrio
579 238 679 271 crat.
728 245 820 271 cum
843 231 953 271 haud
973 232 1092 272 facile
1112 240 1223 272 esset
1248 239 1318 272 aut
1338 247 1387 272 ea
1406 246 1511 285 quae

155 293 415 334 obicerentur
440 299 511 332 aut
536 306 640 344 quae
666 292 865 333 adversus
892 308 941 333 ea
966 293 1140 334 dicenda
1173 301 1289 334 erant
1312 294 1510 334 memoria

155 354 373 409 complecti
398 381 429 383 —
454 368 530 394 nec
563 354 671 394 enim
702 355 832 394 multa
865 355 1016 404 solum,
1056 355 1129 395 sed
1161 356 1285 396 etiam
1316 356 1510 410 pleraque
1536 369 1554 399 2

154 417 306 472 oppido
332 431 455 469 quam
480 431 608 470 parva
634 423 767 464 erant,
795 417 845 457 de
871 417 1150 457 controversia
1174 417 1336 465 finium,
1362 418 1412 458 de
1438 417 1511 458 ho-

154 478 332 519 minibus
358 478 486 532 raptis
511 478 813 532 pecoribusque
840 478 1015 527 abactis,
1043 479 1092 519 de
1114 479 1200 520 iure
1221 487 1290 520 aut
1310 479 1419 520 dicto
1438 494 1511 534 per

152 540 366 581 libidinem
397 547 466 580 aut
497 555 579 581 non
612 540 739 587 dieto,
778 540 828 581 de
859 541 982 581 rebus
1015 556 1088 596 per
1113 541 1195 581 vim
1226 549 1295 582 aut
1319 557 1392 596 per
1417 557 1511 596 gra-

153 602 253 642 tiam
289 602 478 643 iudicatis
492 627 543 651 —‚
580 602 682 642 nihil
720 602 867 643 horum
898 617 1031 655 neque
1062 602 1325 644 Demetrium
1362 604 1510 645 docere
1535 617 1553 646 3

154 663 331 705 dilucide
362 679 438 705 nec
469 679 512 705 se
545 664 644 704 satis
676 664 830 717 liquido
865 664 1022 705 discere
1053 666 1105 705 ab
1137 680 1185 705 eo
1218 673 1384 706 senatus
1417 680 1510 706 cum

153 734 338 766 cerneret
363 740 506 780 posse,
535 725 655 765 simul
683 732 722 766 et
748 725 934 766 tirocinio
961 734 1001 767 et
1020 727 1328 781 perturbatione
1349 727 1508 768 iuvenis

153 796 405 836 moveretur,
432 787 573 840 quaeri
598 787 719 828 iussit
743 789 795 827 ab
821 802 882 836 eo,
910 802 1079 841 ecquem
1101 789 1150 829 de
1171 789 1233 829 his
1253 790 1377 829 rebus
1399 803 1508 829 com-

151 849 398 889 mentarium
429 865 452 889 a
481 857 598 903 patre
636 849 876 904 accepisset.
944 864 1037 890 cum
1073 851 1357 904 respondisset
1393 865 1510 891 acce·
1533 863 1552 892 4

150 910 263 965 pisse
300 926 364 960 se,
401 911 502 951 nihil
538 911 651 965 prius
688 925 765 951 nec
801 911 938 966 potius
977 911 1110 952 visum
1142 919 1203 952 est
1237 927 1360 965 quam
1398 913 1508 966 regis

151 974 283 1029 ipsius
316 975 366 1015 de
399 974 573 1029 singulis
610 989 812 1028 responsa
849 974 1047 1028 accipere.
1112 975 1262 1015 librum
1301 975 1508 1029 extemplo

149 1044 444 1091 poposcerunt,
472 1035 620 1076 deinde
644 1044 690 1076 ut
714 1036 815 1090 ipse-
828 1036 1020 1076 recitaret
1043 1036 1332 1090 permiserunt.
1393 1043 1507 1077 erant
1534 1049 1552 1077 5

150 1105 289 1138 autem
316 1097 366 1138 de
392 1097 566 1150 singulis
593 1097 715 1137 rebus
741 1098 783 1137 in
809 1097 935 1137 breve
961 1105 1127 1138 coactae
1153 1112 1321 1145 causae,
1360 1105 1404 1137 ut
1429 1098 1509 1138 alia

150 1158 299 1200 fecisse
327 1172 370 1198 se
396 1158 624 1198 secundum
651 1158 817 1198 decreta
840 1158 1071 1212 legatorum
1099 1158 1282 1207 doceret,
1321 1159 1401 1199 alia
1425 1175 1508 1200 non

147 1235 220 1275 per
246 1234 290 1260 se
316 1219 500 1268 stetisse,
528 1233 608 1272 quo
634 1219 770 1260 minus
797 1219 970 1268 faceret,
1005 1220 1078 1260 sed
1102 1235 1176 1274 per
1201 1235 1271 1261 eos
1298 1221 1410 1275 ipsos
1439 1221 1509 1274 qui

148 1288 401 1322 accusarent.
451 1281 753 1335 interposuerat
778 1289 818 1322 et
843 1282 1032 1334 querelas
1059 1282 1109 1322 de
1129 1282 1344 1335 iniquitate
1366 1283 1506 1323 decre-
1535 1295 1551 1324 6

147 1350 281 1384 torum
307 1351 347 1384 et
372 1358 494 1396 quam
519 1358 602 1383 non
628 1358 679 1384 ex
699 1357 831 1396 aequo
852 1344 1126 1398 disceptatum
1146 1345 1256 1399 apud
1278 1343 1507 1385 Caecilium

147 1406 253 1446 foret
284 1405 536 1460 indigneque
569 1405 647 1445 sibi
678 1420 755 1445 nec
785 1405 868 1446 ullo
901 1421 976 1446 suo
1010 1406 1153 1447 merito
1184 1406 1428 1447 insultatum
1455 1407 1506 1446 ab

147 1467 337 1508 omnibus
353 1475 476 1507 esset.
498 1466 572 1506 has
588 1474 707 1507 notas
722 1467 866 1507 irritati
881 1467 968 1507 eius
984 1467 1107 1507 animi
1123 1468 1301 1523 conlegit
1317 1476 1504 1517 senatus3
1533 1481 1548 1509 7

148 1536 330 1570 ceterum
356 1528 436 1568 alia
462 1528 677 1568 excusanti
696 1528 847 1577 iuveni,
875 1529 955 1569 alia
980 1529 1193 1583 recipienti
1219 1530 1356 1570 futura
1382 1530 1440 1570 ita
1460 1537 1506 1570 ut.

146 1590 325 1631 maxime
340 1590 463 1630 vellet
478 1596 658 1638 senatus,
679 1590 919 1644 responderi
934 1591 1100 1644 placuit,
1121 1591 1221 1630 nihil
1241 1598 1401 1646 patrem
1418 1591 1504 1632 eius
1531 1602 1550 1631 8

147 1667 281 1705 neque
311 1652 462 1692 rectius
488 1666 565 1692 nec
589 1652 723 1706 magis
749 1653 860 1705 quod
886 1667 937 1693 ex
962 1652 1173 1693 voluntate
1199 1660 1367 1694 senatus
1394 1660 1505 1694 esset

146 1715 297 1755 secisse
319 1729 443 1767 quam
462 1714 591 1767 quod,
618 1722 840 1767 utcumque
867 1730 914 1755 ea
934 1723 1052 1769 gesta
1073 1721 1230 1764 essent,
1256 1730 1330 1770 per
1348 1715 1505 1756 Deme-

146 1776 267 1817 trium
288 1776 415 1816 filium
432 1775 621 1816 satisfieri
642 1776 841 1817 voluisset
854 1776 1075 1817 Romanis:
1102 1777 1231 1817 multa
1250 1785 1290 1817 et
1310 1777 1503 1817 dissimu-
1530 1789 1547 1818 9

145 1839 231 1879 lare
252 1846 291 1879 et
305 1838 493 1879 oblivisci
514 1845 552 1878 et
567 1838 651 1892 pati
672 1838 893 1892 praeterita
908 1845 1097 1878 senatum
1118 1853 1255 1892 posse,
1283 1846 1323 1879 et
1337 1839 1503 1879 credere

145 1901 283 1949 etiam,
308 1899 524 1941 Demetrio
547 1900 798 1941 eredendum
830 1915 935 1940 esse.
996 1901 1184 1941 obsidem
1210 1900 1320 1941 enim
1346 1915 1389 1941 se
1417 1900 1503 1940 ani-
1531 1913 1570 1943 10

146 1979 258 2004 mum
290 1963 376 2004 eius
408 1962 579 2011 habere,
618 1962 692 2003 etsi
727 1976 876 2017 corpus
908 1963 1015 2017 patri
1039 1962 1281 2012 reddiderit,
1315 1970 1355 2003 et
1385 1962 1502 2012 scire,

145 2032 344 2078 quantum
364 2025 479 2065 salva
492 2025 533 2064 in
547 2032 707 2079 patrem
721 2024 873 2079 pietate
888 2025 1032 2079 possit,
1048 2025 1225 2065 amicum
1242 2040 1334 2065 eum
1349 2025 1501 2080 populo

145 2087 335 2127 Romano
355 2101 460 2134 esse,
486 2086 736 2138 honorisque
763 2086 850 2126 eius
871 2100 996 2126 causa
1020 2088 1220 2128 missuros
1246 2087 1289 2126 in
1302 2086 1502 2127 Macedo·
1529 2099 1565 2129 11

145 2148 256 2188 niam
280 2148 453 2202 legatos,
479 2155 524 2188 ut
551 2149 584 2188 si
610 2149 707 2201 quid
733 2148 867 2188 minus
895 2148 1051 2188 factum
1078 2149 1130 2189 sit
1155 2163 1278 2202 quam
1300 2148 1499 2196 debuerit,

146 2216 233 2250 tum
253 2223 414 2262 quoque
436 2209 523 2250 sinc
543 2209 705 2263 piaculo
719 2225 856 2250 rerum
876 2210 1260 2264 praetermissarum
1279 2210 1362 2251 fiat.
1395 2210 1501 2251 velle

146 2271 269 2311 etiam
302 2271 453 2312 sentire
478 2271 737 2325 Philippum,
775 2271 937 2326 integra
963 2272 1100 2313 omnia
1127 2272 1204 2312 sibi
1230 2287 1320 2312 cum
1347 2272 1500 2326 populo

146 2332 336 2374 Romano
360 2332 565 2373 Demetrii
590 2333 661 2372 filii
687 2333 887 2373 beneficio
913 2347 1019 2373 esse.

230 2393 549 2436 XXXXVHI.
623 2395 759 2443 Haec,
809 2408 913 2447 quae
958 2395 1172 2448 augendae
1216 2395 1498 2449 amplitudinis
1527 2409 1541 2438 1

145 2455 232 2497 eius
259 2470 385 2497 causa
410 2455 520 2497 faeta
544 2462 680 2505 erant,
712 2456 919 2510 extemplo
944 2456 986 2496 in
1011 2456 1228 2507 invidiam,
1254 2472 1351 2498 mox
1377 2456 1499 2498 etiam

144 2518 187 2559 in
211 2518 436 2574 perniciem
462 2518 713 2560 adolescenti
739 2524 962 2559 verterunt.
