1799 2900
248 1568 267 1597 ιη

297 82 380 123 414
553 87 706 122 LIBER
730 75 975 133 xx‘xvnn,
1001 88 1055 123 45.
1074 89 1129 124 46.
1158 92 1251 134 [ω.
1271 101 1299 124 ο.
1314 91 1397 134 511]

299 193 373 248 Sp.
399 191 616 232 Postumio
644 190 804 240 Sicilia,
837 191 889 231 L.
916 191 1052 246 Pupio
1076 193 1251 247 Apulia,
1288 194 1341 234 L.
1368 194 1475 234 Iulio
1502 194 1652 244 Gallia,

299 254 376 295 Cn.
394 253 549 294 Sicinio
566 252 759 293 Sardinia
779 253 928 293 evenit.
966 254 1019 294 L.
1040 255 1170 295 Iulius
1192 262 1396 296 maturare
1417 264 1478 297 est
1500 256 1651 297 iussus.

298 315 409 357 Galli
435 315 701 369 Transalpini
726 329 799 370 per
832 315 960 355 saltus
992 316 1158 370 ignotae
1191 325 1311 358 antea
1335 318 1445 367 viae,
1483 326 1528 358 ut
1558 327 1653 358 ante

297 377 465 426 (lictum,
491 377 533 417 in
554 375 718 418 Italiam
744 377 995 431 transgressi
1020 378 1217 433 oppidum
1243 379 1283 419 in
1309 395 1422 433 agro,
1450 381 1518 433 qui
1543 394 1653 420 nunc

298 447 360 480 est
378 439 680 492 Aquileiensis,
708 439 994 480 aedificabant.
1038 440 1079 480 id
1105 456 1174 481 eos
1200 449 1244 481 ut
1269 442 1516 496 prohiberet,
1543 443 1652 496 qnod

295 502 382 543 eius
410 502 497 543 sine
524 502 631 543 bello
658 509 818 556 posset,
856 502 1034 556 praetori
1068 504 1307 544 mandatum
1339 513 1419 545 cst:
1463 505 1496 546 si
1528 506 1652 546 armis

296 564 545 619 prohibendi
570 572 728 613 essent,
757 564 948 605 consules
975 565 1168 606 certiores
1196 566 1368 615 facerct;
1401 582 1452 607 cx
1477 567 1540 608 his
1566 566 1654 622 pla—

296 640 388 667 cere
413 626 588 667 alterum
615 627 815 667 adversus
844 626 989 667 Gallos
1019 627 1168 668 ducere
1194 628 1393 682 legiones.

380 688 581 729 Extremo
606 688 753 742 prioris
780 688 877 729 anni
903 689 1067 730 comitia
1092 689 1233 730 habita
1252 697 1380 730 crant.
1430 690 1472 730 in
1493 690 1655 731 demor-

293 749 351 790 tui
372 748 450 790 Cn.
473 749 657 791 Cornelii
676 750 847 790 Lentuli
871 751 1007 791 locum
1034 752 1202 807 auguris
1230 751 1472 792 subficiendi
1493 760 1653 794 creatus

294 818 382 852 erat
409 811 482 866 Sp.
508 812 750 853 Postumius
776 812 971 854 Albinus.

378 873 652 917 XXXXVI.
689 874 828 915 Huius
854 874 1056 929 principio
1082 874 1177 915 anni
1196 875 1246 915 P.
1262 875 1451 916 Licinius
1473 874 1654 916 Crassus

293 936 481 991 pontifex
506 937 712 978 maximus
739 943 924 978 mortuus
951 944 1032 986 est,
1070 936 1111 977 in
1136 937 1251 977 cuius
1282 937 1418 978 locum
1444 937 1507 978 M.
1535 936 1655 978 Sem-

293 998 463 1052 pronius
490 999 723 1040 Tuditanus
749 999 938 1053 pontifex
964 1006 1028 1039 est
1053 1006 1283 1054 cooptatus,
1310 999 1499 1054 pontifex
1524 999 1655 1040 maxi-

293 1075 385 1100 mus
413 1068 476 1101 est
502 1068 663 1102 creatus
692 1060 741 1102 C.
770 1061 972 1102 Servilius
1001 1060 1218 1102 Geminus.
1255 1061 1305 1102 P.
1321 1061 1473 1102 Licinii
1498 1061 1653 1102 funeris

294 1135 419 1162 causa
446 1122 662 1164 visceratio
689 1124 785 1164 data
805 1131 844 1164 et
864 1123 1115 1177 gladiatores
1138 1130 1304 1163 centum
1324 1123 1469 1177 viginti
1494 1139 1654 1178 pugna-

292 1191 388 1223 runt
407 1191 446 1224 et
465 1184 551 1224 ludi
572 1185 766 1225 funebres
786 1199 860 1239 per
879 1185 1060 1224 triduum
1081 1184 1192 1233 facti,
1218 1192 1312 1239 post
1333 1185 1452 1225 ludos
1473 1185 1652 1239 epulum.

292 1245 333 1285 in
371 1260 452 1299 quo
484 1260 578 1286 cum
608 1254 694 1287 toto
727 1247 816 1287 foro
848 1246 1023 1286 triclinia
1055 1254 1183 1287 strata
1219 1254 1377 1296 essent,
1426 1254 1652 1302 tempestas

293 1321 386 1347 611111
411 1309 573 1362 magnis
599 1309 790 1363 procellis
817 1316 957 1349 coorta
982 1309 1118 1363 coegit
1143 1309 1363 1362 plerosque
1389 1309 1654 1350 tabernacula.

295 1376 474 1410 statuere
499 1371 541 1410 111
567 1371 675 1419 fol-03
715 1370 860 1411 cadem
892 1370 1015 1424 paulo
1042 1379 1155 1424 post,
1193 1384 1286 1410 cum
1317 1371 1498 1424 undique
1523 1371 1654 1412 disse—

292 1439 493 1480 renasset,
521 1432 696 1481 sublata,
724 1433 1024 1484 defunctosque
1047 1432 1170 1486 volgo
1190 1432 1391 1481 ferebant,
1418 1433 1528 1485 quod
1548 1433 1654 1474 inter

292 1493 434 1534 fatalia
460 1501 574 1534 vates
603 1494 863 1542 cecinissent,
889 1508 1062 1534 necesse
1088 1509 1181 1534 esse
1207 1495 1473 1535 tabernacula
1496 1495 1539 1535 in
1563 1495 1652 1536 foro

294 1556 431 1596 statui.
469 1555 546 1595 hac
572 1556 771 1610 religione
797 1556 944 1596 levatis
971 1556 1099 1596 altera
1123 1556 1286 1606 iniecta,
1314 1557 1425 1610 quod
1452 1557 1653 1611 sanguine

291 1632 364 1671 per
392 1616 561 1657 biduum
585 1618 790 1671 pluvisset
814 1617 857 1658 in
883 1633 979 1659 area
1002 1618 1180 1660 Volcani
1190 1635 1199 1668 3
1233 1625 1273 1659 et¹
1297 1633 1370 1673 per
1396 1618 1653 1660 decemviros

293 1679 538 1733 supplicatio
564 1679 718 1721 indicta
744 1689 830 1721 erat
855 1681 943 1721 eius
969 1681 1146 1736 prodigii
1172 1681 1366 1736 expiandi
1392 1696 1530 1723 causa.

375 1741 628 1795 Priusquam
654 1743 845 1783 consules
872 1743 913 1783 in
938 1743 1173 1797 provincias
1198 1743 1568 1797 proficiscerentur,
1595 1743 1652 1785 le-

289 1803 479 1857 gationes
507 1805 803 1845 transmarinas
830 1805 871 1844 in
892 1813 1084 1846 senatum
1103 1805 1431 1846 introduxerunt.
1469 1820 1546 1846 nec
1564 1820 1653 1846 um-

290 1879 415 1918 quam
440 1872 534 1906 ante
560 1874 720 1906 tantum
744 1867 926 1921 regionis
959 1868 1047 1908 eius
1075 1867 1288 1907 hominum
1313 1867 1472 1908 Romae
1505 1867 1651 1908 fuerat.

289 1942 386 1967 nam
419 1942 470 1967 ex
502 1942 582 1981 quo
615 1929 727 1969 fama
758 1944 831 1983 per
862 1936 1028 1983 gentes,
1068 1943 1172 1982 quae
1202 1928 1495 1969 Macedoniam
1528 1930 1651 1970 adco-

289 1989 396 2038 lunt,
435 1991 606 2045 vulgata
642 1999 723 2040 est,
763 1992 934 2032 crimina
970 1991 1331 2044 querimoniasque
1368 1991 1418 2032 de
1454 1991 1650 2046 Philippo

289 2067 371 2091 non
396 2053 669 2107 neglegenter
700 2054 751 2094 ab
782 2053 984 2094 Romanis
1018 2054 1168 2102 audiri,
1206 2053 1345 2093 multis
1377 2067 1527 2108 operae
1557 2068 1649 2107 prc-

290 2113 391 2153 tium
430 2114 561 2155 fuisse
594 2115 728 2168 queri,
765 2131 840 2170 pro
879 2130 922 2156 se
960 2130 1146 2168 quaeque
1184 2115 1371 2156 civitates
1408 2121 1650 2169 gentesque,

290 2175 441 2230 singuli
468 2177 591 2217 etiam
617 2177 809 2232 privatim
824 2178 1031 2231 —gravis
1053 2178 1163 2218 enim
1185 2177 1329 2218 adcola
1350 2176 1540 2217 omnibus
1564 2183 1651 2217 erat

288 2261 345 2266 —
367 2238 547 2279 Romam
573 2246 643 2279 aut
667 2240 720 2279 ad
746 2254 862 2295 spem
887 2239 1089 2280 levandae
1114 2238 1285 2279 iniuriae
1316 2246 1387 2279 aut
1418 2238 1471 2279 ad
1495 2238 1649 2278 deflen-

291 2298 367 2339 dae
394 2300 593 2341 solaeium
618 2308 834 2342 venerunt.
896 2308 935 2341 et
961 2302 1012 2342 ab
1037 2302 1227 2341 Eumene
1253 2315 1351 2355 rege
1377 2299 1529 2354 legatIO
1556 2313 1648 2340 cum

290 2360 414 2401 fratre
441 2361 527 2402 cius
542 2362 763 2404 Athenaeo
790 2363 902 2403 venit
923 2363 975 2403 ad
995 2363 1267 2416 querendum,
1295 2362 1415 2402 simul
1437 2361 1546 2414 quod
1565 2376 1647 2402 non

290 2421 590 2464 deducerentur
615 2439 665 2464 ex
691 2424 870 2465 Thracia
894 2424 1119 2479 praesidia,
1154 2424 1275 2464 simul
1301 2423 1411 2476 quod
1435 2422 1476 2462 in
1501 2422 1649 2475 Bithy-

289 2482 398 2522 niam
423 2483 599 2526 Prusiae
630 2486 783 2527 bellum
816 2487 1016 2528 adversus
1042 2487 1276 2527 Eumenem
1306 2485 1465 2540 gerenti
1496 2483 1647 2525 auxilia

291 2544 418 2585 missa
443 2546 591 2587 forent.
