1799 2900
453 82 606 116 LIBER
631 82 873 128 xxxvnn,
901 83 1042 117 16—18.
1070 85 1118 126 [a.
1135 81 1173 116 e.
1190 83 1269 126 186]
1449 73 1530 115 387

184 185 341 242 positus
369 184 462 234 erit,
495 185 605 238 quod
630 184 915 239 imperabitur,
949 185 1109 240 inpigre
1134 192 1345 239 praestare
1371 192 1411 226 et
1436 185 1533 225 dare

184 262 370 303 operam,
402 261 454 286 ne
486 246 583 299 quid
615 245 758 287 fraude
789 247 1004 287 noxiorum
1036 247 1207 300 periculi
1238 254 1307 287 aut
1332 246 1531 287 tumultus

184 308 363 350 oriatur.’

267 369 416 412 XVII.
464 369 649 410 Recitaii
691 369 839 410 deinde
882 376 1048 410 senatus
1095 370 1282 410 consulta
1322 370 1531 410 iusserunt

183 431 388 483 indicique
424 430 652 485 praemium
690 439 1010 485 proposuerunt,
1050 431 1083 471 si
1115 431 1205 484 quis
1238 445 1360 484 quem
1397 431 1450 471 ad
1487 445 1531 471 se

185 493 425 533 deduxisset
461 507 664 533 nomenve
701 493 884 533 absentis
923 493 1156 534 detulisset:
1195 493 1262 545 qui
1294 492 1529 533 nominatus

183 554 450 609 profugisset,
478 554 584 594 diem
606 561 760 594 certam
780 569 823 594 sc
844 554 1042 603 finituros,
1070 555 1121 595 ad
1141 569 1265 607 quam
1285 554 1364 595 nisi
1385 554 1531 594 citatus

184 616 479 670 respondisset,
508 616 658 656 absens
681 616 957 656 damnaretur.
991 616 1024 656 si
1051 616 1142 669 quis
1169 631 1324 665 eorum,
1351 616 1421 668 qui
1446 623 1532 656 tum

185 685 301 718 extra
323 685 472 717 terram
487 677 650 717 Italiam
672 684 813 717 essent
832 677 1124 726 nominaretur,
1151 677 1187 718 ei
1206 677 1404 718 laxiorem
1424 677 1532 718 diem

185 739 366 788 daturos,
397 739 431 779 si
456 738 596 779 venire
623 739 675 778 ad
700 752 867 779 causam
893 738 1111 779 dicendam
1136 739 1271 779 vellet.
1315 739 1532 779 edixerunt

185 801 345 849 deinde,
373 815 423 841 ne
445 800 535 854 quis
563 800 660 853 quid
685 801 810 854 fugae
835 814 962 841 causa
987 800 1224 841 vendidisse
1250 815 1353 841 neve
1380 800 1532 841 emisse

185 863 324 912 vellet3
362 877 413 903 ne
449 863 540 915 quis
576 862 796 916 reciperet,
835 862 1004 910 celaret,
1043 877 1120 916 ope
1156 862 1241 903 ulla
1276 862 1435 903 iuvaret
1470 862 1533 902 fu-

185 925 359 979 gientes.
892 932 901 937 ⁸

269 985 474 1027 Contione
505 985 676 1025 dimissa
706 992 835 1025 terror
865 1000 1041 1039 magnus
1073 985 1174 1025 urbe
1206 991 1292 1025 tota
1322 984 1418 1033 fuit3
1456 998 1532 1025 nee

182 1048 398 1089 moenibus
427 1062 470 1087 se
496 1053 655 1087 tantum
679 1046 793 1087 urbis
821 1054 890 1086 aut.
914 1047 1064 1086 finibus
1090 1046 1291 1086 Romanis
1319 1046 1531 1095 continuit,

186 1110 259 1150 sed
277 1109 433 1163 passim
453 1123 526 1162 per
546 1115 674 1148 totam
693 1108 870 1156 Italiam,
896 1108 1041 1148 litteris
1062 1107 1272 1161 hospitum
1293 1107 1342 1147 de
1364 1114 1531 1147 senatus

184 1171 370 1211 consulto
402 1176 442 1209 et
474 1169 662 1209 contione
694 1176 734 1208 ct
764 1169 896 1209 edicto
930 1169 1145 1209 consulum
1177 1168 1376 1223 acceptis,
1408 1168 1534 1222 trepi-

183 1232 270 1273 dari
297 1238 489 1286 coeptum
509 1237 584 1271 est.
627 1230 744 1270 multi
764 1246 813 1271 ea
836 1238 969 1279 nocte,
996 1245 1101 1284 quae
1129 1230 1237 1270 diem
1261 1230 1448 1270 insecuta
1468 1237 1531 1271 cst

182 1294 321 1348 quoin
342 1293 531 1334 contione
550 1307 616 1333 res
642 1293 779 1347 palam
805 1292 914 1333 facta
939 1300 1013 1341 est,
1040 1292 1238 1333 custodiis
1260 1292 1367 1332 circa
1391 1300 1532 1347 portas

182 1355 327 1410 positis
348 1355 554 1409 fugientes
576 1370 600 1395 a
620 1354 842 1395 triumviris
864 1355 1153 1409 comprehensi
1171 1362 1208 1395 et
1236 1354 1394 1395 reducti
1416 1361 1530 1403 sunt;

181 1418 403 1457 multorum
428 1417 595 1457 nomina
620 1417 768 1457 delata.
825 1416 992 1469 quidam
1018 1431 1068 1457 ex
1093 1416 1143 1456 iis
1169 1416 1245 1456 viri
1270 1416 1531 1468 feminaeque

182 1486 356 1519 mortem
382 1477 460 1518 sibi
485 1478 787 1518 consciverunt.
832 1478 1070 1518 coniurasse
1091 1493 1216 1532 supra
1237 1486 1397 1532 septem
1417 1477 1531 1518 milia

182 1539 363 1580 virorum
389 1553 437 1578 ac
462 1539 678 1579 mulierum
704 1538 957 1580 dicebantur.
1018 1539 1154 1593 capita
1180 1546 1317 1579 autem
1344 1539 1532 1579 coniura—

183 1600 304 1641 tionis
332 1600 549 1641 constabat
574 1615 666 1640 esse
692 1600 754 1640 M.
781 1608 821 1640 et
848 1600 897 1641 C.
924 1600 1091 1641 Atinios
1119 1600 1169 1640 de
1194 1600 1316 1653 plebe
1341 1600 1531 1640 Romana

183 1670 223 1702 et
246 1662 457 1702 Faliscum
478 1662 531 1701 L.
548 1661 813 1715 Opiternium
839 1668 879 1702 et
899 1662 1078 1702 Minium
1101 1660 1334 1702 Cerrinium
1351 1660 1532 1715 Campa-

183 1739 300 1764 num:
328 1725 378 1764 ab
404 1724 467 1764 his
495 1724 633 1764 omnia
658 1723 841 1764 facinora
867 1731 906 1764 et
931 1723 1089 1777 flagitia
1109 1730 1210 1772 orta,
1237 1737 1306 1763 eos
1327 1722 1530 1763 maximos

184 1786 419 1826 sacerdotes
447 1785 763 1838 conditoresque
789 1785 876 1825 eius
905 1785 1010 1825 sacri
1036 1799 1142 1825 esse.
1203 1784 1299 1824 data
1324 1798 1462 1838 opera,
1487 1790 1533 1823 ut

183 1847 316 1901 primo
347 1861 509 1899 quoque
539 1854 724 1901 tempore
757 1846 1213 1901 comprehenderentur.
1280 1845 1445 1885 adducti
1482 1845 1534 1885 ad

183 1908 374 1949 consules
401 1908 585 1960 fassique
612 1908 662 1948 de
689 1923 732 1949 se
757 1909 911 1948 nullam
937 1923 1093 1948 moram
1119 1906 1270 1947 indicio
1297 1906 1496 1947 fecerunt.

266 1969 438 2011 XVIII.
489 1969 684 2010 Ceterum
719 1977 833 2010 tanta
863 1970 963 2024 fuga
989 1984 1039 2010 ex
1065 1969 1166 2009 urbe
1196 1968 1306 2009 facta
1337 1975 1441 2016 erat,
1474 1974 1530 2015 ut,

183 2031 279 2083 quia
303 2031 441 2071 multis
468 2031 650 2071 actiones
671 2038 711 2071 et
734 2046 800 2071 res
825 2031 1026 2086 peribant,
1054 2038 1298 2085 cogerentur
1322 2037 1532 2084 praetores

184 2092 234 2131 T.
260 2092 454 2131 BIaenius
482 2099 522 2132 et
545 2092 607 2132 M.
633 2092 820 2133 Licinius
852 2108 925 2147 per
952 2100 1141 2133 senatum
1170 2107 1236 2132 res
1262 2092 1304 2132 in
1330 2091 1438 2132 diem
1464 2090 1533 2130 tri-

185 2152 382 2193 cesimum
409 2153 586 2202 differre,
614 2154 743 2194 donec
765 2154 1027 2207 quaestiones
1053 2170 1076 2194 a
1098 2154 1336 2195 oonsulibus
1362 2152 1531 2206 perfice-

183 2222 337 2254 rentur.
398 2215 541 2254 eadem
568 2215 764 2263 solitudo,
802 2216 897 2268 quia
921 2216 1081 2257 Romae
1112 2231 1195 2256 non
1226 2214 1531 2269 respondebant

184 2289 260 2316 nec
297 2275 611 2315 inveniebantur
647 2291 819 2328 quorum
856 2277 1023 2317 nomina
1055 2277 1191 2317 delata
1227 2283 1361 2324 erant,
1399 2274 1534 2329 coegit

186 2336 376 2377 consules
411 2336 517 2376 circa
548 2336 637 2377 fora
660 2337 872 2390 proficisci
908 2338 1045 2391 ibique
1078 2352 1275 2391 quaerere
1307 2345 1347 2377 et
1384 2336 1534 2376 iudicia

1556 504 1574 532 [ὃ

1558 2224 1576 2253 2

186 2411 391 2438 exercere.
452 2397 521 2450 qui
551 2406 710 2438 tantum
740 2398 888 2439 initiati
914 2407 1030 2439 erant
1062 2407 1102 2439 ct
1133 2414 1183 2439 ex
1210 2398 1388 2438 carmine
1415 2411 1531 2438 sacro
1557 2408 1576 2437 3

185 2466 409 2514 praeeunte
434 2459 561 2499 verba
582 2460 794 2499 sacerdote
815 2461 1072 2514 precationes
1099 2461 1295 2507 fecerant,
1322 2459 1363 2499 in
1384 2459 1532 2512 quibus

185 2521 365 2561 nefanda
391 2520 616 2561 coniuratio
641 2520 679 2559 in
708 2536 828 2562 omne
855 2522 1014 2563 facinus
1041 2536 1088 2562 ac
1113 2522 1324 2562 libidinem
1350 2520 1529 2561 contine-

1247 2586 1313 2619 25*
