1799 2900
276 139 360 182 240
560 145 712 179 LIBER
738 145 924 190 xxxv1‚
951 147 1005 181 522.
1026 147 1080 181 23.
1109 148 1347 192 [a.u.c.5(53]

273 252 479 304 integrum
511 257 685 297 restare,
723 257 859 290 castra
890 251 941 290 ab
974 251 1265 307 Thermopylis
1299 253 1350 292 ad
1382 253 1630 295 Heracleam

273 312 402 353 movit
428 325 558 364 eoque
583 310 675 365 ipso
702 311 786 359 die,
824 319 869 351 ut
902 312 1024 352 situm
1058 321 1248 355 nosceret
1274 314 1405 363 urbis,
1442 317 1494 355 ab
1520 316 1630 356 omni

229 390 248 419 5
273 381 388 429 parte
420 388 526 426 equo
556 373 720 413 moenia
752 380 815 413 est
847 374 1161 416 circumvectus.
1223 377 1301 417 sita
1331 385 1393 417 est
1426 378 1633 419 Heraclea

272 437 314 476 in
349 435 557 487 radicibus
592 435 727 476 Oetae
765 436 937 485 montis3
981 437 1073 491 ipsa
1109 438 1150 478 in
1188 452 1352 493 campo,
1398 455 1533 480 arcem
1571 440 1632 480 in-

228 514 245 541 6
273 498 496 538 minentem
521 496 611 537 loco
638 497 720 538 alto
747 504 787 537 ct
811 498 992 551 undique
1018 500 1232 554 praecipiti
1259 500 1395 541 habet.
1451 510 1634 542 contem-

273 560 410 615 platus
437 559 576 600 omnia
607 573 712 612 quae
744 561 955 600 noscenda
986 569 1120 610 erant,
1159 570 1351 615 quattuor
1384 563 1504 603 simul
1531 564 1631 604 locis

231 638 246 666 7
274 621 446 676 adgredi
467 622 612 662 urbem
635 621 861 662 constituit.
899 638 923 663 a
942 623 1109 664 flumine
1122 625 1284 678 Asopo,
1305 640 1386 678 qua
1406 633 1444 665 et
1460 641 1634 679 gymna-

274 684 380 724 sium
400 692 482 732 est,
510 683 794 726 L.Valerium
821 685 1016 738 operibus
1044 693 1166 738 atque
1192 687 1490 740 obpugnationi
1515 703 1633 741 prac-

271 746 427 801 posuit3
454 753 614 801 partem
636 755 752 788 extra
772 762 931 795 muros,
958 762 1063 800 quae
1085 749 1341 801 frequentius
1362 764 1489 804 prope
1511 765 1633 803 quam

271 809 369 849 urbs
407 808 690 857 habitabatur,
735 809 800 851 Ti.
836 808 1084 863 Sempronio
1122 810 1273 864 Longo
1312 811 1633 865 obpugnandam

226 884 245 914 8
273 870 402 919 dedit,
441 885 465 911 a
497 869 588 910 sinu
620 870 822 918 Maliaco,
862 885 967 923 quae
1005 872 1161 911 aditum
1196 872 1306 912 haud
1342 873 1506 913 facilem
1538 889 1633 928 pars

271 932 469 981 habebat,
496 931 557 973 M.
584 932 808 981 Baebium,
836 933 888 973 ab
915 933 1042 973 altero
1069 934 1295 983 amniculo,
1323 949 1445 987 quem
1464 935 1635 975 Blelana

272 1002 439 1043 vocant,
478 995 679 1036 adversus
712 995 876 1035 Dianae
910 995 1110 1049 templum
1140 996 1223 1050 Ap.
1253 995 1476 1037 Claudium
1507 998 1636 1051 obpo-

227 1072 244 1101 9
273 1057 366 1098 suit.
427 1057 574 1097 horum
605 1073 758 1112 magno
790 1057 1013 1098 certamine
1044 1058 1153 1098 intra
1182 1073 1337 1113 paucos
1377 1059 1464 1099 dies
1503 1067 1633 1100 turres

272 1120 503 1173 arietesque
536 1128 576 1160 et
607 1120 711 1161 alius
744 1120 877 1161 omnis
911 1121 1134 1175 adparatus
1167 1121 1541 1175 obpugnandarum
1566 1136 1634 1161 ur-

207 1196 246 1225 10
272 1181 385 1222 bium
410 1182 631 1237 perficitur.
671 1190 711 1222 et
737 1197 830 1222 cum
856 1198 955 1237 ager
970 1183 1265 1224 Heracleensis
1290 1184 1475 1238 paluster
1500 1184 1632 1224 omnis

271 1247 549 1299 frequensque
581 1247 763 1300 proceris
797 1246 1013 1287 arboribus
1051 1246 1231 1301 benigne
1264 1247 1316 1286 ad
1348 1261 1469 1287 omne
1501 1262 1632 1300 genus

208 1320 244 1350 11
273 1324 443 1364 operum
485 1309 701 1350 materiam
746 1309 1057 1363 subpeditabat,
1108 1316 1213 1356 tum,
1263 1309 1359 1362 quia
1394 1310 1633 1363 refugerant

273 1371 381 1411 intra
416 1371 580 1411 moenia
616 1371 778 1419 Aetoli,
828 1371 1012 1419 deserta,
1062 1385 1167 1423 quae
1204 1371 1245 1411 in
1283 1371 1487 1411 vestibulo
1520 1372 1633 1412 urbis

273 1440 408 1481 erant,
453 1440 560 1473 tecta
591 1432 632 1472 in
666 1432 800 1473 varios
834 1448 934 1473 usus
968 1448 1050 1473 non
1082 1433 1197 1487 tigna
1226 1433 1350 1473 modo
1382 1440 1421 1473 et
1457 1433 1632 1481 tabulas,

274 1494 347 1534 sed
377 1493 548 1534 laterem
579 1508 742 1547 quoque
776 1501 817 1534 et
848 1502 1063 1534 caementa
1094 1503 1135 1534 et
1173 1510 1274 1535 saxa
1305 1494 1442 1535 variae
1474 1495 1635 1548 magni-

274 1555 428 1595 tudinis
456 1555 725 1609 praebebant.

230 1630 243 1658 1
358 1616 538 1657 XXHI.
600 1618 657 1658 Et
687 1617 868 1658 Romani
906 1617 1073 1671 quidem
1110 1617 1303 1672 operibus
1340 1618 1474 1673 magis
1512 1633 1635 1672 quam

274 1678 397 1719 armis
435 1680 581 1719 urbem
611 1680 929 1734 obpugnabant,
967 1680 1109 1721 Aetoli
1141 1687 1283 1721 contra
1315 1681 1439 1721 armis
1472 1696 1515 1722 se
1547 1689 1636 1721 tue-

228 1754 246 1783 2
273 1742 436 1782 bantur.
498 1757 595 1781 nam
621 1756 715 1782 eum
741 1742 867 1783 ariete
899 1750 1167 1795 quaterentur
1191 1743 1315 1791 muri,
1353 1758 1436 1783 non
1462 1743 1634 1796 laqueis,

272 1810 318 1843 ut
355 1802 507 1851 solent,
554 1812 750 1859 exceptos
789 1804 1054 1844 declinabant
1090 1804 1214 1853 ictus,
1261 1804 1336 1845 sed
1372 1805 1517 1846 armati
1555 1805 1636 1846 fre-

274 1872 466 1917 quentes,
505 1865 673 1918 quidam
705 1866 823 1920 ignes
856 1866 999 1915 etiam,
1038 1881 1140 1919 quos
1174 1867 1396 1921 aggeribus
1422 1867 1634 1914 inicerent,

229 1940 246 1968 3
274 1926 475 1967 ferebant.
535 1927 714 1968 fornices
747 1943 911 1981 quoque
941 1928 982 1968 in
1009 1943 1125 1968 muro
1156 1936 1273 1968 erant
1298 1929 1381 1983 apti
1414 1929 1466 1969 ad
1491 1943 1636 1969 excur-

271 1988 464 2037 rendum;
509 1996 549 2029 et
580 1989 659 2044 ipsi
694 2004 787 2030 cum
818 2005 892 2045 pro
926 1989 1071 2030 dirutis
1103 1989 1319 2030 reficerent
1351 2005 1510 2038 muros,
1549 2004 1636 2030 cre-

272 2051 430 2092 briores
457 2067 547 2101 eos,
574 2060 619 2093 ut
643 2053 830 2107 pluribus
857 2060 1140 2107 erumperetur
1165 2053 1207 2092 in
1233 2052 1395 2093 hostem
1421 2052 1541 2101 locis,
1575 2052 1636 2092 fa-

228 2126 247 2154 4
274 2113 450 2154 ciebant.
500 2113 578 2155 hoc
603 2115 746 2170 primis
773 2115 938 2163 diebus,
966 2115 1063 2154 dum
1089 2114 1274 2169 integrae
1301 2115 1408 2155 vires
1436 2121 1570 2163 erant,
1596 2121 1636 2154 et

273 2176 510 2228 frequentes
544 2184 585 2217 et
614 2177 776 2232 inpigre
808 2177 1013 2225 fecerunt,
1051 2177 1093 2216 in
1125 2177 1213 2217 dies
1245 2177 1394 2217 deinde
1419 2177 1634 2232 pauciores

229 2250 247 2278 5
273 2244 314 2277 et
340 2237 523 2292 segnius.
585 2239 739 2279 etenim
771 2253 864 2279 cum
895 2239 1034 2279 multis
1067 2247 1312 2293 urgerentur
1342 2239 1487 2287 rebus,
1524 2238 1637 2278 nulla

274 2313 344 2340 eos
370 2314 436 2340 res
464 2314 593 2353 acque
620 2315 668 2341 ac
693 2301 859 2355 vigiliae
886 2301 1174 2349 conficiebant,
1200 2301 1401 2341 Romanis
1423 2300 1465 2340 in
1483 2315 1636 2355 magna

275 2361 393 2415 copia
429 2362 605 2402 militum
644 2364 963 2404 succedentibus
1002 2363 1091 2403 aliis
1123 2364 1165 2403 in
1197 2363 1417 2404 stationem
1449 2363 1634 2411 aliorum,

275 2422 449 2463 Aetolos
485 2432 653 2479 propter
689 2425 938 2480 paucitatem
976 2425 1145 2465 eosdem
1178 2425 1264 2465 dies
1302 2433 1527 2478 noctesque
1564 2424 1636 2464 ad-

233 2495 251 2524 6
278 2483 395 2523 siduo
422 2484 561 2525 labore
587 2495 744 2527 urente.
804 2502 878 2542 per
903 2494 1097 2540 quattuor
1123 2494 1162 2528 et
1188 2486 1335 2541 viginti
1366 2487 1475 2535 dies,
1511 2485 1568 2526 ita
1590 2494 1636 2525 ut

278 2544 435 2584 nullum
461 2556 623 2601 tempus
650 2563 826 2589 vacuum
853 2548 1115 2589 dimicatione
1142 2557 1264 2595 esset,
1291 2549 1491 2589 adversus
1517 2555 1634 2600 quat-

278 2611 369 2645 tuor
405 2622 426 2646 e
462 2609 647 2661 partibus
691 2611 813 2650 simul
856 2612 1165 2665 obpugnantem
1211 2611 1372 2652 hostem
1409 2617 1632 2651 nocturnus
