1799 2900
503 185 656 219 LIBER
682 186 829 231 XXXI,
855 186 909 220 44.
930 185 984 220 45.
1014 188 1061 230 [a.
1077 185 1211 228 0200]
1482 173 1538 216 39

181 289 320 332 omnia
328 289 666 345 profanarentur:
682 289 772 330 loca
786 304 962 343 quoque,
973 290 1014 330 in
1024 289 1172 343 quibus
1187 288 1368 344 positum
1383 287 1538 341 aliquid
1565 300 1583 330 5

180 352 481 407 inscriptumve
506 351 674 393 honoris
701 352 789 393 cius
817 367 942 393 causa
967 352 1129 400 fuisset,
1156 349 1417 392 detestabilia
1443 364 1536 390 esse

181 429 315 468 neque
351 414 393 454 in
430 414 480 455 iis
516 414 736 467 quicquam
769 422 915 469 postea
945 414 1043 469 poni
1075 413 1337 466 dedicarique
1374 412 1538 466 placere

181 491 341 526 eorum,
380 491 486 530 quae
521 476 564 516 in
600 476 691 517 loco
728 491 831 531 puro
874 477 974 531 poni
1011 476 1274 529 dedicarique
1312 475 1376 515 fas
1414 481 1537 515 esset.

181 539 417 579 sacerdotes
455 539 664 593 publicos,
704 538 1074 591 quotienscumque
1112 553 1186 592 pro
1217 537 1372 592 populo
1403 536 1538 577 Athe-
1563 548 1583 580 e,

179 601 315 642 niensi
341 601 559 654 sociisque,
586 601 834 642 exercitibus
861 610 899 642 et
926 601 1129 642 elassibus
1157 615 1299 641 eorum
1322 613 1541 654 precaren-

180 671 262 712 tur,
295 663 446 704 totiens
472 663 668 705 detestari
700 673 823 717 atque
856 664 1062 705 exsecrari
1087 663 1348 718 Philippum,
1386 663 1539 703 liberos

180 724 268 766 eius
299 740 576 780 regnumque,
615 734 831 767 terrestres
864 725 1115 778 navalesque
1151 725 1312 780 copias,
1338 724 1540 765 Macedo-

180 803 280 828 num
312 803 444 843 genus
478 803 599 829 omne
630 803 877 841 nomenque.
939 788 1124 828 additum
1157 788 1342 828 decreto:
1381 786 1415 828 si
1446 786 1538 840 quis
1566 798 1583 827 7

181 851 279 904 quid
305 859 463 905 postea,
490 852 602 904 quod
628 851 680 891 ad
700 859 841 892 notam
867 851 1220 905 ignominiamque
1238 849 1423 905 Philippi
1447 864 1540 905 pcr-

181 914 347 963 tincret,
374 913 516 962 ferret,
543 913 586 953 id
611 929 731 954 omne
757 913 955 968 populum
981 912 1284 953 Atheniensem
1310 912 1538 961 iussurum3

182 975 217 1016 si
254 975 345 1028 quis
384 983 528 1016 contra
568 975 840 1029 ignominiam
876 989 1003 1029 prove
1046 974 1202 1015 honore
1241 974 1327 1015 eius
1366 974 1539 1014 dixisset
1565 983 1584 1013 8

181 1037 416 1087 secissetve,
443 1037 513 1090 qui
539 1037 759 1078 occidisset.
784 1052 897 1084 eum,
924 1036 1011 1076 iure
1038 1050 1268 1076 caesurum.
1329 1043 1539 1090 postremo

180 1099 404 1148 inclusum,
442 1107 487 1139 ut
519 1099 657 1139 omnia
688 1113 793 1151 quac
829 1098 1028 1138 adversus
1054 1097 1342 1138 Pisistratidas
1375 1098 1541 1138 decreta

181 1162 390 1214 quondam
421 1168 557 1209 erant,
596 1160 741 1201 eadem
774 1159 816 1200 in
840 1159 1038 1214 Philippo
1070 1167 1345 1200 servarentur.
1406 1159 1540 1200 Athe-
1566 1168 1583 1197 9

179 1222 346 1263 nienses
384 1222 551 1275 quidem
588 1221 733 1262 litteris
772 1221 1011 1274 verbisque,
1057 1221 1205 1273 quibus
1251 1220 1350 1261 solis
1387 1220 1539 1270 valent,

179 1285 333 1325 bellum
359 1285 559 1325 adversus
584 1284 828 1338 Philippum
853 1284 1067 1338 gerebant.

263 1346 515 1389 XXXXV.
563 1346 734 1386 Attalus
759 1346 1022 1398 Romanique
1055 1359 1147 1385 cum
1178 1344 1375 1386 Piraeum
1405 1345 1538 1399 primo
1567 1355 1579 1384 1

180 1409 231 1449 ab
251 1409 480 1450 Hermione
506 1408 722 1463 petissent,
748 1422 904 1463 paucos
930 1407 987 1449 ibi
1012 1406 1160 1448 morati
1186 1406 1273 1448 dies
1300 1406 1539 1459 oneratique
1566 1417 1584 1446 2

178 1484 309 1523 aeque
346 1470 563 1511 inmodicis
602 1470 654 1510 ad
690 1470 868 1510 honores
902 1470 1109 1511 sociorum
1147 1476 1270 1521 atque
1300 1468 1343 1508 in
1378 1468 1439 1508 ira
1469 1468 1541 1508 ad-

180 1546 324 1572 versus
350 1531 512 1573 hostem
538 1532 702 1572 fuerant
726 1531 1050 1572 Atheniensium
1075 1530 1264 1579 decretis,
1291 1529 1489 1584 navigant
1514 1544 1538 1569 a

180 1592 330 1633 Piraeo
357 1594 563 1634 Andrum.
597 1601 636 1633 et
663 1608 756 1633 cum
781 1593 823 1632 in
849 1602 982 1647 portu,
1010 1607 1133 1646 quem
1161 1591 1347 1633 Gaurion
1373 1599 1536 1639 vocant,
1565 1604 1582 1633 3

180 1654 476 1704 constitissent,
501 1655 641 1696 missis
665 1655 734 1708 qui
759 1662 1009 1710 temptarent
1036 1654 1339 1709 oppidanorum
1364 1653 1538 1702 animos,

182 1716 216 1756 si
247 1716 456 1757 voluntate
493 1717 654 1757 tradere
691 1717 836 1757 urbem
869 1731 993 1769 quam
1026 1716 1110 1755 vim
1142 1715 1319 1769 experiri
1356 1715 1537 1762 mallent,

180 1784 401 1832 postquam
430 1777 637 1832 praesidio
668 1777 783 1831 regio
815 1791 952 1817 arcem
982 1775 1112 1816 teneri
1142 1790 1219 1816 nec
1245 1791 1289 1816 se
1320 1774 1537 1830 potestatis
1564 1787 1582 1816 4

181 1854 280 1880 suae
323 1854 416 1880 esse
457 1839 784 1894 respondebant,
834 1838 1033 1893 expositis
1077 1837 1206 1891 copiis
1255 1837 1538 1891 adparatuque

181 1901 293 1942 omni
334 1901 500 1942 urbium
537 1901 910 1956 obpugnandarum
947 1899 1121 1939 diversis
1165 1899 1351 1953 partibus
1388 1913 1462 1939 rex
1498 1905 1538 1939 et

179 1962 342 2017 legatus
384 1963 600 2004 Romanus
643 1963 697 2003 ad
737 1963 883 2003 urbem
927 1962 1119 2002 subeunt.
1190 1961 1283 2015 plus
1328 1960 1536 2013 aliquanto
1564 1974 1582 2003 5

182 2023 368 2065 Graecos
393 2025 585 2066 Romana
615 2040 730 2065 arma
756 2024 957 2078 signaque
982 2038 1066 2064 non
1091 2030 1186 2063 ante
1218 2022 1307 2063 visa
1333 2022 1538 2075 animique

179 2086 355 2126 militum
382 2093 465 2127 tam
490 2094 679 2141 prompte
707 2085 1016 2127 succedentium
1048 2099 1187 2125 muros
1214 2092 1407 2125 terruere.
1461 2083 1538 2124 ita·
1565 2098 1582 2127 6

181 2162 259 2201 que
285 2148 385 2202 fuga
411 2149 618 2203 extemplo
644 2148 686 2188 in
712 2163 848 2189 arcem
873 2148 986 2188 facta
1007 2155 1082 2195 est,
1110 2147 1210 2186 urbe
1237 2146 1378 2186 hostes
1404 2145 1535 2200 potiti.

181 2218 221 2250 et
257 2210 298 2249 in
335 2225 428 2250 arce
466 2225 559 2251 cum
595 2211 768 2251 biduum
804 2211 883 2252 loci
921 2225 966 2251 se
1002 2209 1136 2264 magis
1171 2224 1293 2262 quam
1331 2223 1538 2249 armorum

180 2271 332 2311 fiducia
356 2272 606 2321 tenuissent,
640 2272 760 2313 tertio
787 2273 851 2313 die
877 2272 988 2327 pacti
1014 2272 1093 2326 ipsi
1118 2271 1466 2326 praesidiumque,
1493 2279 1538 2310 ut

182 2347 274 2373 011111
302 2333 475 2387 singulis
507 2334 765 2375 vestimentis
791 2334 962 2374 Delium
987 2333 1189 2374 Boeotiae
1220 2333 1536 2373 transveheren-

181 2404 265 2444 tur,
302 2396 448 2435 urbem
478 2410 697 2448 arcemque
730 2395 998 2436 tradiderunt.
1060 2409 1108 2435 ea
1138 2395 1190 2434 ab
1231 2394 1416 2435 {omanis
1447 2393 1535 2448 regi
1563 2408 1580 2436 7

181 2457 326 2498 Attalo
347 2472 558 2507 concessa,
584 2458 781 2512 praedam
802 2463 1127 2510 ornamentaque
1146 2456 1259 2497 urbis
1286 2456 1365 2510 ipsi
1385 2470 1536 2496 avexe-

180 2527 288 2561 runt.
348 2521 537 2569 Attalus,
575 2536 626 2561 110
660 2521 866 2561 desertam
898 2520 1068 2561 haberet
1092 2519 1290 2569 insulam,
1328 2527 1368 2561 ct
1391 2519 1536 2560 Blacc-

182 2583 337 2623 donum
362 2582 448 2623 fere
474 2582 664 2623 omnibus
692 2590 732 2624 et
763 2583 1012 2636 quibusdam
1039 2582 1293 2623 Andriorum
1320 2589 1365 2622 ut
1394 2596 1536 2622 mane-

181 2652 272 2685 rent
296 2645 513 2699 persuasit.
562 2652 708 2699 postea
733 2652 772 2686 et
799 2645 851 2686 ab
875 2644 1018 2694 Delio,
1046 2644 1116 2697 qui
1142 2659 1193 2684 ex
1217 2652 1338 2699 pacto
1364 2642 1534 2684 travecti
1561 2654 1579 2683 8
