1799 2900
163 323 200 351 14

184 755 201 783 [Ο

225 136 308 178 250
498 143 645 177 L1BER
673 142 858 185 xxxvi,
884 140 1030 175 35—37.
1058 143 1105 184 sa.
1122 153 1156 174 u.
1173 141 1296 184 0560]

227 249 301 289 sed
332 247 438 287 filius
471 260 632 299 quoque
658 244 841 299 Philippi
866 244 1126 292 Demetrius,
1164 244 1231 297 qui
1265 245 1388 283 obses
1414 243 1575 284 Romae

227 319 325 358 erat,
353 310 404 349 ad
425 316 583 363 patrem
601 307 860 347 reducendus
881 306 1028 359 legatis
1050 306 1169 346 datus
1185 313 1259 347 est.
1298 306 1449 346 bellum
1467 305 1576 357 quod

227 387 317 411 eum
346 370 555 410 Antiocho
587 383 684 422 rege
716 368 758 408 in
790 367 967 408 Graecia
998 380 1162 422 gestum
1195 375 1259 408 est
1290 383 1313 408 a
1337 367 1413 408 Μ’.
1440 366 1576 407 Acilio

227 432 394 474 consule
421 432 530 472 hunc
555 431 680 471 finem
704 430 859 470 habuit.

311 494 535 535 XXXVI.
584 493 705 532 Alter
732 492 875 532 consul
899 492 949 532 P.
978 486 1197 532 Cornelius
1227 491 1368 546 Scipio
1397 490 1577 531 Galliam

227 570 480 611 Ῑι1οι11101ιιιι
501 555 682 603 sortitus,
709 554 948 607 priusquam
970 554 1022 594 ad
1046 554 1213 602 bellum,
1241 554 1351 607 quod
1367 568 1459 593 cum
1473 552 1575 593 bois

227 619 454 673 gerendum
481 632 523 657 01
527 624 584 665 ιιι
622 615 969 671 pr-oficiscorotm‚
1001 616 1227 670 postularit
1254 616 1304 655 ab
1332 622 1496 663 senz‚1tu
1534 621 1579 654 ut

227 680 402 735 pecunia
435 679 511 719 sibi
544 679 834 719 decerneretur
860 679 911 718 ad
936 678 1075 727 ludos,
1108 692 1211 730 quos
1237 685 1403 732 praetor
1435 677 1476 716 in
1501 676 1580 716 Ili-

229 741 373 797 spania
404 741 509 781 inter
539 740 675 795 ipsum
708 740 929 780 discrimen
968 754 1132 794 pugnae
1171 739 1366 779 vovisset.
1426 753 1579 778 novum

228 813 350 856 atque
377 803 561 855 iniquum
583 802 793 857 postulare
815 810 877 842 est
902 802 1035 850 visus3
1063 810 1310 855 censuerunt
1337 815 1448 854 erg0‚
1476 815 1578 853 quos

228 866 346 906 ludos
373 865 605 905 inconsulto
638 872 783 904 senatu
816 878 867 904 ex
894 878 968 903 sua
997 862 1118 902 unius
1152 862 1356 902 sententia
1383 861 1578 910 vovisset,

229 943 297 968 eos¹
323 927 381 966 uti
410 927 459 967 de
480 926 699 971 manubiis.
727 925 760 966 si
781 940 904 978 quam
929 924 1147 979 pecuniam
1168 924 1219 963 ad
1245 924 1286 963 id
1311 928 1579 971 reservasset,

229 990 293 1030 vel
321 1005 395 1029 sua
426 989 515 1043 ipse
545 989 719 1042 inpensa
744 988 910 1028 faceret.
972 1002 1041 1027 eos
1074 986 1194 1027 ludos
1226 1001 1299 1040 per
1325 985 1411 1025 dies
1439 985 1580 1025 decem

227 1052 277 1092 P.
306 1051 523 1092 Cornelius
550 1051 659 1091 fecit.

313 1114 396 1153 Per
426 1113 535 1153 idem
565 1113 651 1153 fere
684 1119 846 1166 tempus
885 1111 1009 1152 aedes
1042 1109 1184 1150 matris
1221 1125 1398 1163 magnae
1429 1109 1581 1149 Idaeae

230 1175 417 1215 dedicata
433 1182 506 1222 est,
534 1189 655 1227 quam
677 1174 796 1214 deam
817 1173 850 1213 is
867 1174 914 1213 P.
932 1171 1151 1213 Cornelius
1174 1172 1390 1211 advectam
1411 1186 1460 1211 ex
1475 1170 1581 1210 Asia

228 1237 277 1277 P.
300 1236 494 1277 Cornelio
517 1235 724 1290 Scipione,
752 1235 814 1275 01ιί
842 1243 987 1288 postea
1010 1234 1209 1273 Africano
1236 1233 1312 1272 fuit
1337 1247 1579 1286 cognomen,

229 1299 278 1338 P.
296 1297 457 1338 Licinio
485 1297 722 1337 consulibus
749 1297 789 1336 in
810 1296 1017 1336 Palatium
1045 1310 1068 1335 a
1092 1295 1194 1335 mari
1220 1295 1435 1334 detulerat.
1472 1294 1582 1333 loca-

231 1367 375 1400 verant
405 1359 550 1399 aedem
575 1358 805 1398 faciendam
841 1372 891 1397 ex
924 1365 1090 1397 senatus
1118 1356 1304 1396 consulto
1331 1356 1392 1396 M.
1418 1355 1580 1404 Livius,

232 1421 281 1462 C.
299 1421 499 1462 Claudius
528 1435 719 1461 censores
747 1420 807 1460 M.
825 1420 1032 1467 Cornelio,
1059 1419 1108 1459 P.
1131 1418 1377 1472 Sempronio
1404 1417 1583 1458 consuli-

231 1485 327 1532 bus3
354 1483 550 1523 tredecim
576 1483 693 1522 annis
720 1490 815 1536 post
840 1496 962 1534 quam
988 1481 1123 1521 locata
1148 1488 1233 1520 erat
1261 1480 1466 1520 dedicavit
1491 1495 1582 1520 eam

229 1544 291 1585 M.
308 1545 451 1584 Iunius
466 1545 636 1592 Brutus,
652 1544 819 1596 ludique
842 1544 894 1583 ob
916 1543 1044 1582 dedic
1038 1542 1217 1582 ationem
1238 1541 1325 1581 eius
1346 1541 1457 1588 facti,
1480 1555 1531 1593 qu
1537 1556 1582 1581 os

231 1606 384 1660 primos
407 1605 618 1646 scaenicos
640 1605 769 1645 fuisse
784 1604 936 1644 Antias
950 1603 1143 1646 Valerius
1165 1610 1228 1643 est
1254 1610 1453 1650 auctor‚l
1434 1601 1584 1655 BIega-

231 1667 333 1707 lesia
349 1667 589 1721 adpellatos.
628 1667 734 1706 Item
748 1665 977 1706 Iuventatis
995 1664 1169 1705 aedem
1158 1680 1199 1704 1n
1215 1664 1322 1704 circo
1338 1663 1517 1704 maximo
1534 1662 1583 1704 C

232 1728 420 1769 Licinius
436 1729 638 1769 Lucullus
666 1728 857 1768 duumxii
877 1727 1306 1767 (ledicaxit.xoxe1at
1326 1741 1417 1766 eam
1439 1725 1586 1766 sexde-

233 1791 311 1831 cim
333 1791 450 1831 annis
472 1798 565 1831 ante
579 1791 640 1831 M.
656 1790 805 1830 Livius
827 1790 983 1838 consul,
1005 1804 1085 1842 quo
1107 1789 1170 1829 die
1184 1788 1495 1829 Hasdrubalem
1515 1802 1585 1828 ex-

232 1853 486 1905 ercitumque
501 1853 588 1893 eius
605 1852 770 1900 cecidit3
797 1852 907 1892 idem
923 1866 1068 1892 censor
1083 1866 1174 1891 eam
1188 1850 1421 1891 faciendam
1435 1849 1586 1890 locavit

190 1928 205 1956 7
231 1915 294 1955 M.
311 1913 518 1961 Cornelio,
539 1915 588 1955 P.
610 1913 857 1968 Sempronio
873 1914 1125 1954 consulibus.
1159 1912 1279 1952 huius
1295 1926 1456 1965 quoque
1472 1911 1586 1952 dedi-

192 2111 205 2139 l

191 2234 208 2263 2

234 1977 388 2016 candae
410 1991 535 2016 causa
552 1976 639 2016 ludi
658 1976 769 2024 facti,
797 1984 838 2017 et
857 1990 905 2016 eo
927 1975 1064 2016 omnia
1090 1989 1183 2014 cum
1207 1974 1361 2014 maiore
1386 1973 1584 2027 religione

233 2038 356 2086 facta,
382 2038 492 2090 quod
516 2053 670 2078 novum
696 2052 788 2077 curn
814 2036 1023 2077 Antiocho
1049 2036 1227 2076 instabat
1255 2035 1420 2075 bellum.

319 2099 566 2142 XXXVII.
602 2099 813 2154 Principio
829 2099 916 2139 eius
938 2098 1046 2145 anni,
1073 2112 1154 2150 quo
1175 2097 1277 2138 haec
1297 2097 1378 2137 iam
1398 2096 1584 2151 profecto

235 2161 286 2201 ad
311 2162 463 2201 bellum
490 2162 566 2202 Μ’.
586 2160 736 2210 Acilio,
762 2168 955 2200 manente
981 2160 1116 2200 adhuc
1137 2160 1297 2200 Romae
1317 2159 1367 2199 P.
1391 2157 1585 2199 Cornelio

238 2223 404 2263 consule
436 2224 684 2277 agebantur,
723 2223 850 2263 bores
889 2222 991 2262 duos
1025 2222 1200 2262 domitos
1237 2221 1279 2261 in
1313 2219 1476 2261 Carinis
1513 2234 1587 2274 per

237 2283 368 2325 scalas
396 2285 635 2339 pervenisse
660 2285 703 2324 in
736 2284 897 2338 tegulas
925 2284 1098 2323 aedificii
1130 2283 1337 2337 proditum
1365 2282 1586 2322 memoriae

237 2353 310 2386 est.
349 2362 419 2386 eos
440 2346 556 2387 vivos
579 2346 763 2387 comburi
778 2346 1037 2398 cineremque
1060 2360 1200 2386 eorum
1221 2344 1325 2385 deici
1346 2345 1387 2384 in
1402 2343 1586 2383 Tiberim

194 2418 211 2447 3
238 2406 476 2461 haruspices
504 2409 722 2448 iusserunt.
779 2407 1030 2448 Tarracinae
1057 2414 1095 2447 et
1121 2406 1329 2447 Amiterni
1354 2405 1587 2446 nuntiatum

197 2601 211 2628 4

238 2477 299 2507 est
319 2470 563 2521 aliqumiens
589 2470 795 2524 lapidibus
821 2469 1019 2524 pluvisse,
1045 2469 1280 2509 lVIenturnis
1308 2468 1452 2508 aedem
1473 2466 1586 2507 Iovis

240 2536 280 2568 et.
304 2531 494 2570 tabernas
521 2532 628 2572 circa
658 2532 793 2572 forum
819 2532 869 2572 de
895 2532 1008 2571 caelo
1040 2538 1170 2571 tactas
1197 2545 1301 2579 esse,
1328 2528 1519 2572 Volturni
1545 2528 1584 2567 in

243 2589 345 2629 ostio
360 2591 535 2632 fluminis
551 2593 652 2632 duas
667 2608 793 2633 naves
812 2592 981 2633 fulmine
998 2592 1099 2633 ictas
1116 2592 1406 2646 conflagrasse.
1445 2603 1583 2632 eorum
