1799 2900
178 463 196 492 10

175 1710 192 1739 10

225 152 307 193 278
497 158 650 193 Lissssss
675 158 877 202 xxxvn,
903 158 955 192 22.
977 158 1030 193 23.
1060 161 1109 202 [a.
1129 171 1160 192 u.
1177 170 1205 193 ο.
1221 158 1303 202 5134]

222 262 401 318 lesponti
444 277 548 317 opus
594 271 751 310 essent,
795 260 1029 302 Romanam.
1063 262 1354 315 Rhodiamque
1400 262 1575 304 classem

222 326 355 366 redire
383 324 558 365 Samum
584 330 705 377 atque
731 323 787 364 ibi
815 323 856 364 in
882 325 1058 365 statione
1084 339 1189 373 esse,
1216 340 1268 365 ne
1292 325 1575 379 Polyxenidas

223 389 274 429 ab
310 387 482 442 Epheso
520 394 717 427 moveret.
783 401 857 426 rex
891 387 1085 436 Elaeam,
1122 387 1302 427 Romani
1340 402 1388 427 ac
1424 387 1576 428 Rhodii

224 452 398 491 Samum
422 450 646 490 redierunt.
706 449 763 489 ibi
787 449 960 490 BIarcus
986 449 1192 490 Aemilius
1224 450 1350 490 frater
1374 450 1576 504 praetoris

222 512 414 553 decessit.
473 511 614 553 Rhodi
646 511 863 551 celebratis
896 512 1121 565 exsequiis,
1159 512 1358 553 adversus
1387 513 1576 562 classem,

222 589 346 628 quam
372 574 484 614 fama
515 580 602 614 erat
634 588 685 613 ex
712 572 837 627 Syria
862 574 1021 623 venire,
1052 574 1251 614 tredecim
1284 574 1368 615 suis
1401 575 1576 615 navibus

221 645 261 677 et
285 651 368 677 una
394 635 485 677 Coa
510 635 816 689 quinqueremi,
850 636 979 677 altera
1006 636 1177 685 Cnidia,
1203 636 1418 685 Rhodum,
1451 646 1497 677 ut
1521 637 1577 677 ibi

221 699 262 739 in
290 699 465 740 statione
492 706 644 747 essent,
671 698 848 753 profecti
873 707 981 739 sunt.
1037 698 1162 738 biduo
1189 706 1411 751 antequam
1436 700 1578 740 Euda-

219 777 312 802 mus
350 776 444 802 cum
481 761 614 801 classe
647 762 698 802 ab
734 759 860 801 Samo
893 761 1069 810 veniret,
1108 761 1307 801 tredecim
1345 761 1396 801 ab
1426 761 1577 802 Rhodo

220 838 347 864 naves
380 838 474 863 cum
503 823 770 877 Pamphilida
806 823 1018 878 praefecto
1057 823 1256 864 adversus
1290 824 1465 864 eandem
1499 822 1579 878 Sy-

218 888 372 929 riacam
398 888 576 928 classem
601 887 768 937 missae,
796 887 1032 942 adsumptis
1058 886 1234 927 navibus
1257 894 1449 939 quattuor
1474 901 1578 940 quae

221 950 369 991 Cariae
396 950 602 1005 praesidio
629 958 764 999 erant,
798 949 1136 1004 obpugnantibus
1170 949 1296 1003 regiis
1321 948 1514 989 Daedala
1539 956 1579 989 et

219 1013 425 1065 quaedam
474 1012 554 1053 alia
602 1012 787 1053 Peraeae
837 1012 1008 1052 castella
1056 1011 1271 1052 obsidione
1321 1018 1576 1052 exemerunt.

219 1075 457 1114 Eudamum
483 1074 703 1116 confestim
729 1074 840 1114 exire
873 1073 1041 1128 placuit.
1103 1074 1268 1114 additae
1295 1073 1390 1114 huic
1415 1088 1579 1127 quoque

221 1144 315 1177 sunt
347 1137 400 1178 ad
431 1152 523 1178 eam
554 1137 731 1177 classem
765 1150 890 1189 quam
922 1136 1104 1177 habebat
1135 1151 1209 1176 sex
1235 1144 1401 1190 apertae
1434 1151 1576 1176 naves.

219 1200 430 1254 profectus
464 1214 576 1248 cum,
609 1207 808 1252 quantum
835 1199 1069 1239 adcelerare
1095 1206 1276 1252 poterat,
1314 1206 1576 1246 maturasset,

221 1261 274 1301 ad
309 1271 494 1316 portum,
533 1276 656 1314 quem
680 1261 895 1315 Megisten
928 1268 1096 1308 vocant,
1129 1275 1399 1314 praegressos
1433 1274 1578 1300 conse-

220 1323 370 1376 quitur.
440 1322 535 1364 inde
576 1337 658 1363 uno
703 1323 866 1376 agmine
902 1322 1171 1363 Phaselidem
1216 1336 1308 1362 cum
1351 1321 1576 1370 venissent,

221 1385 422 1440 optimum
448 1385 583 1426 visum
609 1392 672 1425 est
696 1385 753 1424 ibi
779 1384 941 1425 hostem
967 1384 1159 1439 opperiri.

305 1447 484 1488 XXIII.
533 1448 584 1488 In
616 1447 791 1488 confinio
823 1447 982 1500 Lyciae
1013 1456 1053 1487 et
1078 1446 1352 1500 Pamphyliae
1383 1446 1576 1486 Phaselis

220 1518 301 1559 est3
334 1509 539 1564 prominet
563 1509 728 1564 penitus
761 1508 802 1548 in
829 1509 956 1548 altum
982 1508 1315 1562 conspiciturque
1340 1508 1473 1562 prima
1498 1515 1578 1548 ter-

219 1587 358 1612 rarum
392 1571 589 1612 Rhodum
626 1586 649 1611 a
688 1569 836 1611 Cilicia
872 1570 1108 1624 petentibus
1147 1578 1187 1610 et
1230 1570 1373 1624 procul
1410 1570 1577 1610 navium

218 1634 390 1688 praebet
421 1642 701 1689 prospectum.
763 1648 811 1674 eo
837 1633 1036 1681 maxime,
1068 1640 1114 1672 ut
1138 1632 1181 1672 in
1207 1632 1328 1673 obvio
1356 1632 1479 1672 classi
1505 1632 1579 1673 ho-

220 1695 345 1736 stium
370 1703 522 1744 essent,
550 1695 705 1736 electus
731 1695 847 1736 locus
875 1702 950 1735 est.
1012 1702 1210 1743 ceterum,
1239 1693 1351 1747 quod
1376 1709 1459 1734 non
1483 1708 1579 1748 pro-

219 1758 430 1806 viderunt,
458 1766 499 1798 et
522 1757 614 1799 loco
639 1757 757 1813 gravi
782 1767 821 1798 et
849 1766 1034 1811 tempore
1060 1756 1157 1797 anni
1180 1780 1236 1785 —-
1261 1755 1443 1796 medium
1469 1755 1579 1796 enim

220 1820 388 1861 aestatis
422 1827 509 1860 erat
532 1844 607 1868 —‚
645 1819 696 1860 ad
734 1819 812 1860 hoc
848 1819 1014 1860 insolito
1053 1819 1179 1860 odore
1215 1818 1408 1873 ingruere
1446 1817 1579 1859 morbi

220 1882 359 1937 vulgo,
384 1882 564 1923 maxime
589 1882 632 1922 in
656 1882 850 1937 remiges,
877 1889 1115 1937 coeperunt.
1176 1882 1292 1922 cuius
1318 1881 1577 1936 pestilentiae

218 1954 331 1986 metu
356 1946 532 2000 profecti
558 1960 652 1986 eum
676 1944 1092 2000 praeterveherentur
1103 1944 1401 1998 Pamphylium
1428 1944 1576 1991 sinum,

219 2008 272 2048 ad
307 2008 664 2061 Eurymedontem
706 2022 872 2048 amnem
915 2007 1096 2061 adpulsa
1137 2007 1270 2047 classe
1314 2006 1485 2046 audiunt
1527 2006 1578 2046 ab

218 2069 447 2124 Aspendiis
475 2069 526 2110 ad
553 2068 698 2111 Sidam
722 2070 806 2110 iam
839 2069 970 2110 hostis
997 2084 1102 2110 esse.
1164 2069 1320 2110 tardius
1353 2069 1578 2122 navigave-

218 2140 311 2173 rant
334 2133 438 2187 regii
470 2133 645 2174 adverso
671 2142 857 2188 tempore
884 2132 1118 2182 etesiarum,
1146 2133 1258 2186 quod
1284 2132 1398 2173 velut
1424 2139 1577 2172 statum

219 2196 382 2236 favonis
409 2195 542 2236 ventis
569 2203 645 2236 est.
693 2196 955 2237 Rhodiorum
980 2196 1086 2236 duae
1113 2203 1153 2236 et
1173 2195 1341 2249 triginta
1367 2194 1578 2248 quadrire-

220 2272 308 2298 mes
340 2265 378 2298 et
406 2266 598 2311 quattuor
635 2258 821 2299 triremes
848 2259 984 2308 fuere3
1020 2258 1137 2313 regia
1168 2257 1314 2298 classis
1347 2264 1508 2312 septem
1539 2264 1580 2298 et

220 2320 389 2375 triginta
408 2320 574 2362 maioris
595 2321 753 2362 formae
772 2320 941 2362 navium
961 2328 1060 2370 erat,
1086 2321 1129 2361 in
1151 2320 1299 2373 quibus
1326 2327 1409 2361 tres
1436 2319 1579 2374 hepte-

220 2398 305 2431 rcs,
343 2392 536 2436 quattuor
568 2383 743 2425 hexeres
776 2384 969 2425 habebat.
1030 2391 1194 2439 praeter
1224 2384 1300 2424 has
1334 2383 1477 2424 decem
1509 2382 1579 2423 tri-

220 2458 354 2485 remes
393 2454 521 2486 erant.
594 2454 634 2487 et
669 2446 711 2486 hi
749 2447 897 2488 adesse
935 2447 1066 2487 hostis
1104 2462 1156 2488 ex
1193 2446 1363 2501 specula
1400 2446 1577 2499 quadam

223 2515 516 2559 cognoverunt.
589 2516 762 2562 utraque
808 2508 953 2550 classis
991 2516 1158 2564 postero
1197 2509 1261 2549 die
1304 2508 1394 2549 luce
1431 2507 1576 2563 prima,

222 2574 431 2619 tamquam
457 2585 505 2610 eo
532 2570 597 2610 die
622 2578 877 2625 pugnatura,
909 2586 930 2611 e
955 2580 1076 2624 portu
1106 2571 1254 2619 movit3
1292 2577 1332 2611 et
1356 2578 1576 2624 postquam

224 2643 469 2683 superavere
496 2631 634 2671 Rhodi
659 2631 1000 2685 promunturium,
1028 2632 1139 2685 quod
1165 2633 1217 2673 ab
1245 2631 1347 2672 Sida
1371 2629 1574 2686 prominet
