1799 2900
178 304 197 332 5

179 488 197 516 6

180 674 195 681 ›-

183 686 190 701 A

158 1229 198 1258 10

160 1353 195 1381 11

183 2644 198 2651 ,,

185 2652 194 2671 A

224 175 279 216 54
514 179 668 213 LIBER
694 178 862 222 XXXII,
893 178 942 212 10.
966 178 1018 212 11.
1047 178 1285 222 [a.u.e.556]

222 301 306 327 non
338 297 619 324 excessurum.
682 281 716 321 si
754 296 856 334 quas
889 288 1157 334 quererentur
1192 282 1291 323 belli
1328 283 1467 325 clades
1505 299 1579 327 eae

223 348 429 393 civitates,
463 359 557 384 cum
583 344 732 397 quibus
759 344 956 385 bellatum
982 344 1107 394 foret,
1139 344 1292 386 arbitro
1319 359 1399 398 quo
1427 347 1580 388 vellent

220 408 482 464 populorum,
509 420 603 446 eum
629 406 778 459 quibus
809 421 893 460 pax
917 407 1103 459 utrisque
1129 406 1289 456 fuisset,
1317 422 1361 448 se
1392 422 1578 448 usurum.

223 472 367 513 consul
403 470 505 510 nihil
536 470 590 509 ad
625 469 668 509 id
699 469 866 522 quidem
898 469 1050 510 arbitro
1083 478 1154 510 aut
1183 470 1318 510 iudice
1350 485 1454 524 opus
1487 486 1579 512 esse

224 535 378 575 dicere:
411 532 476 572 cui
502 531 612 572 enim
637 546 720 572 non
747 531 947 585 adparere
974 532 1024 572 ab
1051 546 1118 579 eo,
1151 531 1220 584 qui
1244 531 1355 585 prior
1381 547 1494 572 arma
1518 532 1580 572 in-

224 596 405 644 tulisset,
442 593 635 634 iniuriam
671 593 828 633 ortam?
865 606 941 632 nec
970 592 1213 647 Philippum
1251 593 1303 632 ab
1339 593 1433 633 ullis
1472 593 1580 634 bello

224 657 463 698 lacessitum
488 655 671 710 priorem
697 654 780 694 vim
806 654 996 695 omnibus
1028 654 1192 695 fecisse.
1240 654 1336 694 inde
1363 669 1456 695 cum
1482 669 1581 710 age-

222 727 346 767 retur,
374 733 479 771 quae
506 717 694 757 civitates
721 716 960 757 liberandae
986 724 1145 765 essent,
1172 716 1400 758 Thessalos
1426 717 1580 772 primos

222 781 407 823 omnium
444 778 674 820 nominavit
711 778 869 819 consul.
937 778 990 818 ad
1025 778 1068 818 id
1105 793 1202 818 vero
1240 778 1343 819 adeo
1380 793 1581 820 accensus

221 843 505 898 indignatione
538 848 600 882 est
632 856 724 889 rex,
762 848 807 881 ut
842 840 1093 881 exclamaret
1131 840 1248 893 ‘quid
1280 841 1387 881 victo
1413 841 1580 895 gravius

221 905 461 960 imperares,
488 903 538 944 T.
566 902 781 955 Quincti?'
828 909 950 955 atque
976 903 1034 943 ita
1059 917 1103 943 se
1133 918 1184 943 ex
1209 902 1426 955 conloquio
1452 903 1582 958 prori-

221 968 330 1022 puit,
374 975 415 1007 et
451 973 727 1020 temperatum
765 979 888 1019 aegre
933 972 1014 1014 est,
1058 964 1158 1017 quin
1193 964 1441 1014 missilibus,
1486 964 1583 1018 quia

224 1028 417 1083 dirempti
446 1028 584 1068 medio
610 1026 722 1067 amni
753 1027 936 1075 fuerant,
973 1042 1158 1082 pugnam
1188 1026 1295 1066 inter
1322 1042 1366 1067 se
1392 1041 1582 1068 consere-

223 1099 327 1131 rent.
388 1100 555 1144 postero
589 1089 654 1130 die
685 1104 760 1144 per
791 1088 1058 1130 excursiones
1090 1089 1143 1129 ab
1170 1089 1416 1130 stationibus
1448 1089 1581 1144 primo

221 1153 264 1194 in
306 1152 475 1207 planitie
518 1151 618 1192 satis
662 1151 715 1191 ad
756 1150 798 1190 id
840 1151 1000 1204 patenti
1041 1150 1172 1191 multa
1212 1151 1322 1191 levia
1359 1151 1582 1192 commissa

223 1215 380 1269 proelia
419 1222 531 1261 sunt,
575 1213 724 1253 deinde
761 1213 1057 1267 recipientibus
1096 1228 1140 1253 se
1176 1213 1302 1267 regiis
1339 1213 1381 1252 in
1418 1222 1507 1253 arta
1542 1221 1582 1253 et

227 1276 476 1329 confragosa
506 1275 599 1315 loca
630 1275 828 1315 aviditate
860 1275 1027 1314 accensi
1063 1275 1299 1315 certaminis
1337 1290 1385 1315 eo
1418 1289 1581 1328 quoque

225 1337 406 1378 Romani
430 1346 714 1391 penetravere.
763 1351 838 1390 pro
865 1336 928 1376 his
955 1337 1056 1376 ordo
1083 1344 1120 1376 et
1148 1336 1335 1377 militaris
1362 1337 1581 1391 disciplina

224 1408 264 1439 ct
295 1414 426 1452 genus
458 1413 668 1439 armorum
700 1407 787 1438 erat
818 1406 959 1452 aptum
992 1398 1180 1452 tegendis
1213 1399 1474 1452 corporibus,
1506 1413 1580 1452 pro

224 1460 344 1501 hoste
375 1460 467 1501 loca
500 1469 538 1500 ct
571 1460 803 1514 catapultae
842 1460 1113 1512 ballistaeque
1144 1461 1186 1500 in
1223 1461 1413 1501 omnibus
1451 1475 1580 1514 prope

224 1522 395 1576 rupibus
416 1522 535 1575 quasi
559 1523 601 1561 in
625 1536 743 1561 muro
764 1521 1002 1575 dispositae.
1035 1522 1174 1561 multis
1201 1522 1297 1561 hinc
1322 1529 1445 1574 atque
1468 1522 1582 1562 illine

223 1584 463 1624 vulneribus
491 1583 671 1638 acceptis
693 1597 786 1623 eum
807 1583 943 1631 etiam,
970 1591 1014 1622 ut
1033 1583 1075 1623 in
1100 1583 1257 1638 proelio
1277 1584 1399 1632 iusto,
1427 1583 1583 1636 aliquot

225 1647 485 1694 cecidissent,
512 1661 596 1686 nox
621 1660 786 1700 pugnae
811 1646 936 1685 finem
961 1645 1072 1685 facit.

308 1707 392 1748 XI.
444 1706 553 1748 Cum
588 1707 632 1747 in
667 1707 747 1747 hoe
784 1714 894 1747 statu
923 1722 990 1747 res
1023 1714 1153 1755 esset,
1191 1715 1334 1761 pastor
1365 1707 1533 1760 quidam
1558 1723 1582 1748 a

224 1767 420 1823 Charopo
450 1769 636 1823 principe
666 1768 936 1823 Epirotarum
967 1768 1121 1809 missus
1155 1768 1373 1810 deducitur
1399 1769 1451 1809 ad
1485 1783 1582 1810 con-

224 1831 369 1871 sulem.
418 1830 453 1871 is
481 1845 524 1871 se
549 1830 593 1870 in
618 1845 666 1872 co
693 1830 813 1878 saltu,
842 1830 909 1883 qui
935 1830 1060 1884 regiis
1086 1840 1174 1870 tum
1194 1838 1402 1871 teneretur
1421 1830 1580 1879 eastris,

224 1899 456 1933 armentum
497 1906 668 1946 pascere
714 1892 881 1932 solitum
923 1892 977 1932 ait
1021 1906 1164 1932 omnes
1203 1892 1404 1933 montium
1440 1907 1581 1934 eorum

224 1955 448 1994 amfractus
477 1954 686 2007 collesque
712 1969 856 1994 nosse:
901 1954 935 1994 si
963 1968 1105 1994 secum
1132 1953 1291 2006 aliquos
1318 1954 1463 1995 consul
1488 1954 1581 1994 mit-

224 2024 309 2056 tere
335 2015 446 2064 velit,
475 2030 519 2056 se
544 2031 628 2056 non
653 2015 794 2068 iniquo
820 2029 897 2056 nee
921 2015 1155 2070 perdifficili
1181 2016 1293 2055 aditu
1316 2031 1439 2069 super
1459 2023 1581 2070 eaput

223 2078 406 2119 hostium
431 2093 501 2118 eos
529 2077 814 2118 deducturum.
876 2078 979 2118 haec
1002 2077 1073 2117 ubi
1100 2078 1244 2118 consul
1276 2078 1451 2127 audivit,
1488 2093 1581 2132 per-

225 2146 462 2180 cunctatum
487 2140 540 2179 ad
567 2137 809 2194 Charopum
833 2139 970 2187 mittit,
999 2139 1153 2179 satisne
1180 2140 1433 2180 credendum
1458 2154 1582 2194 super

224 2209 337 2241 tanta
361 2216 404 2242 re
430 2201 585 2256 agresti
611 2208 810 2241 censeret.
873 2200 1092 2255 Charopus
1118 2201 1344 2241 renuntiari
1367 2201 1499 2250 iubet,
1525 2201 1583 2241 ita

225 2264 428 2313 erederet,
455 2271 500 2303 ut
528 2262 600 2318 [si]
631 2278 730 2304 suae
754 2263 891 2318 potius
918 2263 1057 2304 omnia
1081 2277 1205 2316 quam
1229 2263 1338 2304 illius
1363 2263 1580 2318 potestatis

225 2332 376 2366 essent.
415 2339 509 2366 011111
533 2325 668 2379 magis
694 2325 820 2366 vellet
844 2326 1011 2366 credere
1039 2340 1162 2378 quam
1188 2326 1359 2366 auderet
1385 2325 1581 2366 mixtum-

224 2401 303 2439 que
335 2388 487 2441 gaudio
518 2395 558 2428 et
588 2394 703 2428 metu
735 2387 930 2438 animum
947 2395 1128 2442 gereret,
1167 2387 1409 2428 auctoritate
1442 2395 1579 2428 motus

227 2447 411 2503 Charopi
443 2449 621 2503 experiri
658 2464 776 2504 spem
814 2449 996 2490 oblatam
1034 2449 1174 2489 statuit
1208 2456 1266 2498 et,
1303 2456 1347 2489 ut
1377 2456 1580 2490 averteret

225 2523 310 2548 re1n
349 2511 400 2549 ab
440 2511 686 2564 suspitione,
731 2511 856 2552 biduo
899 2511 1134 2564 insequenti
1175 2512 1381 2552 lacessere
1418 2511 1579 2552 hostem

227 2569 438 2622 dispositis
465 2573 516 2611 ab
542 2573 653 2612 omni
677 2580 794 2627 parte
821 2573 950 2626 copiis
983 2573 1382 2626 succedentibusque
1407 2572 1579 2627 integris

226 2630 268 2670 in
304 2630 440 2671 locum
473 2633 730 2674 defessorum
763 2649 845 2675 non
878 2634 1045 2675 destitit.
1109 2643 1299 2687 quattuor
1335 2634 1448 2675 milia
1483 2633 1578 2674 inde
