1799 2900
267 73 351 114 410
518 79 671 114 LIBER
697 79 943 125 XXXVIIII,
968 80 1023 115 40.
1043 79 1096 114 41.
1127 83 1175 124 [a.
1189 92 1224 115 u.
1240 92 1268 115 e.
1282 81 1364 124 570]

266 185 375 226 idem
412 190 632 238 postquam
670 183 723 223 ad
761 197 936 237 magnos
973 183 1151 225 honores
1187 185 1394 240 pervenit,
1434 200 1620 227 summus

265 247 506 300 imperator,
545 253 585 285 ct
610 244 720 285 idem
750 244 792 284 in
817 259 938 299 pace,
977 245 1011 285 si
1036 246 1099 285 ius
1126 247 1382 296 consuleres,
1422 247 1621 301 peritissi—

223 323 239 352 7
265 323 377 356 mus,
405 307 439 347 si
465 320 591 347 causa.
616 307 773 347 oranda
798 314 927 356 essct,
954 307 1336 361 eloquentissimus3
1370 324 1446 350 nec
1471 309 1504 349 is
1532 318 1620 349 tan-

264 378 351 410 tum
377 368 493 409 cuius
520 368 663 423 lingua
683 368 777 409 vivo
803 383 851 409 eo
872 369 1062 423 viguerit,
1088 379 1399 412 monumentum
1426 371 1620 424 cloquen-

264 431 346 471 tiae
377 430 536 470 nullum
570 439 723 479 exstet,
758 430 859 471 vivit
889 431 1015 472 immo
1047 432 1241 486 vigetque
1268 433 1502 486 eloquentia
1532 433 1619 474 eius

219 508 238 535 8
266 502 427 534 sacrata
453 493 616 548 scriptis
636 493 770 533 omnis
797 493 976 548 generis.
1009 495 1214 536 orationes
1242 504 1282 536 ct
1306 511 1380 550 pro
1402 511 1445 536 se
1466 495 1620 536 multae

264 563 302 595 et
329 570 403 610 pro
430 555 519 595 aliis
547 562 587 596 et
617 555 660 595 in
691 555 814 596 alios:
853 571 949 596 nam
980 571 1062 597 non
1088 557 1223 597 solum
1255 558 1507 607 accusando,
1546 557 1621 598 sed

221 634 237 660 9
265 617 389 658 etiam
410 631 579 658 eausam
599 617 776 658 dicendo
796 617 988 671 fatigavit
1008 618 1208 659 inimicos.
1243 619 1473 660 simultates
1494 619 1620 660 nimio

262 679 400 734 plures
428 687 467 720 et
488 687 760 720 exercuerunt
780 694 871 720 eum
892 689 931 720 et
957 680 1046 735 ipse
1073 682 1255 721 exercuit
1282 696 1371 730 cas3
1398 695 1475 722 nec
1500 681 1620 722 facile

263 742 435 791 dixeris,
469 750 605 782 utrum
631 741 767 796 magis
799 743 998 796 presserit
1023 757 1116 783 eum
1142 743 1335 784 nobilitas
1363 758 1415 783 an
1440 743 1508 784 ille
1534 743 1622 798 agi-

199 818 237 845 10
264 804 411 845 taverit
438 804 710 845 nobilitatem.
754 804 891 859 asperi
915 805 1061 858 procul
1087 805 1211 845 dubio
1238 805 1365 845 animi
1389 813 1430 845 et
1455 805 1621 860 linguae

263 867 436 907 acerbae
463 874 502 907 et
526 866 731 907 imnodiee
763 866 916 907 liberae
943 867 1039 916 fuit,
1072 868 1146 908 sed
1171 867 1311 908 invicti
1339 883 1362 908 a
1387 868 1621 922 cupiditati-

262 928 340 968 bus
367 928 511 977 animi,
538 928 696 983 rigidae
722 928 1002 978 innocentiae,
1030 937 1290 984 contemptor
1315 930 1490 984 gratiae,
1518 929 1621 970 divi-

198 1003 232 1031 11
263 990 424 1030 tiarum.
456 990 497 1030 in
517 990 783 1045 parsimonia,
811 991 850 1030 in
872 991 1071 1045 patientia
1094 991 1262 1039 laboris,
1288 991 1471 1046 periculi,
1498 992 1621 1033 ferrei

260 1067 389 1106 prope
416 1052 597 1106 corporis
625 1052 845 1105 animique,
873 1068 996 1106 quem
1021 1068 1072 1093 ne
1094 1062 1286 1094 senectus
1307 1053 1487 1106 quidem,
1514 1068 1620 1106 quae

199 1126 234 1154 12
263 1114 384 1154 solvit
412 1115 562 1163 onmia,
589 1115 772 1169 fregerit,
800 1115 868 1167 qui
896 1123 1059 1155 sextum
1083 1123 1123 1156 et
1144 1116 1446 1170 octogesimum
1467 1131 1620 1156 annum

261 1190 390 1229 agens
417 1189 585 1215 causam
611 1176 778 1223 dixerit,
811 1176 900 1231 ipse
932 1191 1007 1230 pro
1034 1192 1077 1217 se
1104 1177 1281 1217 oraverit
1312 1177 1618 1231 scripseritque,

261 1237 533 1291 nonagesimo
567 1254 674 1278 anno
709 1237 799 1279 Ser.
829 1237 1009 1279 Galbam
1041 1239 1094 1279 ad
1131 1239 1272 1294 populi
1305 1239 1520 1280 adduxerit
1558 1240 1620 1279 iu-

262 1298 427 1339 dicium.

222 1374 233 1402 1
346 1360 578 1401 XXXXL
630 1362 774 1410 Hunc,
813 1362 918 1402 sicut
950 1363 1063 1402 0111111
1094 1362 1195 1411 vita,
1234 1370 1321 1402 tum
1352 1370 1619 1417 prensantem

260 1423 475 1477 premebat
500 1423 712 1472 nobilitas3
741 1434 1120 1476 consenserantque
1145 1431 1308 1478 practer
1333 1425 1386 1465 L.
1405 1425 1617 1474 Flaccum,

261 1484 331 1537 qui
357 1485 516 1539 collega
547 1485 588 1524 in
615 1485 832 1525 consulatu
859 1485 1012 1533 suerat,
1046 1486 1254 1526 candidati
1279 1501 1423 1527 omnes
1450 1486 1502 1526 ad
1534 1486 1619 1526 dei-

216 1559 233 1588 2
263 1546 454 1586 ciendum
479 1546 654 1595 honore,
681 1562 764 1587 non
791 1547 925 1587 solum
951 1556 995 1587 ut
1024 1547 1104 1602 ipsi
1130 1548 1266 1602 potius
1294 1547 1620 1602 adipiScerentur

258 1623 335 1648 nec
356 1608 453 1661 quia
477 1608 799 1662 indignabantur
821 1624 976 1650 novum
1002 1609 1211 1650 hominem
1232 1624 1446 1650 censorem
1465 1609 1618 1658 videre,

262 1670 335 1711 sed
361 1670 485 1711 etiam
511 1671 622 1723 quod
646 1670 808 1711 tristem
835 1685 1056 1712 censuram
1088 1672 1444 1726 periculosamque
1470 1671 1620 1713 multo-

259 1747 351 1772 rum
384 1733 518 1772 famae
552 1740 592 1773 et
624 1733 675 1773 ab
707 1733 821 1773 laeso
860 1748 884 1773 a
920 1733 1129 1788 plerisque
1162 1744 1203 1774 et
1241 1734 1432 1774 laedendi
1470 1733 1618 1787 cupido

214 1808 232 1838 3
260 1795 570 1849 exspectabant.
620 1795 773 1836 etenim
799 1803 884 1835 tum
912 1810 1074 1849 quoque
1099 1796 1410 1836 minitabundus
1436 1797 1617 1850 petebat,

257 1857 460 1911 refragari
492 1857 569 1897 sibi
601 1857 670 1910 qui
706 1857 879 1898 liberam
913 1866 953 1898 et
990 1858 1139 1898 fortem
1172 1873 1390 1898 censuram
1427 1858 1617 1899 timerent

214 1932 233 1960 4
260 1919 529 1960 criminando.
589 1928 629 1959 et
656 1920 777 1960 simul
804 1920 856 1960 L.
877 1920 1047 1962 Valerio
1073 1921 1413 1974 subfragabatnr3
1441 1919 1510 1960 illo
1535 1935 1617 1960 uno

259 1981 418 2036 collega
444 1981 648 2036 castigare
676 1997 720 2022 se
745 1997 854 2023 nova
878 1982 1035 2037 flagitia
1059 1990 1100 2024 et
1123 1983 1282 2037 priseos
1308 1996 1503 2034 reyoeare
1528 1997 1614 2022 mo-

257 2058 323 2083 res
349 2058 487 2097 posse.
548 2043 612 2084 his
639 2044 803 2084 accensi
829 2044 1038 2093 homines,
1072 2045 1248 2085 adversa
1272 2044 1507 2092 nobilitate,
1532 2059 1615 2084 non

256 2104 319 2145 M.
349 2105 546 2145 Porcium
581 2106 704 2146 modo
743 2121 958 2147 censorem
994 2107 1200 2154 fecerunt,
1239 2106 1313 2147 sed
1345 2106 1548 2160 collegam
1579 2105 1616 2146 ei

256 2167 469 2208 Valerium
494 2168 693 2208 Flaccum
718 2168 968 2209 adiecerunt.

213 2240 232 2269 5
343 2228 585 2270 Secundum
622 2230 787 2271 comitia
831 2245 1050 2271 censorum
1087 2230 1278 2271 eonsules
1320 2236 1614 2284 praetoresque

257 2289 299 2330 in
323 2291 556 2345 provincias
583 2292 759 2347 profecti
783 2300 946 2347 praeter
967 2292 1020 2344 Q.
1036 2293 1253 2341 Naevium,
1279 2306 1402 2345 quern
1422 2300 1615 2345 quattuor

258 2367 339 2392 non
372 2354 507 2394 minus
539 2370 724 2403 menses,
758 2355 1002 2410 priusquam
1034 2355 1075 2395 in
1103 2354 1338 2396 Sardiniam
1363 2354 1458 2403 iret,
1491 2368 1616 2407 quae-

259 2414 413 2456 stiones
448 2417 653 2465 veneficii,
694 2432 866 2470 quarum
897 2433 1092 2472 magnam
1123 2425 1284 2472 partem
1316 2425 1432 2457 extra
1467 2416 1612 2456 urbem

258 2489 331 2528 per
373 2477 596 2532 municipia
639 2479 993 2532 conciliabulaque
1035 2479 1198 2527 habuit,
1248 2478 1343 2531 quia
1384 2478 1441 2518 ita
1477 2476 1613 2531 aptius

215 2546 231 2574 (J
260 2535 393 2575 visum
419 2546 525 2587 crat,
559 2547 792 2581 tenuerunt,
854 2541 889 2581 si
914 2540 1076 2581 Antiati
1100 2540 1270 2583 Valerio
1301 2539 1468 2580 credere
1497 2537 1610 2586 libet,
