1799 2900
216 520 234 548 10

216 703 234 731 3

215 826 233 853 4

217 1010 235 1038 5

199 2109 236 2138 10

200 2294 234 2321 11

262 150 343 191 270
574 155 724 189 LIBER
751 155 952 198 xxxvn,
983 155 1035 188 13.
1063 157 1110 198 [a.
1125 166 1158 189 u.
1174 166 1203 189 e.
1217 155 1299 199 564]

262 276 305 302 se
341 259 528 300 Rhodiae
565 257 687 297 classi
729 256 1046 311 coniungerent,
1097 257 1147 297 ab
1182 256 1352 311 Epheso
1393 256 1602 311 profectus

260 322 391 376 primo
417 319 468 359 ad
483 319 762 371 Myonnesum
789 318 918 366 stetit;
944 317 1038 358 inde
1065 318 1115 358 ad
1129 318 1292 358 Macrin
1313 332 1436 370 quam
1456 327 1605 359 vocant

260 382 437 422 insulam
462 379 636 428 traiecit,
673 387 718 418 ut
741 379 1091 433 praetervehentis
1124 379 1267 419 elassis
1301 380 1334 420 si
1360 394 1461 432 quas
1488 380 1603 420 aber-

260 452 397 483 rantes
430 457 480 481 ex
511 441 675 495 agmine
707 455 834 481 naves
873 449 1015 494 posset
1060 448 1129 481 aut
1165 449 1417 495 postremum
1455 456 1604 495 agmen

260 511 459 557 oportune
485 503 723 543 adoriretur,
777 510 996 557 postquam
1022 517 1206 556 sparsam
1232 510 1475 556 tempestate
1501 502 1605 542 clas-

261 580 348 605 sem
385 564 505 612 vidit,
544 563 802 604 occasionem
838 563 969 618 primo
1006 563 1271 616 adgrediendi
1307 571 1439 612 ratus,
1481 563 1604 618 paulo

259 634 354 681 post
378 625 705 666 increbrescente
726 633 847 665 vento
868 633 908 665 et
932 625 1107 665 maiores
1128 625 1208 665 iam
1229 625 1417 665 volvente
1442 625 1603 673 fluctus,

260 687 354 740 quia
378 687 592 741 pervenire
618 702 662 727 se
684 687 735 726 ad
756 702 826 727 eos
848 687 1010 726 videbat
1032 701 1113 726 non
1134 701 1270 740 posse,
1297 687 1349 726 ad
1367 687 1604 727 Aethaliam

260 749 436 789 insulam
462 748 636 796 traiecit,
673 756 717 788 ut
742 748 836 788 inde
866 755 1032 802 postero
1064 747 1128 787 die
1155 746 1326 787 Samum
1353 762 1403 787 ex
1429 748 1510 788 alto
1534 763 1606 802 pe-

259 809 381 850 tentis
407 810 524 850 navis
550 809 855 863 adgrederetur.
914 808 1110 857 Romani,
1142 824 1237 862 pars
1264 808 1431 862 exigua,
1462 809 1604 862 primis

260 871 438 911 tenebris
470 879 631 925 portum
663 871 871 911 desertum
899 869 1064 911 Samiae
1097 876 1333 918 tenuerunt,
1371 870 1514 910 classis
1541 884 1606 911 ce-

259 939 346 973 tera
369 939 532 973 noctem
557 939 685 973 totam
709 932 750 972 in
781 932 862 972 alto
895 931 1045 972 iactata
1075 931 1115 970 in
1142 931 1318 971 eundem
1348 938 1510 985 portum
1535 931 1606 972 de-

260 993 395 1034 currit.
456 994 512 1034 ibi
537 1009 588 1034 ex
613 994 844 1048 agrestibus
871 992 1055 1047 cognito,
1086 992 1266 1033 hostium
1290 1007 1416 1032 naves
1444 993 1496 1032 ad
1519 993 1606 1033 Ae-

260 1055 429 1095 thaliam
466 1064 592 1103 stare‚
631 1055 846 1096 consilium
883 1054 1088 1101 habitum,
1125 1062 1261 1094 utrum
1298 1054 1504 1108 extemplo
1536 1054 1605 1094 de-

261 1124 491 1165 cernerent,
517 1132 570 1156 an
589 1117 796 1157 Rhodiam
817 1124 1102 1170 exspectarent
1129 1116 1315 1156 classem.
1354 1115 1479 1155 dilata.
1500 1130 1605 1156 re—

260 1177 316 1217 ita
341 1178 448 1217 enim
473 1178 623 1232 placuit
643 1203 698 1208 ——
718 1177 944 1231 Corycum,
970 1178 1078 1217 unde
1104 1185 1318 1224 venerant,
1345 1177 1603 1217 traiecerunt.

260 1239 539 1292 Polyxenidas
572 1254 752 1292 quoque,
780 1254 872 1279 cum
898 1240 1050 1278 frustra
1075 1239 1272 1286 stetisset,
1303 1238 1518 1292 Ephesum
1542 1252 1604 1277 re·-

262 1300 347 1340 diit.
392 1308 477 1340 tum
490 1301 703 1341 Romanae
730 1315 855 1340 naves
876 1314 1005 1340 vacuo
1025 1300 1076 1339 ab
1103 1299 1288 1339 hostibus
1315 1299 1416 1338 mari
1433 1298 1603 1338 Samum

261 1362 518 1402 traiecerunt.
589 1362 733 1402 eodem
764 1370 803 1402 et
833 1361 997 1403 Rhodia
1034 1360 1177 1400 classis
1208 1368 1301 1414 post
1332 1361 1418 1400 dies
1449 1374 1603 1414 paucos

261 1423 382 1463 venit.
433 1437 555 1476 quam
580 1431 624 1463 ut
649 1430 929 1476 exspectatam
954 1437 1045 1462 csse
1073 1422 1304 1475 adpareret,
1336 1421 1509 1475 profecti
1535 1436 1604 1461 ex-

261 1484 414 1538 templo
452 1492 546 1523 sunt
575 1484 808 1538 Ephesum,
851 1484 909 1523 uti
948 1491 1017 1522 aut
1053 1483 1318 1522 decernerent
1348 1482 1483 1521 navali
1519 1496 1605 1522 cer-

261 1545 426 1593 tamine,
452 1552 533 1592 aut,
562 1545 595 1585 si
616 1545 858 1584 detractaret
882 1544 1010 1584 hostis
1030 1558 1231 1598 pugnam,
1258 1543 1367 1595 quod
1386 1543 1603 1596 plurimum

260 1605 454 1645 intererat
479 1606 530 1646 ad
555 1605 712 1646 animos
738 1605 981 1653 civitatium,
1018 1604 1172 1644 timoris
1202 1604 1504 1644 confessionem
1535 1619 1605 1644 ex-

261 1666 495 1720 primerent.
545 1676 686 1707 contra
710 1667 851 1706 fauces
876 1674 1018 1720 portus
1044 1666 1242 1705 instructa
1266 1665 1309 1704 in
1333 1665 1509 1704 frontem
1534 1680 1606 1705 na-

261 1727 372 1767 vium
397 1728 483 1768 acie
509 1736 671 1768 stetere.
731 1735 950 1782 postquam
974 1742 1096 1767 nemo
1121 1727 1319 1766 adversus
1344 1726 1446 1775 ibat,
1473 1726 1604 1767 classe

261 1789 392 1829 divisa
416 1804 511 1843 pars
537 1789 579 1829 in
605 1789 690 1830 salo
711 1789 763 1829 ad
781 1789 931 1830 ostium
951 1798 1092 1844 portus
1112 1789 1155 1828 in
1176 1788 1335 1828 ancoris
1357 1787 1485 1836 stetit,
1510 1802 1605 1842 pars

261 1850 302 1890 in
326 1857 476 1890 terram
502 1850 649 1891 milites
677 1851 877 1905 exposuit.
927 1850 968 1889 in
993 1865 1062 1890 eos
1083 1850 1164 1890 iam
1184 1849 1392 1903 ingentem
1411 1849 1606 1904 praedam

260 1912 340 1952 late
367 1912 615 1967 depopulato
641 1927 739 1966 agro
767 1911 925 1966 agentis
950 1910 1215 1951 Andronicus
1241 1910 1439 1958 Macedo,
1471 1909 1540 1962 qui
1564 1909 1604 1949 in

260 1973 464 2027 praesidio
506 1974 666 2028 Ephesi
708 1981 811 2021 erat,
859 1973 940 2012 iam
983 1972 1197 2012 moenibus
1240 1970 1605 2025 adpropinquantis

261 2035 515 2089 eruptionem
540 2035 635 2075 fecit
663 2043 889 2087 exutosque
915 2049 1066 2087 magna
1089 2041 1204 2087 parte
1224 2033 1400 2087 praedae
1422 2032 1474 2071 ad
1493 2046 1606 2072 mare

261 2109 308 2135 ac
332 2111 458 2136 naves
484 2096 655 2150 redegit.
714 2103 878 2150 postero
911 2095 975 2135 die
1006 2094 1164 2134 insidiis
1196 2094 1331 2134 medio
1363 2094 1490 2133 ferme
1516 2092 1606 2133 viae

261 2158 424 2211 positis,
451 2158 504 2197 ad
528 2157 777 2198 eliciundum
803 2166 918 2197 extra
942 2156 1104 2196 moenia
1128 2156 1404 2196 Macedonem
1428 2154 1606 2195 Romani

262 2218 314 2258 ad
338 2220 482 2259 urbem
514 2219 676 2273 agmine
707 2218 809 2267 iere3
853 2218 967 2265 inde,
1005 2231 1097 2256 cum
1128 2231 1176 2256 ea
1206 2216 1296 2270 ipsa
1327 2215 1518 2270 suspiti9‚
1555 2230 1606 2256 ne

263 2279 351 2331 quis
389 2280 537 2327 exiret,
576 2279 860 2327 deterruisset,
896 2278 1104 2319 redierunt
1141 2278 1192 2317 ad
1228 2292 1375 2326 naves3
1425 2284 1465 2317 et
1499 2285 1607 2317 terra

262 2341 445 2394 marique
487 2341 741 2395 fugientibus
784 2349 991 2381 certamen
1033 2340 1220 2380 hostibus
1260 2338 1450 2387 Samum,
1497 2338 1606 2378 unde

263 2410 447 2450 venerat,
490 2403 633 2443 classis
664 2402 823 2457 repetit.
881 2402 976 2442 inde
1012 2402 1114 2441 duas
1152 2400 1356 2441 sociorum
1392 2415 1442 2440 ex
1472 2399 1604 2447 Italia,

265 2463 365 2503 duas
386 2464 570 2504 Rhodias
596 2464 781 2504 triremes
808 2478 899 2504 cum
924 2463 1132 2518 praefecto
1151 2462 1345 2516 Epicrate
1365 2461 1528 2502 Rhodio
1554 2460 1605 2500 ad

202 2536 239 2565 12
265 2524 413 2563 fretum
440 2524 733 2579 Cephalleniae
759 2526 954 2565 tuendum
979 2532 1142 2579 praetor
1167 2523 1289 2563 misit.
1343 2522 1539 2562 infestum
1563 2521 1605 2560 id

266 2584 475 2626 latrocinio
507 2587 862 2627 Lacedaemonius
895 2586 1117 2639 Hybristas
1155 2600 1249 2625 cum
1284 2584 1492 2624 iuventute
1523 2581 1603 2622 Ce-
