1799 2900
451 91 604 125 LIBER
629 91 834 135 xxxvii,
860 92 913 125 45.
933 91 986 125 46.
1015 94 1063 135 [a.
1079 90 1212 134 0190]
1428 81 1510 121 299

165 196 368 244 baverint‚
411 194 523 234 milia
565 193 713 234 deinde
758 194 957 235 talentum
998 210 1070 249 per
1106 192 1322 234 duodecim
1366 207 1509 233 annos.

163 257 341 298 Eumeni
367 270 529 309 quoque
559 255 676 296 reddi
709 256 1011 310 quadringenta
1042 256 1196 296 talenta
1221 263 1261 296 et
1285 254 1396 308 quod
1427 254 1512 294 fru-

162 319 291 360 menti
308 318 510 370 reliquum
531 332 583 357 cx
603 332 665 365 eo,
681 318 790 369 quod
809 318 916 372 patri
936 318 1120 358 debitum
1140 325 1215 366 est,
1230 317 1377 372 placet.
1408 316 1510 356 haec

163 396 255 421 cum
285 378 584 435 pepigerimus,
623 379 805 419 facturos
838 394 911 419 vos
944 386 987 419 ut
1023 395 1097 434 pro
1130 387 1240 420 certo
1272 379 1512 425 habeamus,

162 443 239 483 erit
264 442 427 495 quidem
449 440 614 493 aliquod
637 440 802 494 pignus,
831 442 866 481 si
885 441 1051 482 obsides
1072 441 1218 495 viginti
1243 449 1384 481 nostro
1407 439 1514 480 arbi-

162 512 272 545 tratu
285 503 453 551 dabitis3
482 502 555 542 sed
575 516 801 555 numquam
823 503 922 543 satis
942 503 1113 556 liquebit
1134 503 1267 552 nobis,
1292 502 1349 542 ibi
1368 515 1513 556 pacem

163 579 255 605 csse
281 564 433 619 populo
458 564 662 610 Romano,
688 564 759 604 ubi
780 564 992 604 Hannibal
1019 565 1106 605 erit.
1145 579 1238 605 eum
1264 572 1357 604 ante
1377 563 1515 603 omnia

163 626 439 680 deposcimus.
490 625 723 666 Thoantem
750 640 912 678 quoque
929 627 1137 675 Aetolum,
1165 625 1414 666 concitorem
1427 625 1514 665 Ae-

161 688 273 729 tolici
299 688 408 736 belli,
436 687 505 740 qui
527 694 569 727 et
590 687 754 727 illorum
778 688 928 728 fiducia
947 703 1020 728 vos
1042 696 1081 728 ct
1100 696 1239 728 vestra
1262 687 1355 728 illos
1376 687 1418 726 in
1437 701 1512 726 1103

164 749 356 798 armavit,
395 749 554 789 dedetis
587 756 626 789 et
658 763 751 789 cum
783 764 831 790 eo
855 749 1194 790 BInasimachum
1218 750 1442 789 Acarnana
1474 755 1515 787 et

164 810 454 852 Chalcidensis
474 810 694 851 Philonem
716 819 755 852 ct
772 812 997 852 Eubulum.
1036 811 1076 851 in
1103 811 1304 851 deteriore
1331 825 1405 850 sua
1430 810 1514 851 for-

163 884 261 914 tuna
284 888 432 928 pacem
457 873 579 912 faciet
604 888 696 921 rex,
724 873 821 926 quia
847 874 977 913 serius
1005 873 1104 914 facit
1130 888 1253 926 quam
1278 873 1415 912 facere
1440 886 1515 926 po-

162 935 250 976 tuit.
312 935 346 974 si
382 949 492 974 nunc
528 943 711 974 moratus
750 935 893 983 fuerit,
933 935 1035 974 sciat
1070 949 1216 989 regum
1254 934 1514 974 maiestatem

161 996 369 1036 difficilius
396 997 448 1036 ab
479 1011 639 1036 summo
666 996 834 1049 fastigio
861 996 913 1035 ad
943 996 1124 1035 medium
1150 995 1310 1035 detrahi
1343 1009 1464 1047 quam
1492 1010 1515 1034 a

160 1059 307 1099 mediis
341 1058 393 1098 ad
428 1059 511 1097 ima
547 1057 835 1111 praecipitari.'
898 1072 991 1096 cum
1023 1057 1072 1097 iis
1099 1057 1305 1097 mandatis
1332 1058 1383 1097 ab
1415 1071 1514 1110 rege

161 1120 276 1160 missi
292 1127 408 1160 erant
427 1119 565 1173 legati,
592 1126 635 1158 ut
650 1134 815 1159 0111110111
837 1119 952 1173 pacis
968 1119 1253 1159 condicionem
1268 1118 1514 1172 acciperent.

160 1182 297 1234 itaque
323 1181 501 1221 Romam
530 1180 637 1219 mitti
668 1180 829 1234 legatos
860 1180 1029 1235 placuit.
1096 1180 1239 1220 consul
1270 1180 1310 1219 in
1345 1179 1517 1219 hiberna

161 1242 386 1284 exercitum
417 1242 681 1296 Magnesiam
720 1242 773 1282 ad
803 1242 1081 1282 BIaeandrum
1118 1249 1160 1282 et
1189 1241 1341 1281 Trallis
1373 1240 1517 1295 Ephe-

162 1319 334 1358 sumque
361 1304 511 1344 divisit.
560 1304 779 1359 Ephesum
805 1304 857 1344 ad
882 1304 1094 1345 consulem
1119 1318 1274 1359 paucos
1306 1311 1401 1358 post
1427 1302 1512 1342 dies
1541 1320 1547 1327 ·

161 1367 327 1407 obsides
355 1366 405 1406 ab
435 1381 534 1421 rege
560 1366 727 1406 adducti
759 1374 852 1406 sunt
885 1376 925 1406 et
955 1366 1082 1420 legati
1107 1366 1177 1419 qui
1200 1365 1380 1406 Romam
1410 1365 1517 1405 irent

162 1438 374 1469 venerunt.
440 1429 653 1469 Eumenes
691 1443 855 1481 quoque
893 1429 1039 1469 eodem
1083 1436 1268 1482 tempore
1304 1427 1514 1482 profectus

162 1498 225 1532 est
248 1491 427 1532 Romam
453 1505 533 1543 quo
559 1491 686 1544 legati
710 1491 835 1544 regis.
874 1498 1040 1531 secutae
1067 1505 1138 1531 eos
1165 1497 1261 1531 sunt
1285 1489 1515 1544 legationes

161 1553 344 1594 omnium
369 1553 498 1592 Asiae
524 1552 784 1606 populorum.
853 1605 855 1608 ἱ

246 1613 517 1656 XXXXVI.
578 1614 693 1654 Dum
723 1615 825 1654 haec
856 1615 897 1654 in
928 1614 1034 1655 Asia
1065 1620 1280 1668 geruntur,
1319 1613 1400 1653 duo
1431 1613 1516 1652 fere

163 1677 238 1716 sub
264 1676 374 1715 idem
400 1683 562 1730 tempus
589 1690 681 1715 cum
715 1676 911 1731 triumphi
944 1691 1016 1730 spe
1047 1675 1316 1729 proconsules
1349 1674 1399 1714 de
1423 1689 1518 1728 pro-

161 1737 307 1777 vinciis
344 1738 522 1777 Romam
559 1738 794 1786 redierunt,
844 1737 898 1789 Q.
936 1737 1148 1777 BIinucius
1186 1752 1237 1777 ex
1274 1736 1516 1790 Liguribus,

160 1799 236 1839 JM’.
268 1799 430 1839 Acilius
464 1814 514 1839 ex
545 1799 724 1839 Aetolia.
797 1799 947 1839 auditis
979 1799 1192 1851 utriusque
1222 1799 1347 1838 rebus
1386 1796 1515 1851 gestis

160 1861 349 1902 Minucio
398 1869 573 1915 negatus
624 1861 876 1916 triumphus,
924 1861 1062 1902 Acilio
1110 1876 1262 1915 magno
1311 1874 1518 1900 consensu

161 1924 372 1972 decretus,
410 1925 529 1977 isque
560 1924 820 1978 triumphans
854 1925 903 1964 de
930 1939 1027 1978 rege
1053 1923 1263 1964 Antiocho
1290 1929 1329 1962 et¹
1354 1921 1517 1962 Aetolis

161 1986 306 2026 urbem
337 1995 399 2026 est
428 1986 629 2026 invectus.
690 1986 874 2040 praelata
904 1986 945 2025 in
972 2001 1020 2026 eo
1047 1984 1253 2039 triumpho
1280 1992 1375 2024 sunt
1401 1983 1519 2037 signa

161 2047 353 2087 militaria
395 2048 573 2088 ducenta
615 2049 783 2102 triginta
826 2058 865 2090 et
908 2048 1066 2102 argenti
1110 2047 1252 2087 infecti
1296 2046 1372 2086 tria
1408 2045 1520 2085 milia

161 2109 325 2162 pondo,
364 2109 514 2164 signati
545 2110 819 2150 tetrachmum
850 2110 1040 2151 Atticum
1071 2117 1236 2149 centum
1268 2108 1410 2148 decem
1442 2107 1520 2146 tria

162 2170 292 2218 milia,
337 2171 619 2225 cistophorum
658 2172 836 2212 ducenta
867 2171 1141 2224 quadraginta
1171 2178 1283 2217 octo,
1322 2184 1423 2209 vasa
1455 2184 1519 2208 ar-

162 2241 313 2286 gentea
343 2233 500 2273 caelata
531 2234 660 2273 multa
690 2235 912 2287 magnique
942 2233 1154 2288 ponderis3
1193 2232 1285 2271 tulit
1315 2238 1356 2271 et
1381 2229 1518 2284 supel-

161 2293 341 2334 lectilem
359 2294 516 2348 regiam
537 2302 775 2349 argenteam
797 2309 843 2334 ac
865 2302 1023 2334 vestem
1042 2293 1318 2347 magnificam,
1345 2306 1517 2332 coronas

162 2369 330 2403 aureas,
368 2356 476 2396 dona
502 2356 707 2396 sociarum
733 2356 980 2401 civitatium,
1019 2355 1293 2408 quadraginta
1324 2353 1516 2406 quinque,

163 2416 295 2470 spolia
322 2417 455 2458 omnis
482 2417 660 2472 generis.
704 2418 890 2472 captivos
915 2416 1088 2464 nobiles,
1114 2416 1289 2456 Aetolos
1317 2424 1357 2455 et
1380 2414 1516 2469 regios

162 2479 308 2527 duces,
335 2494 409 2519 sex
434 2487 475 2520 et
499 2480 667 2534 triginta
693 2480 821 2520 duxit,
869 2479 1136 2519 Damocritus
1162 2477 1407 2518 Aetolorum
1433 2477 1517 2516 dux

161 2555 314 2594 paucos
342 2549 434 2582 ante
461 2541 568 2590 dies,
595 2556 688 2581 cum
714 2556 735 2581 e
762 2555 925 2582 carcere
950 2547 1074 2581 noctu
1100 2539 1335 2593 effugisset,
1360 2538 1402 2578 in
1426 2537 1516 2592 ripa

1541 267 1578 296 15)

1539 328 1577 358 16

1543 821 1580 851 18

1543 1069 1581 1098 19

1543 1810 1560 1838 ΚΟ

1546 1996 1561 2009 o

1545 2009 1562 2024 ι)

1543 2488 1561 2517 5
