1799 2900
214 360 252 391 19

231 547 251 697 0310·-

232 855 253 883 4

233 1102 252 1130 (51

237 1413 252 1441 *1

214 1971 253 2000 10

235 2282 252 2310 50

238 2589 255 2617 4

280 110 362 151 206
552 116 706 150 LlssER
734 116 899 160 XXXV,
925 116 1070 150 35—37.
1098 119 1193 159 [a.u.
1210 116 1336 156 e.5(;2]

279 223 461 264 animum
478 221 699 261 confusum
719 227 858 260 tantae
874 219 1123 274 cogitatione
1144 220 1215 261 rei.
1247 228 1468 275 postquam
1489 220 1638 275 adpro—

279 284 518 339 pinquabat,
534 283 721 337 inpetum
741 281 840 322 facit
861 290 900 323 ct
920 282 1117 322 transfixo
1138 296 1243 335 equo
1265 290 1485 335 tyrannum
1501 282 1639 323 detur-

281 347 361 392 bat,
389 346 591 386 iacentem
608 345 767 398 equites
785 344 1041 385 confodiunt.
1079 344 1219 384 multis
1242 344 1395 384 frustra
1408 344 1449 384 in
1469 344 1639 385 loricam

280 407 427 447 ictibus
444 408 550 447 datis
567 407 736 447 tandem
750 406 791 446 in
807 406 967 446 nudum
982 420 1130 460 corpus
1153 407 1324 447 vulnera
1342 414 1637 461 pervenerunt3

279 478 319 510 et
343 469 586 523 priusquam
615 467 676 524 [a]
704 469 842 509 media
867 469 954 509 acie
984 470 1308 517 subcurreremr,
1336 468 1575 522 exspiravit.

363 530 590 573 XXXVI.
639 531 930 571 Alexamenus
963 546 1057 570 cum
1088 531 1280 571 omnibus
1312 530 1476 571 Aetolis
1515 531 1639 571 citato

278 593 411 647 gradu
436 593 489 633 ad
518 592 678 647 regiam
707 593 992 646 occupandam
1023 593 1170 647 pergit.
1221 592 1403 646 corporis
1430 593 1638 641 custodes,

278 669 371 695 cum
396 655 438 695 in
469 655 598 695 oculis
630 670 696 695 res
723 662 956 709 gereretur,
995 669 1125 709 pavor
1151 654 1284 708 primo
1325 655 1451 708 cepit;
1490 655 1639 695 deinde

279 725 501 770 postquam
546 717 659 758 abire
696 717 945 757 Aetolorum
994 732 1145 769 agmen
1186 716 1346 764 videre,
1393 725 1641 757 concurrunt

277 779 330 819 ad
370 780 559 820 relictum
603 779 767 833 tyranni
810 793 980 833 corpus,
1031 787 1071 818 et
1108 785 1389 832 spectatorum
1432 778 1554 818 turba
1589 793 1640 819 ex

279 842 520 883 custodibus
554 842 663 882 vitae
695 841 922 894 mortisque
954 840 1156 881 ultoribus
1190 840 1301 880 facta
1326 848 1401 880 est.
1451 854 1528 880 nec
1553 855 1640 881 mo-

278 904 406 945 visset
434 919 477 945 se
511 904 750 957 quisquam,
790 904 825 944 si
857 903 1065 958 extemplo
1098 902 1244 957 positis
1277 902 1400 942 armis
1428 910 1575 943 vocata
1598 902 1640 942 in

278 966 514 1007 contionem
539 966 759 1006 multitudo
785 965 931 1006 fuisset
958 973 998 1006 et
1023 965 1155 1005 oratio
1182 964 1323 1004 habita
1348 965 1523 1018 tempori
1544 979 1641 1005 con-

279 1028 469 1076 veniens,
514 1029 752 1081 frequentes
796 1027 895 1068 inde
938 1027 1089 1067 retenti
1131 1026 1173 1066 in
1212 1026 1335 1066 armis
1373 1026 1515 1067 Aetoli
1553 1026 1640 1066 sine

279 1089 426 1130 iniuria
462 1090 723 1143 cuiusquam3
763 1090 857 1138 sed,
902 1097 944 1129 ut
982 1089 1164 1143 oportuit
1205 1088 1247 1128 in
1285 1087 1457 1128 consilio
1494 1088 1639 1128 fraude

280 1159 444 1205 coepto,
471 1152 610 1192 omnia
635 1152 675 1191 in
702 1152 992 1192 maturandam
1017 1150 1243 1206 perniciem
1269 1165 1410 1190 eorum
1436 1149 1505 1202 qui
1530 1150 1639 1190 sece-

279 1222 371 1253 rant.
403 1222 499 1253 sunt
530 1220 634 1254 acta.
696 1214 779 1253 dux
813 1213 929 1266 regia
965 1213 1149 1253 inclusus
1182 1212 1291 1252 diem
1323 1226 1370 1251 ac
1401 1220 1565 1252 noctem
1598 1211 1639 1251 in

280 1275 512 1315 scrutandis
556 1275 761 1315 thesauris
812 1274 975 1328 tyranni
1022 1274 1299 1328 consu1npsit3
1344 1273 1486 1314 Aetoli
1528 1273 1640 1313 velut

280 1344 401 1391 capta
425 1338 545 1385 urbe,
584 1352 708 1390 quam
733 1337 933 1377 liberasse
961 1336 1092 1377 videri
1118 1336 1331 1383 volebant,
1369 1335 1409 1375 in
1441 1335 1640 1389 praedam

281 1399 402 1439 versi.
451 1398 574 1439 simul
599 1399 826 1453 indignitas
852 1398 924 1447 rei,
953 1398 1076 1438 simul
1097 1404 1358 1451 contemptus
1379 1398 1537 1438 animos
1553 1397 1639 1437 La-

279 1461 542 1501 cedaemonis
578 1461 629 1501 ad
660 1461 893 1501 coeundum
925 1460 1035 1500 fecit.
1097 1460 1164 1499 alii
1191 1460 1326 1499 dicere
1358 1460 1637 1500 exturbandos

278 1523 454 1564 Aetolos
481 1531 522 1563 et
545 1523 794 1571 libertatem,
822 1537 915 1562 cum
938 1522 1100 1562 restitui
1121 1521 1342 1569 videretur,
1368 1521 1639 1576 interceptam

279 1585 559 1638 repetendam,
588 1585 668 1633 alii,
695 1592 740 1625 ut
760 1591 883 1638 caput
904 1584 1093 1638 agendae
1113 1583 1172 1623 rei
1195 1590 1319 1631 esset,
1344 1583 1449 1638 regii
1474 1583 1638 1638 generis

280 1646 458 1699 aliquem
482 1647 525 1686 in
552 1647 732 1701 speciem
763 1647 1079 1687 adsumendum.
1122 1645 1359 1686 Laconicus
1386 1645 1474 1686 cius
1500 1646 1639 1700 stirpis

279 1718 364 1749 erat
390 1724 492 1764 puer
518 1709 757 1757 admodum,
783 1709 956 1749 eductus
987 1723 1081 1748 cum
1105 1708 1245 1748 liberis
1273 1708 1449 1761 tyranni.
1483 1723 1578 1748 eum
1598 1708 1639 1748 in

280 1786 432 1824 equum
446 1771 651 1825 inponunt
672 1779 712 1812 et
732 1771 855 1811 armis
871 1771 1054 1825 adreptis
1070 1770 1245 1810 Aetolos
1263 1785 1391 1824 vagos
1406 1785 1480 1824 per
1493 1771 1639 1811 urbem

280 1834 470 1874 caedunt.
509 1842 596 1874 tum
615 1833 1010 1888 regiaminvadunt3
1039 1832 1094 1872 ibi
1109 1832 1417 1872 Alexamenum
1432 1847 1523 1872 cum
1537 1847 1639 1886 pau-

279 1896 337 1936 cis
352 1896 616 1936 resistentem
630 1896 890 1936 obtruncant.
918 1894 1061 1935 Aetoli
1077 1894 1183 1934 circa
1200 1893 1479 1935 Chalcioecon
1493 1895 1639 1934 —Mi-

279 1973 430 1998 nervae
450 1973 617 1998 aereum
632 1966 695 1998 est
710 1958 911 2011 templum
923 1981 980 1985 —-
994 1956 1235 2010 congregati
1251 1956 1489 1996 caeduntur.
1516 1956 1637 2010 pauci

279 2020 403 2060 armis
431 2020 616 2068 abiectis,
643 2035 738 2074 pars
765 2020 965 2073 Tegeam,
992 2034 1088 2074 pars
1115 2017 1315 2071 BIegalen
1339 2017 1471 2071 polin,
1497 2018 1637 2072 perfu-

279 2083 408 2137 giunt.
440 2083 495 2123 ibi
517 2082 751 2137 comprensi
766 2097 790 2122 a
810 2081 1121 2135 magistratibus
1140 2081 1216 2119 sub
1236 2094 1388 2120 corona
1407 2080 1636 2121 venierunt.

364 2144 612 2186 XXXVII.
651 2144 953 2198 Philopoemen
985 2143 1126 2183 audita
1153 2142 1278 2182 caede
1310 2143 1476 2195 tyranni
1499 2142 1638 2196 profe-

279 2213 368 2247 ctus
390 2207 755 2247 Lacedaemonem
781 2221 874 2246 cum
900 2206 1040 2247 onmia
1067 2205 1234 2245 turbata
1258 2214 1371 2244 metu
1396 2204 1636 2253 invenisset,

280 2269 460 2309 evocatis
498 2269 754 2323 principibus
788 2277 828 2309 et
861 2269 1044 2309 oratione
1078 2267 1237 2316 habita,
1276 2267 1408 2320 qualis
1445 2267 1637 2308 habenda

280 2330 541 2371 Alexameno
574 2331 725 2379 fuerat,
766 2330 954 2371 societati
980 2330 1249 2370 Achaeorum
1276 2329 1635 2370 Lacedaemonios

281 2391 483 2440 adiunxit,
523 2407 571 2433 eo
604 2393 727 2433 etiam
759 2392 941 2441 facilius,
981 2392 1091 2445 quod
1117 2392 1168 2432 ad
1200 2392 1309 2431 idem
1336 2391 1440 2431 forte
1472 2399 1634 2445 tempus

280 2455 334 2493 A.
366 2454 521 2494 Atilius
561 2470 654 2495 cum
692 2463 885 2508 quattuor
923 2462 963 2496 et
1000 2454 1146 2509 viginti
1183 2454 1545 2507 quinqueremibus
1583 2452 1635 2493 ad

282 2514 493 2568 Gytheum
519 2518 707 2558 accessit.

367 2576 521 2617 Iisdem
553 2578 698 2619 diebus
731 2580 839 2620 circa
866 2578 1111 2620 Chalcidem
1137 2578 1279 2619 Thoas
1311 2592 1384 2632 per
1413 2575 1630 2629 Euthymi-
