1799 2900
451 160 604 196 LIBER
628 160 817 205 xxxin,
842 159 964 194 4647.
993 161 1042 203 [a.
1057 158 1096 196 c.
1111 158 1191 202 195]
1420 147 1496 188 121

148 267 383 308 infimorum
403 279 566 319 quoque
585 263 764 304 libertati
788 277 957 317 gravem
978 277 1070 304 esse
1091 261 1326 317 superbiam
1347 276 1501 310 eorum,

148 329 284 384 legem
311 326 518 382 extemplo
543 325 822 382 promulgavit
852 325 1118 380 pertulitque,
1149 324 1190 364 in
1219 324 1404 378 singulos
1430 339 1502 364 an·
1529 338 1545 367 7

147 406 224 432 nos
261 390 417 430 iudices
456 390 711 443 legerentur,
749 402 853 428 neve
892 387 983 440 quis
1020 387 1231 428 biennium
1263 387 1502 427 continuum

149 452 273 492 iudex
293 458 416 493 esset.
467 458 647 491 ceterum
669 457 866 502 quantam
887 464 934 489 eo
955 449 1064 489 facto
1091 449 1143 489 ad
1166 448 1331 502 plebem
1356 448 1501 488 inierat

149 514 337 570 gratiam,
363 520 523 554 tantum
548 527 725 566 magnae
750 510 878 565 partis
904 510 1136 565 principum
1153 509 1392 551 obfenderat
1417 510 1504 550 ani-

149 591 253 617 mOS.
314 576 464 616 adiecit
500 582 541 616 et
577 574 706 622 aliud,
747 587 828 626 quo
862 573 970 614 bono
1000 573 1166 627 publico
1200 572 1279 613 sibi
1314 573 1502 627 proprias
1529 583 1548 613 8

152 638 380 678 simultates
406 637 594 678 irritavit.
632 635 852 690 vectigalia
876 635 1041 689 publica
1066 634 1215 689 partim
1240 634 1505 689 neglegentia

151 700 453 748 dilabebantur,
480 699 630 754 partim
654 698 834 753 praedae
855 711 902 737 ac
923 697 1075 737 divisui
1095 703 1135 737 et.
1158 696 1391 751 principum
1416 695 1505 749 qui-

151 762 328 802 busdam
353 769 393 802 et
417 760 728 816 magistratibus
756 767 890 807 erant,
917 759 1015 812 quin
1042 765 1083 799 et
1106 758 1299 813 pecunia,
1333 773 1437 811 quae
1462 758 1503 798 in
1530 771 1547 800 9

153 823 404 878 stipendium
423 822 623 864 Romanis
651 837 724 862 suo
751 836 914 874 quoque
936 836 1043 861 anno
1062 821 1323 874 penderetur,
1351 821 1504 868 deerat,

152 886 432 938 tributumque
459 899 586 940 grave
611 884 782 939 privatis
808 883 1008 923 inminere
1035 883 1265 923 videbatur.

236 946 534 989 XXXXVH.
590 946 805 987 Hannibal
836 952 1057 999 postquam
1095 944 1316 999 vectigalia
1352 952 1506 997 quanta
1533 958 1547 986 1

153 1009 363 1049 terrestria
388 1008 675 1060 maritimaque
702 1015 843 1047 essent
873 1014 913 1046 et
943 1006 984 1045 in
1011 1021 1113 1058 quas
1144 1021 1210 1046 res
1238 1015 1506 1060 erogarentur

153 1070 443 1111 animadvertit
478 1077 518 1111 et
554 1069 652 1122 quid
689 1083 829 1109 eorum
868 1067 1048 1108 ordinari
1084 1067 1143 1107 rei
1178 1067 1369 1122 publicae
1405 1083 1506 1108 usus

152 1140 455 1181 consumerent,
482 1138 681 1185 quantum
705 1130 920 1185 peculatus
947 1137 1161 1177 averteret,
1189 1129 1379 1170 omnibus
1406 1129 1508 1170 resi-

153 1194 244 1235 duis
269 1194 454 1249 pecuniis
481 1193 651 1241 exactis,
678 1193 830 1232 tributo
856 1191 1026 1246 privatis
1052 1191 1238 1239 remisso,
1267 1191 1366 1231 satis
1394 1191 1507 1232 locu-

150 1256 304 1311 pletem
334 1271 420 1296 rem
451 1255 660 1310 publicam
692 1254 779 1294 fore
806 1254 858 1293 ad
890 1253 1068 1307 vectigal
1100 1253 1397 1307 praestandum
1421 1253 1506 1293 Ro-

151 1318 284 1358 manis
310 1317 592 1372 pronuntiavit
617 1316 659 1356 in
686 1315 890 1363 contione,
917 1322 957 1356 et
981 1315 1187 1370 praestitit
1211 1314 1477 1369 promissum.

235 1380 344 1420 Tum
370 1395 468 1421 vero
493 1379 533 1428 ii,
560 1394 662 1432 quos
689 1385 860 1433 paverat
884 1393 957 1432 per
978 1377 1133 1430 aliquot
1158 1393 1288 1418 annos
1314 1377 1504 1432 publicus
1533 1391 1551 1419 3

150 1442 379 1497 peculatus,
406 1442 519 1482 velut
543 1441 662 1481 bonis
689 1440 854 1495 ereptis,
882 1455 965 1480 non
990 1439 1194 1480 furtorum
1218 1441 1410 1480 manubis
1437 1454 1508 1480 ex—

153 1504 269 1545 tortis
301 1503 453 1544 infensi
484 1510 525 1544 et
554 1502 664 1550 irati,
691 1503 904 1543 Romanos
937 1501 978 1541 in
1009 1501 1292 1542 Hannibalem
1324 1509 1361 1542 ct
1393 1501 1506 1556 ipsos

152 1579 322 1606 causam
347 1565 430 1606 odii
462 1565 697 1618 quaerentis
730 1565 1000 1619 instigabant.
1060 1565 1118 1604 ita
1149 1564 1218 1604 diu
1248 1571 1507 1618 repugnante
1532 1577 1551 1605 -1

151 1628 202 1669 P.
231 1627 426 1682 Scipione
451 1627 667 1676 Africano,
695 1627 763 1679 qui
789 1642 934 1681 parum
960 1641 1011 1666 ex
1031 1626 1231 1680 dignitate
1256 1625 1398 1680 populi
1422 1625 1509 1665 Ro-

153 1690 263 1731 mani
289 1705 382 1730 esse
408 1690 597 1738 ducebat,
626 1689 885 1730 subscribere
912 1688 1016 1728 odiis
1044 1696 1331 1727 accusatorum
1345 1686 1509 1726 Hanni-

153 1753 257 1793 balis
291 1760 329 1793 et
362 1751 610 1793 factionibus
645 1750 1055 1805 Carthaginiensium
1087 1749 1268 1789 inserere
1298 1748 1509 1802 publicam

154 1815 439 1856 auctoritatem
469 1828 546 1855 nec
579 1814 678 1854 satis
711 1812 862 1853 habere
897 1812 1003 1851 bello
1036 1810 1186 1850 vicisse
1212 1809 1507 1858 Hannibalem,
1535 1821 1554 1850 5

153 1877 232 1917 nisi
259 1877 371 1917 velut
397 1883 660 1917 accusatores
688 1874 938 1915 calumniam
970 1873 1011 1913 in
1037 1888 1131 1913 eum
1156 1872 1336 1912 iurarent
1363 1885 1410 1911 ac
1434 1886 1507 1911 no-

153 1954 248 1979 men
270 1939 489 1987 deferrent,
517 1938 684 1978 tandem
704 1937 979 1992 pervicerunt,
1005 1943 1049 1975 ut
1068 1935 1194 1988 legati
1210 1933 1509 1988 Carthaginem
1535 1945 1553 1975 6

153 2001 430 2049 mitterentur,
464 2001 534 2054 qui
559 2001 611 2041 ad
638 2008 828 2041 senatum
855 2013 998 2039 eorum
1025 2004 1264 2052 arguerent,
1291 1996 1510 2037 Hanniba-

154 2063 235 2104 lem
255 2077 348 2103 cum
363 2063 573 2103 Antiocho
598 2077 697 2115 rege
718 2060 890 2102 consilia
915 2059 1012 2100 belli
1038 2059 1215 2100 faciendi
1235 2058 1351 2099 inire.
1382 2057 1508 2112 legati
1536 2070 1553 2098 7

154 2132 237 2166 tres
263 2125 393 2173 missi,
421 2123 500 2166 Cn.
528 2124 743 2171 Servilius,
770 2123 832 2164 M.
857 2122 1058 2164 Claudius
1084 2121 1325 2169 Marcellus,
1352 2119 1405 2171 Q.
1427 2120 1510 2160 Te-

154 2187 310 2227 rentius
339 2185 500 2227 Culleo.
539 2186 608 2239 qui
634 2201 728 2226 cum
756 2184 1056 2238 Carthaginem
1083 2183 1308 2230 venissent,
1336 2197 1386 2222 ex
1413 2196 1510 2222 con-

157 2248 246 2288 silio
272 2248 530 2288 inimieorum
556 2247 806 2287 Hannibalis
833 2245 1128 2299 quaerentibus
1156 2259 1324 2285 causam
1356 2244 1510 2284 adven-

157 2318 221 2350 tus
249 2310 327 2350 dici
353 2309 574 2357 iusserunt,
602 2309 766 2350 venisse
795 2323 838 2348 se
864 2308 915 2348 ad
942 2306 1258 2355 controversias,
1285 2320 1390 2359 quae
1416 2320 1510 2346 cum
1535 2315 1555 2346 8

155 2371 386 2412 BIasinissa
428 2386 526 2425 rege
567 2370 839 2411 Numidarum
885 2368 1304 2423 Carthaginiensibus
1356 2375 1508 2417 essent,

158 2433 422 2474 dirimendas.
493 2432 536 2472 id
573 2432 772 2472 creditum
804 2431 948 2485 vulgo:
986 2446 1114 2471 unum
1146 2430 1428 2471 Hannibalem
1465 2444 1509 2470 se
1535 2442 1554 2471 9

156 2495 241 2550 peti
267 2496 317 2535 ab
338 2494 537 2535 Romanis
564 2509 646 2534 non
672 2493 856 2539 fallebat,
883 2501 924 2533 et
948 2493 1006 2533 ita
1030 2507 1175 2547 pacem
1191 2491 1510 2547 Carthaginien-

158 2557 272 2599 sibus
294 2557 432 2597 datam
454 2571 558 2605 esse,
584 2562 629 2595 ut
648 2554 896 2609 inexpiabile
922 2555 1076 2595 bellum
1091 2555 1290 2595 adversus
1317 2569 1360 2595 se
1380 2569 1509 2594 unum

157 2626 354 2660 maneret.
420 2619 558 2672 itaque
589 2617 734 2658 cedere
766 2617 941 2673 tempori
973 2623 1012 2658 et
1047 2618 1237 2659 fortunae
1270 2616 1429 2666 statuit,
1468 2623 1508 2657 et
1535 2627 1575 2659 10

1533 1141 1551 1170 10
