1799 2900
470 125 623 159 LIBER
648 125 832 170 xxxvi,
857 125 912 159 44.
937 124 991 160 45.
1020 123 1121 169 [ae
1138 125 1217 168 191]
1436 113 1515 156 257

169 229 293 271 Livio
330 229 557 277 turbatum,
597 228 787 269 dextrum
821 227 930 283 ipse,
968 228 1037 269 ubi
1074 242 1206 282 aequa
1241 242 1382 282 pugna
1418 235 1519 275 erat,

168 291 339 332 invadit.

252 351 502 394 XXXXV.
560 351 706 405 Neque
738 351 795 392 ita
825 351 954 393 multo
984 359 1079 406 post
1109 351 1288 406 primum
1320 351 1371 391 ab
1402 349 1520 390 laevo
1549 365 1563 393 1

170 429 296 456 cornu
322 414 422 467 fuga
447 413 595 468 coepit.
655 413 936 467 Polyxenidas
971 413 1080 454 enim
1105 421 1149 453 ut
1174 413 1323 453 virtute
1348 412 1523 452 militum

169 476 279 516 haud
310 475 432 515 dubie
464 489 508 515 se
541 474 727 529 superari
759 474 879 524 vidit,
926 475 1097 515 sublatis
1137 474 1354 515 dolonibus
1392 473 1523 514 effuse

169 538 313 591 fugere
339 536 533 585 intendit3
571 552 669 577 mox
693 537 803 577 idem
829 544 869 577 et
895 537 963 590 qui
988 551 1116 592 prope
1143 544 1293 577 terram
1319 550 1411 576 eum
1437 536 1524 576 Eu-

169 614 288 639 mene
314 606 605 639 contraxerant
632 607 839 640 certamen
865 600 1063 641 fecerunt.
1100 599 1280 640 Romani
1306 606 1344 638 et
1368 599 1524 638 Eume-
1549 610 1566 638 2

170 676 262 709 1105,
301 660 438 713 quoad
470 660 660 701 sufficere
691 660 869 715 remiges
902 668 1125 715 potuerunt
1156 668 1196 700 et
1225 660 1267 700 in
1299 675 1371 714 spe
1409 667 1526 700 erant

170 722 342 763 extremi
379 722 554 776 agminis
593 722 791 771 vexandi,
830 722 929 763 satis
962 722 1224 776 pertinaciter
1256 721 1385 762 secuti
1416 728 1522 761 sunt.

169 791 390 838 postquam
427 784 634 824 celeritate
670 784 855 833 navium,
893 792 1035 839 utpote
1071 784 1244 833 levium,
1283 799 1379 824 suas
1413 797 1523 823 eom-
1549 795 1567 824 3

171 852 307 886 meatu
338 853 508 885 onustas
541 845 649 886 eludi
682 846 835 886 frustra
866 845 1071 886 tendentis
1108 845 1316 894 viderunt,
1360 844 1527 885 tandem

171 906 434 955 abstiterunt,
461 907 658 947 tredecim
679 906 809 961 captis
831 907 1005 947 navibus
1028 921 1121 946 cum
1141 907 1269 947 milite
1289 920 1336 946 ac
1355 905 1524 960 remige,

172 968 315 1008 decem
341 968 552 1008 demersis.
606 969 821 1008 Romanae
848 968 992 1008 elassis
1018 983 1101 1008 una
1123 967 1285 1008 Punica
1310 967 1446 1016 navis,
1484 967 1526 1006 in
1551 979 1571 1007 4

172 1029 302 1084 primo
330 1029 550 1069 certamine
578 1030 628 1069 ab
654 1029 814 1069 duabus
842 1029 1136 1079 circumventa,
1163 1029 1297 1083 periit.
1345 1029 1527 1082 Polyxe-

171 1091 289 1131 nidas
315 1106 397 1131 non
420 1091 534 1146 prius
561 1105 683 1146 quam
715 1091 756 1130 in
781 1098 902 1145 portu
926 1091 1086 1145 Ephesi
1112 1091 1236 1145 fugae
1266 1091 1391 1130 finem
1416 1090 1525 1130 fecit.

188 1152 348 1192 {omani
375 1167 422 1192 eo
448 1152 532 1201 die,
570 1153 679 1192 unde
705 1167 875 1206 egressa
904 1153 1019 1206 regia
1051 1152 1194 1192 classis
1222 1160 1326 1200 erat,
1363 1166 1527 1191 manse·
1553 1163 1571 1191 5

170 1220 283 1261 runt,
320 1220 486 1267 postero
525 1213 590 1254 die
628 1213 789 1253 hostem
826 1213 1019 1268 persequi
1054 1213 1332 1253 intenderunt,
1391 1213 1527 1253 medio

171 1275 256 1315 fere
294 1274 337 1314 in
373 1288 495 1315 cursu
531 1275 677 1316 obviae
709 1276 823 1315 fuere
854 1274 903 1315 iis
936 1275 1116 1327 quinque
1148 1282 1189 1315 et
1218 1273 1364 1329 viginti
1396 1280 1528 1314 tectae

170 1335 361 1376 Rhodiae
386 1351 514 1377 naves
541 1351 633 1377 cum
646 1337 907 1377 Pausistrato
931 1337 1142 1391 praefecto
1163 1336 1322 1376 classis.
1373 1335 1435 1375 his
1457 1335 1529 1375 ad-
1555 1347 1572 1375 6

171 1397 340 1446 111110115,
377 1398 596 1453 Ephesum
634 1399 794 1441 hostem
832 1398 1039 1455 persecuti
1077 1406 1171 1439 ante
1203 1398 1353 1439 ostium
1385 1405 1528 1452 portus

172 1460 259 1500 acie
296 1460 496 1500 instructa
534 1468 746 1501 steterunt.
808 1468 1028 1515 postquam
1066 1460 1371 1501 confessionem
1410 1459 1527 1499 victis

175 1521 273 1562 satis
311 1530 622 1575 expresserunt,
660 1523 805 1563 Rhodi
843 1530 883 1563 01
920 1523 1133 1562 Eumenes
1172 1522 1316 1562 domos
1350 1520 1527 1569 dimissi3

175 1583 353 1624 Romani
379 1582 531 1623 Chium
556 1592 764 1638 1101011105,
801 1584 1131 1624 Phoenicuntem
1162 1583 1340 1637 primum
1364 1589 1528 1636 portum
1556 1595 1571 1622 7

176 1644 431 1698 Erythraeae
457 1652 589 1685 terra-e
614 1645 905 1699 praetervecti,
943 1652 1064 1685 110010
1090 1644 1250 1684 ancoris
1283 1643 1420 1692 iactis,
1456 1657 1531 1697 po-

177 1714 285 1746 stero
323 1706 387 1746 die
424 1706 465 1746 in
500 1707 679 1747 insulam
717 1707 768 1747 ad
799 1707 932 1762 ipsam
963 1707 1107 1746 urbem
1139 1705 1399 1745 traiecerunt.
1459 1704 1530 1744 ubi

175 1781 329 1822 paucos
357 1767 443 1808 dies
475 1768 630 1823 remige
663 1768 840 1808 maxime
870 1767 1091 1808 reficiendo
1122 1766 1268 1807 morati
1292 1766 1529 1806 Phocaeam

177 1830 418 1870 tramittunt.
467 1830 525 1870 ibi
550 1831 702 1871 relictis
725 1831 776 1871 ad
795 1829 1047 1884 praesidium
1066 1829 1179 1869 urbis
1201 1836 1391 1881 quattuor
1413 1827 1531 1880 quin-
1556 1838 1575 1867 8

177 1892 459 1944 queremibus,
499 1892 551 1932 ad
585 1891 723 1933 Canas
757 1891 902 1932 classis
934 1891 1064 1940 venit3
1103 1898 1142 1931 et
1173 1904 1265 1930 cum
1292 1889 1373 1929 iam
1398 1889 1529 1929 hiems

178 1953 408 2008 adpeteret,
435 1954 550 1994 fossa
575 1954 765 2007 valloque
791 1952 1052 1993 circumdatis
1078 1967 1205 1992 naves
1233 1951 1472 1992 subductae.

261 2015 391 2056 Exitu
416 2016 512 2055 anni
539 2016 703 2057 comitia
727 2016 887 2056 Romae
912 2014 1071 2062 habita,
1109 2013 1257 2066 quibus
1285 2012 1410 2053 creati
1436 2019 1531 2052 sunt
1556 2024 1573 2053 9

179 2077 369 2117 eonsules
401 2078 454 2118 L.
483 2077 702 2118 Cornelius
736 2076 877 2131 Scipio
909 2083 949 2117 et
982 2074 1032 2116 C.
1058 2074 1248 2123 Laelius,
1285 2073 1532 2114 Africanum

179 2138 432 2179 intuentibus
465 2139 622 2179 cunctis
655 2139 707 2179 ad
737 2138 963 2179 finiendum
995 2151 1088 2177 eum
1118 2135 1328 2176 Antiocho
1363 2134 1530 2175 bellum.

179 2209 345 2254 postero
372 2200 436 2240 die
460 2208 670 2256 praetores
697 2200 823 2241 creati
837 2199 898 2239 M.
915 2199 1114 2246 Tuccius,
1141 2196 1529 2245 L.Aurunculeius,

181 2260 260 2302 Cn.
280 2261 471 2311 Fulvius,
498 2262 550 2302 L.
573 2262 790 2310 Aemilius,
816 2262 865 2302 P.
886 2261 1043 2309 Iunius,
1072 2258 1121 2300 C.
1138 2259 1304 2299 Atinius
1325 2258 1485 2298 Labeo.

252 2638 313 2663 Lm
330 2638 382 2663 1:01.
402 2637 444 2663 III.
1270 2634 1310 2667 17
