1799 2900
194 422 213 452 9

235 174 292 216 40
536 179 687 213 LIBER
713 178 864 223 XXXI,
891 179 945 214 45.
967 179 1021 214 46.
1050 182 1098 223 [a.
1113 191 1148 215 u.
1163 191 1192 216 ο.
1208 180 1290 225 554]

239 298 287 324 eo
314 283 494 331 fuerant,
527 282 742 337 promissis
768 282 898 337 regis,
931 297 1023 324 eum
1050 284 1301 326 desiderium
1327 300 1490 340 quoque
1522 301 1594 341 pa-

239 348 339 386 triae
366 344 526 385 facilius
554 344 605 384 ad
631 344 883 384 credendum
908 344 1123 388 inclinaret
1147 348 1321 397 animos,
1347 348 1542 389 revocati.

324 407 394 447 Ab
420 406 568 447 Andro
596 405 809 460 Cythnum
835 406 1096 449 traiecerunt.
1145 410 1200 450 ibi
1227 410 1314 451 dies
1342 410 1495 464 aliquot
1522 411 1594 451 ob-

239 468 465 525 pugnanda
489 468 590 508 urbe
616 468 867 522 nequiquam
894 470 1122 525 absumpti,
1149 480 1201 521 et,
1229 472 1324 525 quia
1350 473 1419 513 vix
1445 488 1594 527 operae

172 545 214 576 10
238 531 416 586 pretium
442 537 541 579 erat,
569 531 824 572 abscessere.
887 532 940 572 ad
963 532 1133 574 Prasias
1159 558 1216 563 —
1241 534 1488 575 continentis
1514 536 1595 575 At-

172 794 207 822 11

170 980 208 1009 12

170 1042 210 1071 13

171 1289 211 1318 14

170 1969 209 1999 16

192 2340 210 2369 10

192 2647 211 2676 4

236 594 341 635 ticac
373 593 407 635 is
438 594 555 634 locus
590 601 654 634 est
676 618 733 622 —-
756 594 997 635 Issaeorum
1028 596 1175 650 viginti
1205 597 1330 637 lembi
1362 597 1485 638 classi
1509 597 1595 638 Ro-

236 671 453 697 manorum
490 655 673 696 adiuncti
710 663 818 697 sunt.
878 657 906 697 ii
937 657 1052 698 missi
1085 659 1137 698 ad
1168 659 1429 713 populandos
1464 658 1596 712 Cary-

238 719 410 760 stiorum
431 733 567 772 agros,
594 726 732 759 cetera
751 718 896 760 classis
913 718 1176 769 Geraestum,
1202 721 1382 761 nobilem
1396 722 1595 761 Euboeae

236 788 418 835 portum,
458 781 556 821 dum
595 780 646 821 ab
679 779 859 834 Carysto
890 781 1025 822 Issaei
1060 782 1260 831 redirent,
1298 783 1440 823 tenuit.
1500 783 1596 824 inde

235 859 379 885 omnes
412 843 515 884 velis
546 843 588 883 in
621 843 749 883 altum
781 843 888 884 datis
921 844 1025 883 mari
1056 844 1193 884 medio
1224 852 1387 899 practer
1419 844 1596 898 Scyrum

234 905 413 946 insulam
433 906 551 946 Icum
575 920 815 960 pervenere.
864 906 921 946 ibi
945 920 1100 960 paucos
1121 906 1209 947 dies
1236 906 1447 947 saeviente
1460 907 1598 948 Borea

234 967 396 1016 retenti,
410 967 481 1008 ubi
500 966 634 1022 prima
654 967 928 1020 tranquillitas
945 967 1043 1008 data
1062 974 1138 1016 est,
1155 966 1371 1008 Sciathum
1386 968 1596 1018 traiecere,

236 1036 442 1070 vastatam
462 1030 609 1070 urbem
629 1029 916 1084 direptamque
936 1045 1067 1084 nuper
1088 1045 1112 1070 a
1129 1030 1340 1085 Philippo.
1378 1045 1452 1086 per
1472 1046 1594 1085 agros

234 1091 363 1145 palati
398 1091 550 1131 milites
589 1091 843 1132 frumentum
881 1098 921 1132 et
959 1091 992 1132 si
1031 1106 1112 1145 qua
1157 1092 1236 1133 alia
1278 1092 1372 1133 usui
1415 1107 1508 1134 esse
1545 1092 1599 1133 ad

235 1153 489 1193 vescendum
531 1160 721 1206 poterant
765 1153 817 1193 ad
859 1168 987 1194 naves
1030 1154 1220 1195 retulere.
1298 1154 1478 1208 praedae
1520 1169 1598 1195 nec

236 1222 324 1255 erat
355 1215 577 1268 quicquam
613 1230 690 1256 nec
726 1223 965 1257 meruerant
996 1215 1166 1265 Graeci,
1206 1231 1277 1256 cur
1309 1217 1595 1271 diriperentur.

236 1276 331 1317 inde
359 1275 668 1317 Cassandream
693 1285 882 1332 petentes
908 1278 1042 1332 primo
1068 1278 1121 1318 ad
1146 1278 1414 1327 BIendaeum,
1441 1279 1597 1319 mariti-

235 1353 349 1377 mum
381 1338 558 1379 civitatis
590 1338 678 1379 eius
711 1340 868 1388 vicum,
908 1348 1088 1380 tenuere.
1149 1340 1244 1380 inde
1277 1355 1370 1380 eum
1403 1349 1596 1395 superato

234 1401 520 1455 promunturio
555 1401 607 1441 ad
643 1401 735 1456 ipsa
764 1402 929 1442 moenia
959 1402 1072 1442 urbis
1106 1401 1386 1457 circumagere
1419 1403 1597 1443 classem

235 1463 409 1511 vellent,
449 1478 574 1504 saeva
611 1471 752 1504 coorta
783 1470 1030 1518 tempestate
1061 1479 1190 1519 prope
1223 1464 1359 1505 obruti
1388 1464 1595 1513 fluctibus,

236 1524 432 1578 dispersi,
470 1540 624 1578 magna
656 1540 707 1565 ex
738 1535 854 1579 parte
887 1526 1051 1566 amissis
1085 1526 1351 1566 armamentis
1378 1526 1419 1565 in
1445 1534 1597 1566 terram

236 1587 484 1641 effugerunt.
534 1602 656 1627 omen
683 1602 846 1640 quoque
873 1603 921 1628 ca
946 1587 1153 1628 maritima
1178 1594 1405 1642 tempestas
1433 1588 1485 1628 ad
1508 1603 1597 1628 rem

235 1656 344 1689 terra
368 1649 593 1704 gerendam
619 1649 708 1690 fuit.
757 1665 854 1690 nam
879 1649 1076 1689 conlectis
1103 1649 1145 1689 in
1171 1665 1298 1689 unum
1324 1649 1500 1690 navibus
1527 1665 1598 1691 ex-

234 1711 465 1765 positisque
498 1712 627 1766 copiis
662 1712 851 1766 adgressi
884 1713 1029 1752 urbem
1060 1726 1154 1752 cum
1185 1712 1327 1752 multis
1356 1712 1595 1753 vulneribus

234 1773 513 1827 repulsi—et
539 1781 627 1814 erat
654 1774 836 1814 validum
861 1774 918 1815 ibi
943 1774 1104 1828 regium
1129 1774 1384 1829 praesidium
1411 1799 1459 1804 —-
1480 1774 1595 1816 irrito

233 1833 398 1888 incepto
423 1835 605 1889 regressi
631 1835 682 1875 ad
704 1834 1009 1877 Canastraeum
1029 1836 1224 1877 Pallenes
1251 1837 1462 1877 traiecere.
1500 1836 1595 1877 inde

235 1904 429 1950 superato
456 1896 648 1938 Toronae
674 1898 960 1952 promunturio
987 1898 1232 1953 navigantes
1258 1898 1500 1938 Acanthum
1523 1913 1596 1953 pe-

234 1958 349 1999 tiere,
398 1958 454 1999 ibi
480 1959 614 2014 primo
635 1974 734 2013 ager
761 1967 963 2009 vastatus,
992 1960 1141 2000 deinde
1166 1960 1258 2015 ipsa
1283 1961 1381 2000 urbs
1408 1960 1449 2000 vi
1474 1967 1596 2014 capta

235 2035 282 2060 ae
313 2021 483 2076 direpta.
543 2036 619 2062 nec
651 2022 758 2062 ultra
793 2022 1005 2077 progressi
1034 2047 1091 2051 —
1120 2022 1203 2062 iam
1233 2023 1343 2063 enim
1374 2030 1415 2063 et
1444 2038 1593 2077 graves

234 2083 389 2136 praeda
414 2098 542 2124 naves
563 2084 978 2133 habebant—retro,
1006 2085 1114 2125 unde
1137 2092 1349 2133 venerant,
1378 2082 1594 2126 Sciathum

235 2152 275 2185 et
301 2146 352 2185 ab
380 2144 551 2186 Sciatho
578 2146 795 2187 Euboeam
820 2154 1036 2200 repetunt„

319 2206 595 2250 XXXXVI.
644 2208 710 2249 Ibi
746 2209 888 2249 relicta
921 2209 1055 2249 classe
1087 2208 1232 2249 decem
1262 2208 1438 2249 navibus
1470 2223 1595 2263 expc-

236 2268 330 2309 ditis
370 2269 505 2310 sinum
538 2270 767 2311 Maliacum
804 2271 1010 2312 intravere
1045 2271 1097 2311 ad
1130 2271 1463 2324 conloquendum
1501 2285 1594 2311 cum

240 2331 401 2372 Aetolis
429 2332 479 2372 dc
504 2333 662 2374 ratione
689 2334 861 2388 gerendi
887 2334 997 2374 belli.
1052 2333 1252 2387 Pyrrhias
1279 2334 1457 2374 Aetolus
1482 2332 1594 2388 prin-

236 2405 332 2445 ceps
359 2393 578 2447 legationis
605 2395 693 2436 eius
720 2395 816 2445 fuit,
843 2410 948 2449 quae
975 2396 1026 2436 ad
1053 2395 1397 2436 communicanda
1423 2394 1593 2437 consilia

240 2453 487 2495 Heracleam
513 2470 606 2496 cum
632 2472 730 2512 rege
757 2466 797 2498 et
823 2472 918 2498 eum
931 2459 1123 2499 Romano
1149 2458 1288 2512 legato
1315 2458 1439 2498 venit.
1489 2455 1593 2512 peti-

237 2523 323 2553 tum
349 2529 399 2554 ex
425 2516 591 2558 foedere
619 2520 669 2559 ab
684 2520 829 2560 Attalo
857 2528 932 2569 est,
959 2528 1004 2561 ut
1030 2520 1140 2560 mille
1166 2520 1317 2560 milites
1343 2526 1592 2574 praestaret:

238 2581 396 2615 tantum
426 2578 533 2618 enim
566 2595 783 2621 numerum
814 2582 968 2622 bellum
1000 2582 1240 2637 gerentibus
1267 2582 1467 2623 adversus
1491 2580 1593 2622 Phi-

237 2635 394 2690 lippum
427 2639 615 2681 debebat.
676 2642 717 2682 id
749 2651 943 2697 negatum
979 2644 1160 2692 Aetolis,
1193 2644 1308 2703 quod
1340 2643 1397 2683 illi
1428 2656 1591 2696 quoque
