1799 2900
499 184 655 218 Lis-ER
680 185 848 230 xxxii,
876 186 927 220 11.
950 186 1002 220 12.
1030 184 1134 228 [ae.
1152 186 1230 229 198]
1489 175 1543 216 55

192 290 298 330 lecta
321 288 507 343 peditum
533 295 573 328 et
598 296 803 329 trecentos
831 289 988 342 equites
1015 288 1179 329 tribuno
1203 287 1379 328 militum
1405 287 1542 328 tradit.

192 351 350 405 equites
378 350 514 404 quoad
538 350 629 390 loea
652 350 878 404 patiantur,
907 351 1056 391 dueere
1081 351 1212 391 iubet:
1260 350 1332 390 ubi
1357 350 1410 390 ad
1434 349 1544 390 invia

191 413 317 466 equiti
354 420 522 453 ventum
561 412 630 461 sit,
679 412 722 452 in
758 412 926 467 planitie
964 413 1100 466 aliqua
1135 412 1263 453 loeari
1299 412 1544 465 equitatum3

190 475 364 529 pedites,
391 489 471 527 qua
492 474 575 514 dux
594 482 845 515 monstraret
865 475 987 523 viam,
1013 475 1091 516 ire:
1116 475 1200 523 ubi,
1226 482 1271 515 ut
1289 474 1543 529 polliceatur,

191 552 315 592 super
345 544 469 591 caput
499 536 680 577 hostium
714 548 958 591 perventum
991 538 1061 586 sit,
1099 537 1213 578 fumo
1246 537 1343 578 dare
1382 537 1544 591 signum

189 614 267 640 nee
304 608 425 640 antea
461 599 683 639 clamorem
719 599 861 639 tollere
899 614 1021 652 quam
1059 600 1110 639 ab
1142 614 1185 640 se
1224 599 1343 654 signo
1378 607 1545 653 recepto

188 677 374 716 pugnam
393 669 583 715 coeptam
604 660 792 701 arbitrari
811 669 966 716 posset.
1016 668 1135 701 noete
1155 661 1302 701 itinera
1321 661 1408 701 fieri
1433 661 1545 701 iubet

188 747 245 752 —
270 730 310 764 et
334 738 492 778 pernox
518 723 623 764 forte
648 723 747 763 luna
772 731 859 763 erat
882 740 956 763 —-:
983 723 1183 763 ’interdiu
1209 722 1289 762 eibi
1314 722 1545 775 quietisque

191 794 372 827 sumeret
402 795 578 840 tempus.
640 786 786 826 ducem
811 785 1026 840 promissis
1053 785 1290 840 ingentibus
1317 792 1543 833 oneratum,

190 847 225 888 si
249 848 351 888 fides
379 855 508 897 extet,
547 848 731 888 vinetum
762 857 899 888 tamen
931 847 1096 888 tribuno
1123 847 1257 888 tradit.
1318 847 1382 887 his
1415 847 1543 901 copiis

187 910 245 950 ita
282 910 464 951 dimissis
502 925 550 951 eo
582 910 778 950 intentius
809 910 1025 951 Romanus
1062 910 1245 962 undique
1281 908 1409 950 instat
1446 916 1546 964 aput

193 971 404 1012 stationes.

273 1033 380 1074 XII.
418 1033 589 1073 Interim
612 1033 676 1073 die
697 1033 816 1073 tertio
839 1047 932 1072 eum
957 1032 1167 1080 verticem,
1196 1047 1318 1084 quem
1343 1032 1544 1086 petierant

208 1095 378 1144 tomani,
405 1095 564 1148 cepisse
587 1108 633 1134 ae
653 1101 793 1134 tenere
814 1109 857 1134 se
879 1094 993 1133 fumo
1016 1093 1308 1147 significarent,
1336 1103 1422 1134 tum
1447 1109 1545 1134 vero

187 1157 387 1196 trifariam
425 1155 567 1195 divisis
608 1155 736 1209 copiis
770 1155 915 1196 consul
940 1155 1045 1195 valle
1078 1155 1214 1194 media
1245 1169 1338 1194 eum
1368 1155 1545 1195 militum

186 1219 332 1259 robore
360 1218 560 1266 succedit,
588 1231 741 1257 cornua
767 1217 910 1257 dextra
937 1217 1138 1269 laevaque
1165 1217 1357 1257 admovet
1384 1218 1543 1257 Castris.

185 1295 262 1320 nee
288 1279 456 1334 segnius
484 1279 624 1319 hostes
648 1279 813 1319 obviam
840 1287 949 1319 eunt.
1000 1287 1037 1319 et
1066 1279 1164 1318 dum
1190 1278 1387 1319 aviditate
1414 1286 1545 1319 certa-

184 1341 305 1381 minis
332 1341 517 1396 provecti
543 1348 659 1381 extra
685 1340 935 1382 munitiones
962 1348 1162 1395 pugnant,
1190 1340 1301 1380 haud
1325 1341 1449 1395 paulo
1477 1355 1544 1381 su-

184 1404 320 1459 perior
351 1411 415 1444 est
444 1404 660 1445 Romanus
698 1404 816 1445 miles
854 1404 1004 1444 virtute
1043 1413 1083 1445 et
1119 1404 1289 1445 seientia
1321 1412 1359 1444 et
1391 1419 1544 1459 genere

185 1481 411 1515 armorum3
437 1475 659 1521 postquam
678 1467 816 1507 multis
844 1467 1069 1507 vulneratis
1096 1467 1406 1519 interfectisque
1431 1481 1544 1508 reee-

185 1544 282 1583 pere
309 1543 352 1569 se
378 1529 481 1583 regii
507 1529 548 1568 in
573 1529 664 1569 loca
690 1538 759 1569 aut
786 1529 1042 1570 munimento
1063 1537 1132 1569 aut
1153 1537 1301 1569 natura
1326 1537 1425 1577 tuta,
1452 1544 1544 1569 ver-

185 1598 290 1630 terat
318 1590 546 1644 perieulum
579 1591 620 1630 in
651 1591 865 1632 Romanos
898 1600 1052 1632 temere
1088 1591 1129 1630 in
1165 1591 1255 1631 loea
1291 1591 1432 1644 iniqua
1467 1606 1543 1631 nee

186 1652 318 1692 facilis
346 1652 398 1692 ad
421 1662 633 1706 receptum
660 1653 873 1706 angustias
900 1668 1160 1707 progressos.
1197 1668 1331 1705 neque
1357 1653 1543 1707 inpunita

186 1713 415 1754 temeritate
448 1714 543 1754 inde
579 1715 835 1767 recepissent
872 1729 982 1763 sese,
1021 1715 1063 1754 ni
1095 1714 1248 1754 elamor
1278 1714 1459 1768 primum
1491 1715 1541 1754 ab

186 1784 302 1829 tergo
325 1775 501 1823 auditus,
530 1775 623 1815 dein
649 1790 790 1829 pugna
812 1775 934 1816 etiam
956 1785 1102 1829 coepta
1127 1775 1301 1814 amentis
1327 1775 1541 1829 repentino

188 1844 339 1877 terrore
365 1836 501 1890 regios
528 1836 709 1877 fecisset.
769 1851 865 1890 pars
892 1836 933 1875 in
958 1836 1102 1890 fugam
1130 1836 1252 1876 effusi
1279 1843 1392 1884 sunt,
1429 1851 1539 1890 pars,

185 1899 281 1952 quia
316 1898 449 1952 magis
486 1898 601 1938 loeus
641 1899 764 1952 fugae
803 1899 945 1938 deerat
975 1913 1096 1951 quam
1130 1898 1240 1950 quod
1277 1898 1402 1937 animi
1441 1898 1540 1938 satis

185 1967 297 2001 esset
323 1961 374 2000 ad
398 1975 595 2014 pugnam,
623 1975 716 2000 eum
743 1960 1043 2008 substitissent,
1072 1961 1122 2000 ab
1148 1959 1266 2000 hoste
1293 1967 1333 2000 et
1357 1974 1381 1999 a
1405 1959 1540 2000 fronte

185 2032 223 2063 et
251 2023 302 2063 ab
328 2032 444 2076 tergo
470 2033 644 2076 urgente
671 2021 939 2062 circumventi
966 2030 1072 2062 sunt.
1135 2021 1260 2061 deleri
1287 2028 1396 2061 totus
1424 2036 1540 2061 exer-

185 2085 288 2125 eitus
321 2085 471 2139 potuit,
512 2084 545 2125 si
576 2084 772 2138 fugientis
806 2084 1012 2139 persecuti
1050 2083 1225 2124 victores
1259 2091 1416 2131 essent3
1467 2083 1541 2123 sed

185 2147 364 2200 equitem
397 2147 612 2201 angustiae
644 2148 909 2200 locorumque
942 2147 1161 2201 asperitas,
1200 2145 1381 2200 peditem
1407 2161 1540 2186 armo-

184 2224 275 2248 rum
301 2209 483 2263 gravitas
511 2209 694 2263 inpediit.
751 2224 822 2249 rex
851 2209 984 2262 primo
1006 2209 1137 2248 effuse
1164 2222 1210 2248 ae
1237 2207 1323 2247 sine
1349 2216 1539 2261 respectu

1570 1288 1588 1317 '2

1571 1477 1587 1487 n

1570 1492 1587 1505 ι)

185 2270 310 2324 fugit,
349 2270 442 2310 dein
469 2270 647 2323 quinque
674 2271 831 2310 milium
859 2271 1038 2324 spatium
1063 2284 1329 2324 progressus,
1369 2283 1462 2309 eum
1488 2284 1539 2309 ex
1564 2276 1583 2305 S

185 2331 398 2383 iniquitate
423 2332 624 2380 locorum,
657 2333 698 2372 id
725 2333 835 2385 quod
860 2340 962 2380 erat,
998 2331 1230 2385 suspicatus
1257 2339 1385 2379 esset,
1423 2331 1539 2383 sequi

186 2408 268 2433 non
293 2407 417 2446 posse
443 2393 617 2440 hostem,
645 2393 826 2433 substitit
852 2393 893 2432 in
920 2393 1077 2433 tumulo
1099 2393 1276 2445 quodam
1303 2392 1538 2445 dimisitque

187 2470 283 2495 suos
309 2470 382 2508 per
407 2455 544 2495 onmia
570 2455 667 2509 iuga
691 2456 916 2508 vallesque,
944 2455 1012 2507 qui
1036 2455 1196 2509 palatos
1224 2455 1265 2494 in
1289 2470 1415 2494 unum
1443 2469 1539 2495 eon-

186 2516 372 2570 ligerent.
432 2531 515 2557 non
547 2516 639 2570 plus
667 2517 827 2557 duobus
854 2517 1019 2557 milibus
1045 2517 1258 2557 hominum
1284 2516 1446 2557 amissis
1474 2530 1539 2556 ee-

185 2586 273 2619 tera
298 2578 430 2618 omnis
450 2578 668 2618 multitudo
688 2579 800 2619 velut
821 2579 984 2633 signum
1005 2578 1170 2632 aliquod
1191 2585 1332 2619 secuta
1351 2577 1392 2617 in
1411 2593 1538 2617 unum

187 2654 279 2680 eum
317 2639 597 2689 convenisset,
635 2640 838 2693 frequenti
876 2640 1041 2694 agmine
1078 2647 1221 2695 petunt
1258 2639 1533 2680 Thessaliam.

1565 2530 1582 2558 9
