1799 2900
453 118 606 153 LIBER
630 119 832 163 XXXVII,
859 119 914 155 27.
930 120 984 154 28.
1013 118 1210 163 [a.e.190]
1427 109 1510 151 283

159 222 360 264 Chiorum
385 221 631 262 maritimam
660 237 774 262 oram
800 223 1040 278 depopulati
1065 237 1158 264 cum
1185 221 1317 263 omnis
1344 221 1508 277 generis
1535 235 1554 264 5

157 285 310 339 praeda
340 290 594 324 revertentes
626 292 848 338 postquam
879 286 1018 326 videre
1045 301 1095 326 ex
1128 285 1210 325 alto
1237 285 1432 333 classem,
1470 283 1511 323 in

157 348 300 402 fugam
337 354 559 387 verterunt.
621 354 661 386 et
691 347 898 388 celeritate
932 348 1185 402 superabant
1214 346 1438 387 levioribus
1470 353 1511 386 et

157 409 210 449 ad
233 409 276 448 id
300 408 540 448 fabrefactis
567 408 764 462 navigiis,
792 418 832 450 et
857 410 1070 464 propiores
1097 417 1230 450 terrae
1256 417 1384 450 erant.
1434 409 1510 449 ita·
1537 423 1554 452 6

156 485 235 523 que
261 470 503 524 priusquam
535 470 885 524 adpropinquaret
911 471 1076 520 classis,
1107 471 1392 525 Myonnesum
1418 485 1511 525 per-

156 533 370 587 fugerunt,
413 533 523 572 unde
568 548 612 573 se
650 548 672 573 e
708 542 829 587 portu
865 543 978 574 ratus
1023 535 1327 574 abstracturum
1370 548 1511 581 naves,

156 594 326 649 ignarus
358 594 437 635 loci
470 595 719 647 sequebatur
744 604 922 650 praetor.
982 596 1244 650 Myonnesus
1270 604 1512 650 promuntu-
1540 609 1555 636 7

156 656 262 696 rium
293 656 401 696 inter
427 656 563 697 Teum
590 655 845 710 Samumque
873 664 948 698 est.
1008 657 1098 712 ipse
1125 658 1239 698 collis
1266 666 1329 698 est
1358 657 1400 697 in
1426 672 1514 697 mo-

158 718 256 758 dum
289 728 422 758 metae
453 718 495 758 in
527 728 693 758 acutum
718 733 915 759 cacumen
948 735 971 759 a
1002 719 1129 760 fundo
1157 719 1256 759 satis
1287 719 1370 760 lato
1396 718 1513 759 fasti-

157 788 298 834 gatus3
338 796 360 820 a
386 780 611 821 continenti
643 791 754 821 artae
787 781 958 822 semitae
984 781 1142 822 aditum
1173 782 1317 830 habet,
1362 797 1385 822 a
1410 781 1514 821 mari

158 857 306 883 exesae
338 842 531 883 fluetibus
565 858 687 898 rupes
720 844 937 892 claudunt,
974 844 1031 884 ita
1056 852 1101 884 ut
1131 844 1380 896 quibusdam
1410 843 1512 884 locis

158 905 507 959 superpendentia
532 920 634 945 saxa
659 905 751 959 plus
777 905 819 944 in
845 906 973 946 altum
994 920 1118 958 quam
1140 920 1244 958 quae
1270 905 1312 945 in
1338 905 1513 946 statione

159 976 252 1007 sunt
273 982 401 1007 naves
421 968 694 1022 promineant.
728 968 835 1007 circa
857 983 905 1008 ea
926 968 1258 1022 adpropincplare
1278 983 1362 1008 non
1387 982 1513 1008 ausae
1539 977 1559 1007 8

157 1045 299 1077 naves,
326 1044 377 1069 ne
399 1030 474 1069 sub
495 1030 578 1069 ictu
593 1030 918 1084 superstantium
931 1030 1103 1084 rupibus
1119 1030 1346 1084 piratarum
1361 1037 1513 1078 essent,

158 1091 267 1131 diem
294 1091 456 1131 trivere.
517 1091 685 1131 tandem
713 1092 788 1131 sub
814 1099 979 1132 noctem
1006 1106 1112 1131 vano
1138 1091 1302 1145 incepto
1329 1104 1421 1130 cum
1443 1091 1515 1130 ab-

157 1153 377 1201 stitissent,
412 1153 546 1192 Teum
577 1161 745 1206 postero
772 1153 837 1193 die
863 1167 1097 1201 accessere3
1139 1159 1178 1192 et
1203 1152 1245 1191 in
1270 1162 1411 1206 portu,
1445 1151 1513 1204 qui
1542 1163 1559 1192 9

157 1215 208 1255 ab
233 1220 351 1269 tergo
379 1213 490 1254 urbis
519 1222 582 1254 est
606 1238 663 1242 —
689 1213 981 1254 Geraesticum
1005 1214 1086 1268 ipsi
1112 1213 1323 1268 adpellant
1346 1238 1415 1262 ——,
1443 1229 1517 1253 na-

156 1276 276 1317 vibus
314 1276 547 1317 constitutis
578 1284 744 1330 praetor
776 1277 828 1316 ad
861 1276 1199 1332 depopulandum
1231 1275 1339 1316 circa
1371 1276 1516 1316 urbem

157 1355 305 1395 agrum
332 1339 478 1379 milites
505 1337 653 1378 emisit.

241 1400 463 1444 XXVIII.
524 1399 620 1450 Tei,
660 1415 751 1442 eum
780 1401 823 1442 in
858 1399 986 1442 oeulis
1013 1399 1225 1456 populatio
1252 1406 1380 1448 esset,
1425 1414 1516 1441 ora-
1546 1413 1558 1440 1

158 1474 266 1504 tores
299 1477 391 1503 cuin
430 1462 569 1503 infulis
602 1470 642 1503 et
673 1463 916 1503 velamentis
950 1463 1002 1502 ad
1031 1463 1269 1503 Romanum
1301 1461 1513 1502 miserunt.

158 1524 305 1577 quibus
331 1525 605 1578 purgantibus
632 1524 841 1565 civitatem
866 1524 999 1565 omnis
1026 1524 1125 1564 facti
1150 1523 1328 1576 dictique
1354 1523 1516 1563 hostilis

158 1586 357 1626 adversus
382 1585 614 1635 Romanos,
653 1594 693 1626 et
722 1587 876 1627 iuvisse
908 1602 978 1627 eos
1011 1586 1122 1627 omni
1154 1592 1385 1626 commeatu
1413 1584 1517 1624 clas-

159 1663 246 1688 sem
284 1648 464 1688 hostium
501 1648 637 1702 arguit
673 1656 713 1689 et
749 1657 948 1701 quantum
986 1648 1070 1688 vini
1098 1647 1385 1701 Polyxenidae
1423 1661 1518 1700 pro-

158 1710 388 1750 misissent:
427 1723 532 1762 quae
558 1709 593 1750 si
624 1710 770 1750 eadem
801 1709 925 1749 classi
949 1709 1164 1750 Romanae
1197 1708 1360 1756 darent,
1397 1722 1517 1747 revo-

159 1780 347 1812 caturum
373 1786 416 1812 se
443 1787 467 1812 a
489 1771 755 1826 populatione
775 1772 966 1820 militem,
995 1771 1029 1812 si
1049 1771 1205 1818 minus,
1231 1785 1306 1825 pro
1327 1769 1516 1810 hostibus

159 1848 230 1874 eos
263 1833 512 1874 habiturum.
573 1833 649 1874 1100
681 1843 766 1874 tam
798 1834 914 1874 triste
946 1847 1192 1887 responsum
1220 1846 1312 1872 eum
1337 1831 1518 1872 rettulis-
1543 1845 1561 1874 3

160 1903 252 1936 sent
275 1895 420 1950 legati,
449 1903 617 1936 vocatur
635 1895 677 1935 in
697 1895 931 1937 contionem
953 1910 976 1935 a
994 1894 1305 1948 magistratibus
1325 1893 1517 1948 populus,

157 1966 203 1997 ut
234 1957 333 2011 quid
365 1966 535 2012 agerent
566 1958 859 1998 consultarent.
920 1972 968 1997 eo
1001 1957 1106 1997 forte
1138 1956 1203 1996 die
1234 1954 1516 2009 Polyxenidas
1543 1969 1563 1997 4

159 2033 254 2059 cum
274 2018 389 2074 regia
408 2019 541 2061 classe
562 2035 585 2060 a
600 2017 845 2074 Colophone
864 2019 1075 2074 profectus
1097 2025 1317 2072 postquam
1336 2017 1518 2058 movisse

161 2096 184 2121 a
212 2079 339 2122 Samo
363 2082 576 2122 Romanos
604 2081 760 2121 audivit
785 2089 825 2122 et
856 2081 908 2121 ad
932 2080 1217 2134 Myonnesum
1246 2079 1399 2133 piratas
1426 2093 1519 2133 per-

161 2150 324 2183 secutos
350 2143 548 2184 Teiorum
585 2158 731 2198 agrum
763 2142 1021 2197 depopulari,
1059 2156 1187 2181 naves
1224 2140 1267 2180 in
1300 2139 1518 2181 Geraestio

161 2212 282 2259 portu
302 2212 424 2253 stare,
451 2206 540 2259 ipse
555 2206 756 2245 adversus
771 2205 1054 2258 Myonnesum
1074 2203 1116 2243 in
1136 2202 1517 2243 insula—Macrin
1543 2217 1563 2246 5

160 2266 312 2306 nautici
332 2276 545 2307 vocant—⁴
567 2281 738 2307 ancoras
759 2275 881 2321 portu
901 2265 1060 2306 occulto
1080 2265 1186 2305 iecit.
1235 2264 1330 2304 inde
1352 2279 1403 2304 ex
1423 2279 1518 2318 pro·
1544 2278 1562 2307 6

159 2329 314 2382 pinquo
340 2328 580 2382 explorans,
618 2329 716 2382 quid
741 2329 882 2369 hostes
915 2334 1102 2382 agerent,
1140 2327 1272 2381 primo
1298 2326 1340 2366 in
1365 2342 1518 2380 magna

162 2405 235 2445 spe
260 2390 356 2439 fuit,
396 2405 519 2443 quem
551 2391 603 2431 ad
634 2391 803 2431 modum
827 2390 1036 2431 Rhodiam
1062 2389 1239 2430 classem
1265 2389 1317 2429 ad
1344 2388 1518 2429 Samum

160 2452 444 2492 circumsessis
476 2453 528 2492 ad
553 2452 709 2493 exitum
734 2452 924 2492 faucibus
949 2463 1092 2506 portus
1119 2458 1420 2505 expugnasset,
1459 2450 1518 2490 sio

160 2522 201 2555 et
230 2514 464 2555 Romanam
501 2522 847 2569 expugnaturum.
913 2528 989 2554 nec
1027 2521 1089 2553 est
1126 2513 1336 2553 dissimilis
1368 2520 1515 2553 natura
1541 2526 1557 2554 7

160 2576 257 2625 loei3
295 2577 589 2631 promunturiis
623 2576 865 2618 coeuntibus
898 2575 1003 2616 inter
1035 2590 1078 2616 se
1111 2575 1167 2615 ita
1197 2575 1399 2615 clauditur
1422 2589 1518 2629 por-

1544 1597 1561 1625 [ὑ
