1799 2900
489 159 640 193 LIBER
664 159 833 204 XXXX,
858 159 890 193 4.
909 160 940 194 5.
969 162 1017 203 [a.
1031 158 1069 193 c,
1085 159 1165 202 182]
1417 148 1498 189 427

149 264 343 306 instabat.
388 262 457 303 alii
482 261 561 302 alio
586 261 669 302 leto
695 262 903 317 absumpti
929 262 1190 303 semianimes
1211 276 1233 302 e
1252 274 1357 301 nave
1382 274 1501 315 prae-

132 326 383 381 cipitantur.
442 324 534 379 ipsa
559 323 708 364 deinde
734 325 867 364 virum
892 325 1084 365 comitem
1114 323 1256 364 mortis
1290 322 1502 377 complexa

151 388 194 428 in
228 401 342 428 mare
379 400 471 427 sese
508 385 668 426 deiecit.
727 401 834 427 nave
871 401 1002 427 vacua
1039 386 1214 427 dominis
1245 385 1350 439 regii
1384 383 1503 439 potiti

153 456 260 490 sunt.

236 513 290 554 V.
338 510 478 550 Huius
510 509 703 551 atrocitas
735 510 928 551 facinoris
967 525 1120 552 novam
1150 510 1264 551 velut
1293 509 1501 549 flammam

151 572 262 628 regis
291 572 470 612 invidiae
494 572 654 621 adiecit,
680 579 726 612 ut
745 573 871 627 vulgo
891 573 1027 628 ipsum
1054 572 1287 625 liberosque
1315 584 1505 611 exsecra-

152 642 311 684 rentur3
345 649 451 687 quae
483 635 595 674 dirae
627 634 742 675 brevi
769 636 820 676 ab
852 635 1042 676 omnibus
1075 634 1152 674 diis
1186 633 1422 682 exauditae,
1460 639 1505 672 ut

155 697 332 738 saeviret
368 697 457 751 ipse
495 696 538 736 in
570 711 689 736 suum
721 697 983 751 sanguinem,
1022 697 1261 736 effecerunt.
1321 696 1503 735 Perseus

155 759 264 799 enim
291 773 385 798 cum
415 757 458 797 in
484 758 571 798 dies
603 757 737 812 magis
764 766 948 798 cerneret
979 758 1165 798 favorem
1192 764 1229 797 et
1263 756 1507 810 dignitatem

153 819 359 861 Demetrii
383 819 521 859 fratris
549 820 658 873 apud
683 819 988 860 multitudinem
1012 819 1293 859 *Macedonum
1319 831 1505 858 crescere

155 888 197 922 et
220 881 396 935 gratiam
422 881 532 935 apud
548 881 774 930 Romanos,
801 881 880 921 sibi
906 896 1024 936 spem
1042 881 1198 921 nullam
1217 879 1335 934 regni
1362 893 1506 932 super-

156 957 248 983 esse
274 942 353 982 nisi
378 942 419 982 in
445 943 599 982 scelere
624 950 751 991 ratus,
779 943 831 982 ad
855 943 897 982 id
922 958 1048 982 unum
1069 957 1212 982 omnes
1233 941 1504 995 cogitationes

155 1004 342 1044 intendit.
381 1011 563 1044 ceterum
589 1018 681 1044 cum
708 1019 752 1045 se
771 1019 822 1045 ne
843 1005 895 1045 ad
920 1005 962 1044 id
983 1004 1161 1057 quidem,
1189 1004 1298 1057 quod
1318 1001 1506 1042 muliebri

157 1066 366 1121 cogitabat
391 1066 546 1114 animo,
580 1066 679 1106 satis
704 1081 778 1121 per
804 1082 848 1107 se
874 1067 1057 1107 validum
1082 1067 1286 1113 crederet,
1320 1064 1506 1118 singulos

156 1127 284 1182 patris
317 1127 543 1167 amicorum
572 1136 775 1182 temptare
808 1129 1067 1169 sermonibus
1105 1127 1314 1182 perplexis
1346 1125 1506 1166 institit.

157 1197 198 1229 et
237 1189 371 1243 primo
407 1189 573 1240 quidam
618 1204 669 1229 ex
711 1189 774 1229 his
813 1190 1123 1243 aspernantium
1166 1189 1247 1229 tale
1284 1189 1507 1241 quicquam

156 1251 437 1305 praebuerunt
468 1250 667 1304 speciem,
707 1250 802 1302 quia
832 1251 926 1304 plus
952 1251 993 1290 in
1018 1250 1235 1291 Demetrio
1262 1249 1351 1304 spei
1382 1263 1510 1304 pone-

157 1313 274 1361 bant3
302 1312 450 1352 deinde
477 1320 687 1353 crescente
712 1312 754 1352 in
781 1313 868 1353 dics
893 1313 1077 1367 Philippi
1103 1313 1195 1353 odio
1220 1313 1261 1352 in
1280 1313 1506 1360 Romanos,

159 1374 223 1415 cui
247 1375 427 1415 Perseus
459 1374 710 1429 indulgeret,
742 1375 983 1415 Demetrius
1016 1390 1177 1415 summa
1207 1390 1284 1429 ope
1316 1375 1511 1414 adversa-

157 1444 281 1485 retur,
301 1436 598 1491 prospicicntes
620 1437 756 1477 animo
773 1437 927 1477 exitum
948 1437 1100 1478 incauti
1122 1453 1144 1477 a
1164 1437 1308 1477 fraude
1330 1437 1511 1477 fraterna

158 1498 333 1547 iuvenis,
361 1498 638 1537 adiuvandum
660 1499 770 1550 quod
790 1499 973 1539 futurum
994 1507 1081 1540 erat
1099 1499 1178 1539 rati
1206 1498 1511 1550 fovendamque

162 1575 279 1614 spem
302 1560 559 1613 potentioris,
586 1560 743 1600 Perseo
765 1575 857 1600 sese
880 1561 1123 1615 adiungunt.
1161 1568 1297 1600 cetera
1322 1560 1363 1599 in
1390 1574 1509 1599 suum

163 1636 349 1674 quaeque
386 1628 547 1675 tempus
585 1622 747 1675 agenda
784 1622 996 1670 differunt3
1034 1622 1075 1661 in
1106 1621 1342 1676 praesentia
1377 1620 1513 1674 placet

162 1683 275 1724 omni
300 1697 377 1737 ope
408 1682 450 1722 in
475 1683 687 1723 Romanos
715 1683 885 1723 accendi
915 1698 1057 1737 regem
1087 1683 1311 1737 inpellique
1338 1683 1391 1722 ad
1416 1696 1513 1722 con-

164 1745 254 1785 silia
285 1744 400 1792 belli,
439 1745 492 1784 ad
522 1759 627 1797 quac
658 1745 740 1784 iam
772 1760 847 1785 sua
872 1754 1018 1799 sponte
1045 1745 1227 1784 animum
1259 1744 1511 1784 inclinasset.

164 1806 285 1847 simul
316 1814 361 1846 ut
385 1806 624 1846 Demetrius
656 1807 697 1846 in
730 1807 817 1847 dies
850 1807 1082 1861 suspectior
1107 1814 1237 1855 esset,
1270 1821 1322 1846 ex
1347 1820 1513 1859 compo-

165 1869 242 1909 sito
276 1883 487 1909 sermones
520 1869 573 1908 ad
602 1883 690 1909 rem
719 1869 1002 1909 Romanorum
1036 1869 1267 1909 trahebant.
1333 1868 1390 1907 ibi
1421 1882 1513 1907 cum

164 1931 232 1971 alii
257 1945 392 1970 mores
419 1937 459 1970 et
483 1930 670 1970 instituta
696 1945 850 1979 corum,
878 1931 945 1971 alii
965 1946 1030 1971 rcs
1057 1938 1211 1984 gestas,
1238 1929 1306 1970 alii
1334 1929 1514 1983 speciem

163 1992 293 2047 ipsius
336 1992 450 2032 urbis
493 1992 677 2032 nondum
720 2000 941 2033 exornatae
985 2007 1118 2045 neque
1162 1992 1336 2046 publicis
1380 2005 1514 2043 neque

164 2053 334 2108 privatis
360 2053 481 2102 locis,
515 2054 582 2093 alii
614 2054 799 2108 singulos
825 2054 1057 2108 principum
1089 2054 1320 2101 eluderent,
1352 2052 1512 2092 iuvenis

164 2115 353 2155 incautus
380 2123 419 2155 et
444 2130 582 2156 amore
607 2116 784 2156 nominis
799 2116 979 2156 Romani
1005 2124 1045 2156 ct
1070 2114 1292 2156 certamine
1315 2114 1514 2154 adversus

166 2177 336 2216 fratrem
361 2177 499 2216 omnia
523 2177 676 2217 tuendo
703 2187 943 2231 suspectum
970 2192 1013 2217 sc
1038 2177 1145 2231 patri
1172 2184 1211 2217 et
1238 2185 1513 2231 opportunum

167 2238 404 2278 criminibus
431 2238 622 2279 faciebat.
665 2238 803 2291 itaque
830 2248 1043 2293 expertem
1068 2254 1162 2278 eum
1188 2247 1306 2292 pater
1331 2237 1513 2277 omnium

167 2300 218 2340 de
242 2300 366 2339 rebus
382 2300 582 2340 Romanis
610 2301 874 2340 consiliorum
900 2300 1093 2347 habebat,
1120 2307 1230 2340 totus
1256 2300 1298 2338 in
1312 2299 1514 2339 Perseum

167 2376 312 2402 versus
340 2375 432 2401 cum
459 2377 506 2402 eo
533 2362 805 2416 cogitationes
832 2362 920 2402 eius
946 2362 1005 2402 rei
1031 2362 1117 2402 dics
1145 2375 1193 2401 ac
1217 2370 1359 2401 noctes
1387 2359 1517 2414 agita-

166 2424 251 2464 bat.
309 2423 517 2463 redierant
542 2438 645 2476 quos
671 2424 776 2463 forte
802 2423 968 2463 miserat
994 2423 1035 2462 in
1047 2423 1276 2463 Bastarnas
1304 2422 1356 2462 ad
1381 2435 1517 2462 arces-

169 2485 298 2526 senda
345 2485 497 2526 auxilia
544 2486 881 2537 adduxerantque
924 2484 1020 2525 inde
1061 2485 1220 2525 nobiles
1263 2484 1433 2524 iuvenes
1476 2490 1516 2523 et

166 2547 271 2602 regii
308 2549 510 2600 quosdam
547 2548 728 2602 generis,
762 2562 936 2600 quorum
972 2562 1078 2587 unus
1111 2561 1294 2587 sororem
1326 2561 1443 2586 suam
1474 2544 1517 2585 in

169 2610 475 2652 matrimonium
501 2610 684 2664 Philippi
708 2610 791 2650 filio
816 2609 1099 2664 pollicebatur,
1127 2615 1394 2661 erexeratque
1419 2621 1517 2648 con-

1530 703 1548 732 [Ο

1540 1816 1556 1844 *I

1543 2433 1582 2462 10
