1799 2900
491 149 645 183 LIBER
668 149 830 193 xxxv,
859 149 985 183 14.15.
1014 150 1213 193 [a.e.193]
1446 141 1523 182 187

168 254 272 296 sidia
303 252 579 308 disposuisse,
617 259 747 292 artem
784 252 909 293 etiam
940 253 1188 294 conciliandi
1220 253 1298 294 sibi
1334 253 1522 294 homines

167 331 258 357 eam
278 315 487 363 habuisse,
514 321 558 354 ut
571 314 741 354 Italicae
761 322 907 369 gentes
928 315 1038 369 regis
1061 316 1220 356 externi
1241 330 1363 369 quam
1382 315 1524 371 populi

184 378 346 419 {omani
372 384 456 417 tam
483 376 552 416 diu
576 376 773 431 principis
799 377 840 416 in
866 392 914 417 ea
941 384 1049 418 terra
1067 378 1285 432 imperium
1311 393 1403 419 esse
1423 378 1524 418 mal-

164 441 262 481 lent.
312 439 546 492 exequenti,
575 453 696 491 quem
723 439 888 479 tertium
911 440 1091 489 duceret,
1118 441 1229 480 haud
1250 440 1372 481 dubie
1394 447 1524 481 semet

164 502 302 557 ipsum
328 502 496 542 dixisse.
536 509 623 541 tum
648 501 776 541 risum
803 503 994 542 obortum
1016 501 1202 556 Scipioni
1228 510 1269 543 et
1293 502 1524 543 subiecisse

167 564 383 617 ‘quidnam
408 571 452 603 tu
478 563 656 610 diceres,
684 563 717 602 si
743 578 808 603 me
835 564 1049 604 vicissesP'
1090 570 1196 604 ‘tum
1222 580 1319 605 vero
1346 565 1428 605 me’
1462 565 1524 604 in-

168 625 254 679 quit
286 630 346 666 ‘et
372 633 468 665 ante
494 625 784 665 Alexandrum
810 633 850 665 et
876 633 969 666 ante
1000 626 1208 679 Pyrrhum
1234 634 1275 666 et
1299 634 1393 666 ante
1421 626 1521 667 alios

165 688 297 729 omnis
330 688 599 742 imperatores
635 687 753 728 essc.’
804 695 844 728 et
874 688 1117 742 perplexum
1142 689 1302 729 Punico
1334 697 1428 729 astu
1458 704 1520 729 re-

166 765 365 805 sponsum
403 758 443 790 ct
477 750 734 804 inprovisum
772 749 1071 790 adsentationis
1109 764 1242 805 genus
1284 750 1523 805 Scipionem

164 812 367 861 movisse,
406 812 518 864 quod
544 826 564 852 e
591 826 718 866 grege
753 826 797 852 se
827 812 1124 866 imperatorum
1150 812 1262 852 velut
1287 812 1525 852 inaestima-

165 875 289 915 bilem
316 875 575 915 secrevisset.

250 936 351 978 XV.
401 936 551 979 Villius
585 936 636 976 ab
662 935 833 990 Epheso
859 937 1095 990 Apameam
1126 936 1341 990 processit.
1403 951 1451 976 eo
1484 946 1524 976 et

164 999 398 1039 Antiochus
420 998 559 1038 audito
578 998 811 1052 legatorum
826 998 1109 1038 Romanorum
1129 999 1310 1038 adventu
1328 998 1522 1039 obcurrit.

164 1060 645 1115 Apameae‘congressis
673 1059 918 1113 disceptatio
945 1061 1089 1100 eadem
1122 1061 1252 1100 ferme
1279 1060 1377 1108 fuit,
1417 1075 1521 1113 quae

163 1124 323 1163 Romae
348 1123 454 1162 inter
468 1121 709 1172 Quinctium
730 1129 769 1161 et
790 1122 949 1175 legatos
970 1122 1080 1175 regis
1101 1122 1248 1162 fuerat.
1287 1137 1397 1161 mors
1420 1137 1524 1162 nun-

164 1184 262 1224 tiata
288 1183 487 1223 Antiochi
518 1183 589 1222 filii
615 1184 746 1236 regis,
785 1197 908 1235 quem
934 1184 1111 1223 missum
1136 1184 1260 1238 paulo
1288 1191 1383 1223 ante
1411 1183 1525 1223 dixe—

163 1261 251 1286 ram
276 1245 317 1284 in
334 1244 512 1298 Syriam,
540 1245 704 1284 diremit
725 1245 954 1298 conloquia.
994 1260 1170 1299 magnus
1192 1245 1325 1285 luctus
1347 1245 1388 1284 in
1409 1245 1525 1299 regia

163 1308 239 1348 suit
271 1322 551 1361 magnumque
584 1307 671 1347 eius
704 1307 865 1348 iuvenis
905 1308 1175 1348 desiderium:
1214 1308 1256 1348 id
1294 1308 1403 1348 enim
1441 1308 1523 1347 iam

164 1369 374 1424 specimen
396 1369 458 1409 sui
479 1369 661 1417 dederat,
678 1369 748 1417 uti,
772 1370 805 1410 si
826 1370 1084 1425 vitalongior
1104 1369 1361 1424 contigisset,
1382 1369 1524 1424 magni

1552 452 1591 482 10

1554 577 1587 607 ll

1555 948 1565 976 l

1551 1072 1567 1090 ·)

1551 1256 1567 1269 o

1550 1269 1568 1283 o

163 1431 342 1484 iustique
367 1431 478 1485 regis
504 1431 545 1471 in
572 1446 620 1472 eo
646 1431 829 1472 indolem
855 1432 985 1473 fuisse
1013 1432 1243 1487 adpareret.
1284 1447 1365 1485 quo
1392 1432 1523 1472 carior
1549 1443 1567 1470 4

164 1493 451 1547 acceptiorque
478 1494 668 1534 omnibus
701 1501 806 1542 erat,
842 1510 890 1535 eo
916 1510 1027 1535 mors
1054 1495 1141 1534 eius
1169 1494 1400 1548 suspectior
1433 1494 1522 1543 fuit,

165 1570 336 1609 gravem
363 1569 648 1595 successorem
681 1571 774 1595 eum
808 1557 962 1597 instare
997 1557 1199 1597 senectuti
1232 1571 1331 1596 suae
1362 1564 1522 1610 patrem

166 1617 402 1656 credentem
427 1632 499 1670 per
525 1618 732 1671 spadones
759 1618 973 1670 quosdam,
1001 1618 1143 1658 talium
1170 1618 1396 1658 ministerio
1422 1618 1523 1657 faci-

165 1693 311 1718 norum
338 1686 529 1732 aceeptos
556 1679 744 1732 regibus,
772 1694 931 1719 veneno
959 1680 1190 1720 sustulisse.
1241 1695 1332 1719 eam
1359 1693 1520 1731 quoque
1549 1690 1566 1718 ῠ

166 1755 333 1780 causam
361 1740 616 1781 clandestino
643 1741 815 1781 facinori
842 1741 1086 1790 adiciebant,
1114 1742 1224 1794 quod
1241 1740 1416 1781 Seleuco
1438 1741 1521 1781 filio

165 1801 477 1856 Lysimachiam
506 1802 702 1851 dedisset,
730 1802 941 1843 Antiocho
968 1817 1091 1855 quam
1118 1803 1295 1843 similem
1318 1803 1434 1843 daret
1459 1817 1524 1843 se-

167 1864 273 1912 dem,
300 1871 344 1903 ut
368 1864 511 1918 procul
538 1864 589 1904 al)
617 1879 660 1904 se
687 1864 841 1905 honore
868 1879 961 1905 eum
988 1879 1151 1918 quoque
1178 1865 1407 1918 ablegaret,
1439 1880 1523 1905 non

167 1925 395 1965 habuisset.
445 1926 586 1979 magni
620 1934 757 1965 tamen
788 1926 921 1966 luctus
957 1928 1115 1980 species
1142 1942 1215 1981 per
1247 1927 1402 1979 aliquot
1432 1926 1519 1966 dies
1547 1938 1565 1967 6

166 1987 323 2041 regiam
361 1987 508 2035 tenuit3
546 1987 792 2041 legatusque
823 1988 1038 2028 Romanus
1078 2004 1128 2028 ne
1166 1988 1299 2029 alieno
1338 1996 1522 2042 tempore

166 2048 454 2089 incommodus
470 2049 772 2098 obversaretur,
787 2050 1041 2104 Pergamum
1056 2051 1273 2090 concessit.
1295 2064 1368 2090 rex
1381 2050 1523 2104 Ephe-

168 2125 260 2150 sum
285 2111 440 2151 omisso
466 2111 577 2163 quod
601 2111 867 2151 inchoaverat
895 2112 1001 2152 bello
1026 2112 1143 2152 redit.
1186 2111 1243 2152 ibi
1269 2126 1342 2166 per
1366 2111 1523 2152 luctum

167 2172 282 2224 regia
307 2172 448 2212 clausa
473 2187 565 2212 eum
584 2173 802 2214 B1innione
829 2174 1028 2226 quodam,
1056 2175 1125 2226 qui
1149 2175 1342 2228 princeps
1369 2174 1523 2215 amico-

1551 2064 1566 2072 ,-

1553 2071 1563 2092 1

167 2248 259 2273 rum
285 2233 371 2274 eius
399 2241 503 2283 erat,
531 2242 691 2275 secreta
716 2236 888 2276 consilia
914 2236 1099 2290 agitavit.
1159 2236 1324 2276 Minnio
1350 2236 1519 2290 ignarus
1546 2250 1565 2280 8

169 2294 352 2334 omnium
389 2303 652 2336 externorum
689 2297 879 2350 viresque
916 2298 1140 2338 aestimans
1172 2298 1283 2351 regis
1316 2313 1367 2338 ex
1398 2299 1520 2338 rebus

168 2356 210 2396 in
227 2356 349 2410 Syria
374 2364 443 2396 aut
458 2357 563 2397 Asia
589 2358 730 2411 gestis,
757 2374 840 2399 non
862 2373 987 2399 eausa
1006 2360 1129 2400 modo
1151 2359 1406 2413 superiorem
1428 2375 1521 2400 esse

168 2418 437 2467 Antiochum,
477 2419 587 2472 quod
622 2419 723 2459 nihil
762 2421 880 2473 aequi
917 2421 1174 2475 postularent
1211 2421 1410 2471 Romani,
1449 2422 1523 2462 sed

168 2480 277 2520 bello
305 2495 465 2533 quoque
493 2489 781 2535 superaturum
808 2483 1013 2523 credebat.
1075 2483 1250 2537 fugienti
1274 2484 1363 2538 regi
1390 2484 1522 2524 disce—
1547 2497 1564 2527 9

169 2542 397 2596 ptationem
423 2557 516 2582 cum
540 2544 708 2597 legatis,
742 2559 815 2584 seu
846 2544 928 2584 iam
954 2552 1124 2599 experto
1150 2560 1240 2586 eam
1266 2545 1401 2586 minus
1428 2561 1522 2600 pro-

171 2618 334 2658 speram
367 2619 440 2645 scu
470 2619 656 2646 maerore
688 2605 843 2646 recenti
874 2606 1064 2656 confuso,
1102 2607 1316 2662 professus
1341 2607 1518 2657 Minnio,
