1799 2900
263 137 345 177 224
567 143 720 177 LIBER
747 143 932 186 XXXVI,
961 144 991 176 6.
1012 143 1040 177 7.
1072 146 1119 187 [a.
1136 155 1170 178 u.
1186 144 1310 189 c.563]

261 248 342 289 iam
364 246 529 287 saecula
553 246 717 300 publice
737 246 1012 300 privatimque
1034 247 1199 288 labante
1220 248 1389 302 egregia
1409 249 1619 302 quondam

262 309 480 364 disciplina
504 308 640 363 gentis
668 316 707 349 et
734 309 956 350 multorum
977 324 1025 349 eo
1045 317 1167 359 statu,
1194 311 1263 363 qui
1290 311 1506 351 diuturnus
1527 327 1620 353 esse

216 388 234 417 3
262 373 349 413 sine
375 371 601 411 mutatione
621 386 758 411 rerum
785 386 866 411 non
892 379 1047 425 posset.
1085 371 1250 412 obviam
1273 374 1417 413 effusis
1439 374 1620 427 undique

259 433 460 474 Boeotiae
486 433 741 487 principibus
763 433 933 473 Thebas
961 433 1084 474 vonit.
1134 434 1191 475 ibi
1216 435 1256 474 in
1284 436 1457 476 concilio
1483 436 1619 490 gentis

260 510 512 549 quamquam
539 503 579 536 et
605 496 657 536 ad
678 495 849 536 Delium
875 496 1016 550 inpetu
1043 497 1083 537 in
1108 498 1362 551 praesidium
1381 498 1620 538 Romanum

259 559 370 599 facto
395 568 435 599 et
461 559 513 599 ad
529 558 773 599 Chalcidem
794 559 1058 600 commiserat
1082 574 1158 600 nec
1179 575 1202 600 a
1226 561 1365 614 parvis
1387 576 1462 601 nee
1484 561 1619 601 dubiis

215 635 233 662 4
261 621 473 676 principiis
500 621 669 669 bellum,
697 629 835 661 tamen
857 622 1031 662 eandem
1053 621 1281 662 orationem
1309 621 1408 676 [est]
1433 638 1619 671 exorsus,

260 698 341 737 qua
366 684 408 724 in
434 684 653 736 conloquio
680 684 812 738 primo
839 684 892 724 ad
908 683 1153 725 Chalcidem
1174 700 1335 737 quaque
1362 701 1434 739 per
1459 685 1619 740 legatos

259 747 300 787 in
327 747 500 788 concilio
526 747 795 787 Achaeorum
819 761 919 787 usus
947 754 1046 795 erat,
1072 754 1117 786 ut
1143 747 1366 787 amicitiam
1394 762 1535 788 seeum
1559 748 1621 787 in-

260 808 393 857 stitui,
430 824 514 849 non
545 809 699 849 bellum
726 808 850 849 indici
875 809 1076 850 Romanis
1111 809 1352 863 postularet.
1413 809 1620 850 neminem

261 871 359 925 quid
374 880 566 926 ageretur
586 871 777 920 fallebat,
805 871 1016 911 decretum
1040 880 1177 912 tamen
1201 872 1277 911 sub
1298 872 1379 912 leni
1400 872 1620 913 verborum

259 942 478 989 praetextu
502 950 576 989 pro
602 949 700 989 rege
727 934 927 974 adversus
953 934 1166 974 Romanos
1194 934 1348 974 factum
1375 941 1450 974 est.

215 1008 233 1037 6
346 997 440 1037 Hac
483 1011 647 1049 quoque
691 1004 814 1050 gente
859 996 1054 1037 adiuncta
1101 994 1347 1036 Chalcidem
1388 1010 1620 1050 regressus,

260 1059 501 1113 praemissis
523 1059 617 1099 inde
637 1058 798 1107 litteris,
826 1066 869 1098 ut
883 1058 1199 1099 Demetriadem
1222 1058 1490 1099 convenirent
1511 1058 1621 1113 prin-

261 1121 372 1175 cipes
405 1121 670 1169 Aetolorum,
712 1135 805 1160 cum
837 1120 987 1173 quibus
1021 1120 1071 1161 de
1104 1136 1265 1161 summa
1296 1135 1434 1160 rerum
1467 1119 1622 1160 delibe-

218 1194 234 1222 7
261 1190 388 1231 raret,
427 1183 603 1222 navibus
637 1198 685 1223 eo
718 1182 769 1222 ad
809 1182 917 1222 diem
955 1182 1155 1222 indictum
1187 1182 1362 1223 concilio
1394 1181 1519 1222 venit.
1581 1190 1621 1221 et

261 1245 536 1299 Amynander
562 1245 722 1285 adcitus
757 1245 808 1285 ad
841 1245 1158 1285 consultandum
1192 1260 1243 1284 ex
1269 1244 1542 1292 Athamania3
1581 1252 1621 1284 et

260 1307 476 1348 Hannibal
512 1307 700 1354 Poenus,
743 1306 825 1346 iam
863 1307 931 1346 diu
969 1322 1052 1346 non
1089 1306 1317 1354 adhibitus,
1361 1306 1547 1346 interfuit
1583 1305 1621 1345 ei

217 1380 236 1409 8
262 1369 447 1410 consilio.
498 1369 777 1409 consultatum
803 1369 853 1409 de
869 1369 1169 1409 Thessalorum
1194 1376 1317 1423 gente
1344 1376 1419 1417 est,
1448 1383 1620 1421 quorum

217 1442 235 1471 9
262 1431 454 1472 omnibus
487 1431 556 1483 qui
589 1430 759 1471 aderant
792 1430 982 1470 voluntas
1016 1431 1257 1484 temptanda
1287 1430 1518 1470 videbatur.
1579 1429 1620 1469 in

262 1508 311 1534 eo
342 1493 465 1533 modo
498 1493 687 1533 diversae
722 1492 950 1533 sententiae
988 1500 1122 1539 erant,
1160 1492 1270 1545 quod
1308 1492 1375 1531 alii
1412 1492 1619 1546 extemplo

263 1555 484 1610 agendum,
513 1555 580 1594 alii
607 1570 657 1594 ex
683 1554 831 1600 hieme,
858 1569 964 1607 quae
991 1563 1077 1594 tum
1103 1554 1232 1594 ferme
1251 1554 1389 1594 media
1414 1561 1514 1603 erat,
1542 1554 1621 1594 dif-

198 1629 237 1658 10
262 1617 480 1657 ferendum
505 1617 547 1656 in
567 1617 675 1656 veris
702 1616 963 1671 principium,
991 1623 1031 1656 et
1057 1615 1126 1656 alii
1150 1616 1311 1670 legatos
1333 1616 1619 1657 tantummodo

261 1678 505 1727 mittendos,
543 1678 612 1718 alii
643 1693 736 1718 cum
769 1678 960 1719 omnibus
994 1678 1123 1733 copiis
1162 1678 1343 1719 eundum
1381 1678 1619 1725 censebant,

262 1741 560 1794 terrendosque
588 1749 712 1790 metu,
741 1742 776 1781 si
801 1748 1104 1781 cunctarentur.

222 1815 233 1843 t
347 1804 448 1845 VH.
489 1802 597 1844 Cum
623 1804 731 1843 eirca
756 1803 863 1843 hanc
890 1804 975 1844 fere
1001 1802 1349 1844 consultationem
1374 1802 1620 1857 disceptatio

263 1865 396 1906 omnis
424 1873 672 1914 verteretur,
711 1865 925 1905 Hannibal
951 1865 1195 1906 nominatim
1220 1865 1497 1920 interrogatus
1525 1880 1618 1906 sen-

261 1928 433 1968 tentiam
469 1927 512 1967 in
549 1927 729 1968 universi
766 1927 863 1968 belli
895 1928 1189 1982 cogitationem
1220 1942 1362 1982 regem
1394 1936 1517 1980 atque
1547 1941 1618 1967 eos

262 1989 331 2042 qui
363 1989 536 2030 aderant
569 1989 636 2029 tali
668 1990 853 2030 oratione
885 1990 1045 2030 avertit.
1108 1989 1162 2029 ‘si
1194 2004 1246 2029 ex
1271 2004 1352 2042 quo
1384 1989 1618 2029 traiecimus

261 2052 303 2091 in
319 2050 553 2100 Graeciam,
570 2052 779 2092 adhibitus
796 2067 932 2092 essem
952 2052 993 2092 in
1009 2052 1239 2099 eonsilium,
1256 2066 1349 2091 eum
1364 2051 1414 2092 de
1429 2051 1617 2099 Euboea,

262 2113 313 2153 de
338 2113 522 2154 Achaeis
550 2113 683 2167 deque
708 2113 886 2154 Boeotia
912 2114 1131 2168 agebatur,
1170 2114 1344 2154 eandem
1371 2113 1618 2154 sententiam

263 2175 462 2216 dixissem
496 2190 620 2229 quam
653 2175 794 2224 hodie,
834 2191 926 2216 cum
953 2176 1003 2216 de
1030 2175 1245 2216 Thessalis
1279 2175 1431 2230 agitur,
1470 2175 1617 2216 dicam.

219 2251 236 2279 3
263 2246 357 2278 ante
390 2238 529 2278 onmia
552 2238 795 2292 Philippum
827 2245 867 2278 et
892 2238 1151 2278 Macedonas
1183 2238 1281 2278 belli
1311 2238 1353 2278 in
1379 2237 1618 2279 societatem

219 2311 237 2338 4
264 2314 522 2353 quacumque
554 2301 712 2341 ratione
745 2315 895 2341 censeo
929 2301 1195 2341 deducendos
1222 2316 1326 2341 esse.
1385 2315 1481 2340 nam
1508 2299 1618 2352 quod

264 2362 315 2401 ad
333 2363 550 2403 Euboeam
566 2364 833 2416 Boeotosque
854 2370 894 2403 et
908 2362 1137 2404 Thessalos
1160 2363 1328 2411 adtinet,
1355 2362 1420 2402 eui
1447 2361 1618 2402 dubium

264 2434 338 2471 est,
365 2424 463 2476 quin
488 2449 520 2453 —
544 2433 588 2465 ut
615 2425 762 2478 quibus
790 2425 926 2465 nullae
954 2440 1052 2465 suae
1073 2425 1181 2465 vires
1209 2425 1303 2473 sint,
1329 2423 1617 2479 praesentibus

265 2485 470 2525 adulando
487 2502 663 2541 semper,
684 2502 807 2539 quem
829 2495 983 2527 metum
1004 2487 1044 2526 in
1064 2486 1236 2527 consilio
1257 2487 1450 2534 habeant,
1471 2484 1615 2525 eodem

222 2558 239 2586 5
266 2545 318 2584 ad
347 2546 649 2600 impetrandam
681 2549 846 2589 veniam
878 2557 1046 2589 utantur
1070 2574 1122 2597 —,
1161 2549 1282 2588 simul
1308 2562 1356 2588 ac
1380 2548 1616 2588 Romanum

264 2607 487 2648 exercitum
520 2609 559 2649 in
593 2610 771 2651 Graecia
801 2611 997 2660 viderint,
1036 2611 1087 2651 ad
1125 2618 1368 2651 consuetum
1399 2607 1616 2662 imperium

215 885 234 912 27*

218 2002 235 2031 [ὗ
