1799 2900
245 146 327 188 258
564 151 717 185 LIBER
744 151 946 195 xxxvii,
976 152 1005 185 1.
1034 151 1272 196 [amase-1]

544 545 851 601 [PERIOCHA
882 549 1034 587 LIBRI
1064 545 1302 601 xxxvii]

315 647 375 691 [L.
391 646 586 681 Cornelius
602 647 726 691 Scipio
748 646 892 689 consul,
916 645 1041 690 legato
1058 646 1232 691 Scipione
1247 646 1424 680 Africano
1440 645 1554 680 fratrc
1567 667 1599 671 —

246 699 308 744 qui
324 710 362 733 se
383 699 547 743 legatum
562 698 688 732 fratris
709 698 872 731 futurum
889 697 1044 739 dixerat,
1067 697 1096 730 si
1113 698 1145 730 ei
1161 697 1321 732 Graecia
1335 696 1525 742 provincia
1539 697 1598 730 (lc-

246 754 471 791 cerneretur,
501 760 581 783 eum
598 748 638 783 C.
653 749 797 791 Laelio,
826 748 887 793 qui
902 748 1054 780 multum
1076 748 1113 781 in
1129 753 1260 781 senatu
1275 752 1435 791 poterat,
1461 758 1505 780 ea
1519 758 1600 791 pro—

245 799 368 833 vincia
387 799 467 833 dari
487 799 720 832 videretur—
734 797 926 842 profectus
947 798 994 831 ad
1015 798 1153 831 bellum
1175 799 1356 831 adversus
1376 797 1597 832 Antiochum

245 861 370 894 regem
393 851 609 894 gerendum,
637 849 775 893 primus
796 847 957 882 onmium
977 848 1231 882 Romanorum
1254 848 1387 881 dueum
1415 847 1453 880 in
1474 847 1600 881 Asiam

246 900 402 935 traiecit.
451 899 622 945 Regillus
638 900 816 934 adversus
831 899 970 943 regiam
987 899 1145 932 classem
1159 898 1335 932 Antiochi
1357 898 1518 932 feliciter
1537 909 1600 942 pu-

246 951 374 996 gnavit
395 952 442 985 ad
461 951 708 996 Myonnesum
728 948 876 984 Rhodis
897 949 1124 983 iuvantibus.
1174 948 1271 982 filius
1286 949 1454 982 Africani
1469 953 1601 992 captus

246 1005 293 1038 ab
307 1003 494 1037 Antiocho
510 1002 605 1047 patri
628 1002 803 1036 remissus
819 1005 886 1035 est.
925 1001 1023 1034 victo
1040 1001 1174 1035 deinde
1189 1001 1376 1034 Antiocho
1393 1000 1438 1034 ab
1454 999 1496 1033 L.
1512 999 1600 1033 Cor-

246 1055 346 1090 nelio
362 1054 549 1100 Scipione,
576 1054 777 1088 adiuvante
793 1053 956 1087 Eumene
971 1063 1059 1096 rege
1076 1052 1260 1096 Pergami,
1288 1052 1404 1085 Attali
1419 1050 1508 1094 filio,
1531 1061 1601 1096 pax

248 1106 335 1140 data
349 1110 407 1139 est
421 1116 465 1139 ea
481 1105 714 1148 condicione,
741 1109 782 1137 ut
797 1104 968 1137 omnibus
989 1103 1190 1148 provinciis
1209 1104 1302 1137 citra
1317 1103 1480 1136 Taurum
1501 1113 1601 1135 mon-

246 1161 319 1190 tem
341 1157 501 1190 cederet.
550 1155 593 1189 L.
608 1154 803 1189 Cornelius
827 1154 964 1198 Scipio,
992 1154 1054 1198 qui
1076 1166 1158 1187 cum
1179 1154 1368 1187 Antiocho
1389 1153 1600 1187 debellave-

247 1212 316 1249 r-at,
343 1206 566 1250 cognomine
593 1205 700 1239 fratri
720 1211 950 1250 exaequatus
971 1203 1160 1238 Asiaticus
1181 1205 1403 1248 appellatus.
1454 1201 1602 1236 colonia

248 1257 410 1290 deducta
436 1261 493 1290 est
512 1255 694 1289 Bononia.
743 1255 939 1297 Eumenis,
968 1266 1041 1298 quo
1069 1255 1219 1288 iuvante
1246 1254 1454 1287 Antiochus
1481 1253 1601 1286 vietus

248 1311 342 1350 erat,
369 1318 524 1351 regnum
546 1306 773 1351 ampliatum.
822 1305 969 1339 Rhodis
991 1317 1157 1349 quoque,
1185 1305 1246 1349 qui
1268 1309 1305 1338 et
1324 1305 1394 1349 ipsi
1415 1305 1598 1346 iuverant,

248 1358 429 1403 quaedam
447 1357 615 1391 civitates
637 1368 850 1391 concessae.
907 1356 1087 1390 Aemilius
1103 1357 1280 1401 Regillus.
1310 1355 1372 1400 qui
1391 1354 1603 1399 praefectos

248 1407 425 1441 Antiochi
441 1407 564 1441 navali
578 1408 720 1453 proelio
737 1407 937 1449 devicerat,
964 1407 1135 1440 navalem
1150 1406 1374 1451 triumphum
1391 1405 1504 1438 duxit.
1539 1404 1597 1438 Μ’.

247 1458 390 1492 Acilius
405 1458 561 1492 Glabrio
583 1458 628 1492 de
641 1458 842 1501 Antiocho,
871 1469 980 1502 quein
997 1457 1156 1492 Graecia
1177 1457 1380 1501 expulerat,
1408 1460 1446 1490 et
1466 1456 1510 1489 de
1530 1454 1599 1488 Ac-

248 1509 335 1544 tolis
349 1509 616 1554 triumphavit]

736 1785 907 1837 ΤΙΤΙ
945 1785 1124 1836 LIVI

592 1889 676 1927 AB
713 1889 893 1928 VRBE
931 1887 1253 1927 CONDITA

717 2013 885 2051 LIBER
914 2012 1134 2050 XXXVII.

205 2125 218 2154 1
334 2113 366 2153 I.
416 2112 470 2153 L.
498 2111 693 2153 Cornelio
721 2110 937 2166 Scipione,
976 2110 1025 2152 C.
1047 2110 1195 2151 Laelio
1222 2109 1460 2150 consulibus
1492 2108 1605 2149 nulla

248 2174 362 2229 prius
388 2175 616 2215 secundum
642 2173 864 2227 religiones
891 2180 982 2213 acta
1006 2173 1047 2212 in
1074 2179 1220 2213 senatu
1239 2187 1305 2212 res
1327 2180 1390 2212 est
1410 2185 1534 2224 quam
1554 2171 1603 2210 de

249 2236 426 2276 Aetolis.
487 2243 528 2276 et
552 2235 677 2290 legati
704 2250 846 2276 eorum
870 2234 1075 2282 institere,
1113 2233 1209 2287 quia
1234 2234 1404 2274 brevem
1428 2232 1606 2272 indutia-

248 2312 340 2337 rum
365 2298 473 2338 diem
500 2297 727 2346 habebant,
754 2304 795 2337 et
819 2297 871 2337 ab
896 2296 947 2336 T.
974 2296 1188 2348 Quinctio,
1220 2295 1289 2348 qui
1316 2303 1401 2335 tum
1426 2294 1605 2334 Romam

205 2372 223 2401 2
250 2373 301 2399 ex
327 2358 504 2399 Graecia
528 2359 723 2407 redierat,
757 2358 884 2398 adiuti
911 2366 1017 2398 sunt.
1077 2357 1236 2405 Aetoli,
1268 2364 1313 2396 ut
1338 2355 1486 2409 quibus
1511 2354 1604 2409 plus

249 2420 291 2459 in
315 2421 597 2461 misericordia
623 2429 791 2461 senatus
818 2435 942 2473 quam
967 2420 1008 2459 in
1034 2433 1161 2459 causa
1186 2419 1274 2473 spei
1300 2426 1423 2466 esset,
1450 2415 1605 2470 suppli-

251 2481 349 2521 citer
375 2491 566 2536 egerunt,
603 2482 811 2523 veteribus
836 2481 1065 2523 benefactis
1097 2496 1206 2522 nova
1230 2487 1453 2534 pensantes
1478 2477 1605 2517 male-

207 2554 225 2583 3
250 2541 354 2581 ficia.
414 2552 596 2583 ceterum
637 2551 678 2584 et
713 2553 953 2598 praesentes
997 2541 1387 2596 interrogationibus
1424 2539 1604 2591 undique

252 2610 507 2652 senatorum,
556 2605 860 2646 confessionem
898 2604 1031 2658 magis
1075 2619 1207 2644 noxae
1245 2617 1367 2655 quam
1404 2613 1604 2654 responsa
