1799 2900
221 89 304 130 5200
518 94 668 129 LIBER
695 94 860 138 XXXV,
887 95 936 129 30„
960 95 1014 129 31.
1042 95 1141 139 [a.u.
1159 95 1285 140 c.56<2]

219 201 399 242 futuram
426 199 569 252 fugam
596 222 663 246 —-,
689 197 779 252 ipse
804 198 972 252 gravius
999 213 1149 253 agmen
1175 199 1241 240 via
1265 199 1496 254 patentiore
1523 201 1575 241 ad

174 275 193 304 8
219 264 406 303 Eurotan
439 275 603 300 amnem
636 260 819 300 deduxit.
879 260 936 300 ibi
968 261 1113 302 eastris
1147 263 1223 303 sub
1249 275 1442 303 occasum
1475 263 1573 303 solis

218 323 363 378 positis
395 322 531 362 levem
562 329 835 370 armaturam,
873 336 996 375 quam
1029 324 1080 363 ad
1113 325 1446 378 persequendum
1482 324 1576 365 reli—

217 392 363 438 querat
388 383 564 432 hostem,
591 383 896 438 opperiebatur.
935 385 1004 437 qui
1031 385 1100 425 ubi
1127 386 1259 439 prima
1286 387 1426 440 vigilia
1452 401 1576 427 vene-

217 454 330 494 runt,
362 446 600 486 nuntiantes
639 453 858 499 tyrannum
891 460 983 486 cum
1018 448 1160 501 paucis
1193 448 1244 488 ad
1275 449 1420 489 urbem
1451 464 1576 503 pcne-

219 516 363 556 trassc,
386 516 564 549 ceteram
585 507 892 548 multitudinem
913 508 1112 549 inermem
1127 517 1212 550 toto
1229 525 1416 564 sparsam
1433 511 1575 565 vagari

174 583 191 613 9
220 571 339 619 saltu,
367 584 540 624 corpora
565 584 708 610 curare
735 585 806 610 eos
831 570 958 611 iubet.
1006 571 1096 625 ipse
1123 586 1174 612 ex
1200 583 1336 612 cetera
1356 573 1475 627 copia
1499 573 1576 613 1111-

218 633 351 681 11111111,
378 632 448 685 qui
473 633 570 685 quia
595 632 754 686 priores
780 632 822 672 in
848 640 983 673 castra
1008 642 1225 682 venerant,
1251 634 1395 674 refecti
1420 643 1461 675 et
1485 634 1576 675 cibo

219 703 385 749 sumpto
417 701 455 735 et
494 695 657 735 modica
694 694 830 747 quiete
863 705 998 752 erant„
1036 695 1239 744 delectos,
1277 696 1378 736 nihil
1414 706 1577 751 praeter

218 757 380 811 gladios
408 772 549 798 secum
576 757 766 806 ferentis,
794 758 1002 812 extemplo
1028 757 1183 806 educit,
1218 766 1257 798 et
1283 759 1458 799 duarum
1482 774 1577 814 por-

218 828 354 859 tarum
390 819 627 868 itineribus,
673 834 778 872 quae
813 819 976 860 Pharas
1016 833 1203 873 quaeque
1240 820 1578 862 Barbosthenem

218 882 367 930 ferunt,
395 896 466 922 eos
491 881 704 930 instruxit,
732 896 812 934 qua
844 896 895 922 cx
926 881 1028 935 fuga
1052 890 1291 936 recepturos
1320 897 1412 923 sese
1445 883 1576 924 hostis

154 956 193 985 10
219 944 426 984 credebat.
486 957 563 984 nec
601 959 696 984 eum
733 943 872 998 opinio
903 943 1063 985 fefellit.
1125 959 1221 984 nam
1252 944 1577 995 Lacedaemoni,

219 1006 355 1058 quoad
389 1005 493 1046 lucis
534 1006 739 1061 superfuit
777 1006 1017 1059 quicquam,
1062 1006 1192 1046 deviis
1231 1007 1404 1047 callibus
1441 1008 1577 1049 medio

219 1068 326 1109 saltu
357 1068 613 1122 recipiebant
646 1083 707 1117 se3
743 1068 876 1123 primo
903 1083 1075 1122 vespere
1107 1076 1153 1108 ut
1184 1069 1339 1115 lumina
1365 1069 1406 1110 in
1432 1069 1577 1111 castris

219 1129 400 1170 hostium
427 1144 700 1184 conspexere,
735 1145 756 1171 0
782 1131 955 1184 regione
982 1145 1125 1170 eorum
1151 1131 1321 1171 occultis
1350 1132 1506 1172 semitis
1534 1146 1578 1172 se

154 1206 192 1234 11
221 1199 460 1240 1011110111111;
488 1192 556 1231 111)1
583 1192 820 1246 praegressi
847 1207 895 1232 ea
922 1200 1035 1240 sunt,
1069 1192 1151 1232 iam
1178 1200 1311 1232 tutum
1336 1194 1414 1232 rati
1440 1193 1480 1233 in
1505 1208 1578 1247 pa-

219 1252 341 1293 tentis
375 1253 463 1293 vias
496 1254 812 1294 descenderunt.
873 1253 929 1293 ibi
955 1254 1117 1307 excepti
1144 1255 1195 1294 ab
1226 1254 1430 1295 insidente
1457 1255 1576 1295 hoste

217 1315 375 1369 passim
400 1315 457 1355 ita
488 1315 606 1355 multi
637 1317 749 1356 caesi
780 1315 971 1370 captique
999 1323 1110 1364 sunt,
1144 1324 1187 1355 ut
1214 1316 1283 1355 vix
1309 1325 1454 1369 quarta
1479 1332 1575 1371 pars

154 1391 191 1420 12
219 1377 270 1418 de
302 1384 387 1418 toto
420 1377 603 1417 exercitu
629 1378 820 1418 evaserit.
879 1377 1182 1432 Philopoemen
1208 1378 1367 1418 incluso
1400 1387 1576 1432 tyranno

219 1440 261 1479 in
286 1440 432 1479 urbem
462 1439 720 1492 insequentis
754 1440 842 1480 dies
868 1454 997 1494 prope
1028 1439 1198 1494 triginta
1223 1441 1437 1481 vastandis
1465 1441 1576 1494 agris

218 1502 437 1542 Laconum
469 1502 703 1556 absumpsit
739 1502 1046 1554 debilitatisque
1084 1516 1131 1542 ac
1168 1518 1297 1557 prope
1334 1502 1476 1543 fractis
1515 1511 1578 1556 ty-

217 1564 336 1604 ranni
357 1564 513 1604 viribus
535 1564 704 1605 domum
724 1564 857 1613 rediit,
885 1564 1158 1616 aequantibus
1176 1579 1269 1604 eum
1290 1565 1422 1619 gloria
1440 1580 1578 1606 rerum

156 1639 192 1668 13
218 1625 402 1666 Achaeis
428 1625 669 1680 imperatori
681 1626 873 1667 Romano
895 1634 946 1674 et,
974 1627 1085 1679 quod
1107 1626 1158 1666 ad
1179 1626 1399 1667 Laconum
1424 1627 1579 1668 bellum

219 1687 435 1735 adtineret,
462 1688 795 1742 praeferentibus
823 1688 960 1729 etiam.

177 1762 190 1790 1
304 1749 486 1790 XXXI.
524 1750 641 1790 Dum
660 1750 768 1790 inter
781 1750 977 1791 Achaeos
1001 1757 1041 1791 01
1061 1757 1283 1804 tyrannum
1302 1751 1456 1791 bellum
1477 1758 1577 1800 erat,

218 1811 344 1866 legati
374 1812 661 1852 Romanorum
694 1812 866 1853 circuire
906 1813 1113 1854 sociorum
1148 1813 1271 1854 urbes
1310 1813 1492 1862 solliciti,
1526 1829 1578 1854 ne

218 1873 360 1914 Aetoli
390 1873 518 1927 partis
552 1873 724 1914 alieuius
758 1874 918 1915 animos
951 1875 1004 1914 ad
1028 1874 1285 1915 Antiochum
1317 1875 1577 1916 avertissent.

173 1937 434 1977 2111111111111111
473 1952 623 1992 operae
664 1937 707 1977 in
742 1937 927 1979 Achaeis
972 1937 1174 1978 adeundis
1218 1946 1577 1992 consumpserunt,

218 2013 342 2051 quos,
375 2000 472 2052 quia
499 1999 653 2040 Nabidi
685 1999 825 2040 infesti
858 2008 992 2048 erant,
1027 2000 1080 2039 ad
1111 2006 1249 2039 cetera
1280 2014 1443 2052 quoque
1477 2000 1577 2041 satis

172 2073 190 2101 3
217 2061 322 2102 fidos
355 2062 583 2102 censebant
609 2076 714 2102 esse.
763 2061 955 2102 Athenas
982 2061 1174 2116 primum,
1200 2062 1295 2101 inde
1319 2060 1576 2111 Chalcidem,

217 2123 312 2163 iude
349 2123 390 2163 in
423 2123 689 2164 Thessaliam
720 2123 824 2172 iere,
864 2124 1127 2176 adlocutique
1161 2124 1334 2165 concilio
1372 2124 1578 2177 frequenti

217 2186 446 2227 Thessalos
461 2186 778 2227 Demetriadem
803 2187 880 2227 iter
905 2187 1070 2227 flexere.
1109 2202 1158 2227 eo
1172 2187 1420 2241 Magnetum
1442 2188 1578 2228 conci-

173 2258 193 2286 4
218 2248 318 2288 1111111
333 2249 532 2289 indictum
548 2257 624 2290 est.
665 2249 899 2290 adcuratior
914 2250 971 2289 ibi
992 2250 1183 2289 habenda
1204 2249 1334 2290 oratio
1354 2250 1444 2299 fuit,
1468 2250 1577 2303 quod

219 2325 315 2363 pars
341 2310 575 2366 principum
601 2311 767 2352 alienati
793 2311 996 2353 Romanis
1025 2311 1181 2363 totique
1208 2311 1406 2352 Antiochi
1433 2320 1470 2352 et
1492 2312 1578 2352 Ae-

175 2381 193 2410 5
219 2372 396 2413 tolorum
427 2382 563 2423 erant,
597 2374 693 2426 quia
726 2388 821 2414 cum
850 2374 968 2415 reddi
1000 2374 1189 2414 obsidem
1220 2374 1350 2414 filium
1381 2374 1577 2429 Philippo

220 2433 402 2473 adlatum
429 2443 539 2475 esset
565 2436 900 2490 stipendiumque
930 2435 1156 2490 inpositum
1181 2435 1353 2484 remitti,
1380 2436 1486 2476 inter
1511 2450 1578 2476 ce-

220 2500 307 2533 tera
334 2510 438 2536 vana
463 2497 646 2537 adlatum
673 2505 777 2546 erat,
803 2498 1119 2538 Demetriadem
1145 2512 1307 2550 quoque
1334 2498 1370 2538 ei
1395 2497 1577 2538 redditu-

177 2566 194 2596 6
219 2569 286 2595 ros
318 2555 530 2599 Romanos
569 2574 675 2600 csse.
742 2559 784 2599 id
820 2575 872 2600 ne
909 2560 1044 2608 ficret,
1083 2559 1346 2613 Eurylochus
1382 2559 1574 2612 princeps
