1799 2900
506 122 659 155 LIBER
682 121 908 166 XXXVIII,
936 123 989 156 12.
1010 123 1063 156 13.
1093 125 1141 165 [a.
1158 122 1196 157 C.
1212 123 1291 166 189]
1490 115 1573 155 325

218 225 399 267 exercitu
423 224 597 265 lustrato
623 225 857 266 contionem
884 225 993 280 apud
1018 225 1169 267 milites
1190 225 1346 274 habuit,
1375 240 1454 279 qua
1474 240 1571 266 con-
1599 241 1617 269 3

216 288 383 329 laudata
419 288 567 328 virtute
599 302 760 337 eorum,
798 289 909 341 quod
940 303 1033 329 cum
1063 288 1273 329 Antiocho
1304 303 1385 328 uno
1417 288 1571 342 proelio

218 349 515 398 debellassent,
544 349 784 390 adhortatus
811 365 882 391 eos
909 350 961 390 ad
985 365 1138 390 novum
1164 364 1257 390 cum
1284 349 1416 391 Gallis
1444 350 1574 390 susci—

216 411 412 466 piendum
443 411 616 459 bellum,
655 411 723 464 qui
755 418 796 452 et
827 412 989 452 auxiliis
1020 412 1223 452 iuvissent
1246 411 1503 452 Antiochum
1534 419 1574 451 et

217 474 320 514 adeo
345 473 546 513 indomita
571 473 771 513 haberent
794 473 980 527 ingenia,
1006 482 1051 514 ut
1075 473 1325 527 nequiquam
1338 473 1572 514 Antiochus

217 543 377 576 emotus
409 535 516 574 ultra
546 534 644 589 iuga
669 534 798 575 Tauri
822 535 973 576 montis
1008 542 1137 584 esset,
1174 535 1254 575 nisi
1285 535 1574 589 frangerentur

216 611 316 650 opes
350 595 585 645 Galloruin3
625 596 675 637 de
715 611 758 637 se
795 611 958 650 quoque
989 611 1121 651 pauca
1151 610 1228 637 nec
1263 596 1370 636 falsa
1400 610 1476 636 nee
1512 595 1574 636 in-

216 658 380 698 modica
406 658 541 698 adicit.
602 658 697 698 laeti
729 658 880 699 milites
912 673 1005 698 cum
1034 657 1239 711 frequenti
1272 658 1451 698 adsensu
1477 671 1574 698 con-

218 720 350 760 sulem
382 719 644 768 audiverunt,
682 728 842 773 partem
870 720 1015 760 virium
1040 719 1239 760 Antiochi
1270 719 1400 760 fuisse
1428 718 1574 760 Gallos

219 782 453 829 credentes,
490 796 588 835 rege
615 789 808 836 superato
840 782 997 821 nullum
1029 789 1284 822 momentum
1310 780 1354 820 in'
1377 781 1474 821 solis
1500 795 1574 834 per

219 857 262 883 se
285 842 499 883 Gallorum
528 843 655 897 copiis
682 843 784 884 fore.
831 844 1065 883 Eumenem
1091 843 1201 883 haud
1226 842 1267 882 in
1292 849 1477 896 tempore
1504 842 1574 882 ab-

218 919 310 944 csse
329 928 386 932 ——
404 904 563 945 Romae
591 914 677 944 tum
702 912 788 945 erat
809 928 864 932 ——
883 904 1049 945 credere
1075 904 1237 952 consul,
1264 919 1440 958 gnarum
1464 904 1575 944 loco-

218 981 310 1005 rum
348 966 662 1018 hominumque,
700 973 739 1006 et
777 966 892 1006 cuius
930 965 1149 1006 interesset
1185 965 1321 1019 frangi
1360 964 1575 1005 Gallorum

217 1042 331 1081 opes.
390 1027 583 1067 Attalum
614 1027 739 1081 igitur
770 1027 937 1067 fratrem
977 1027 1063 1066 eius
1095 1026 1270 1066 accersit
1299 1042 1323 1066 a
1352 1026 1573 1080 Pergamo,

218 1089 489 1141 hortatusque
515 1089 567 1128 ad
592 1089 896 1142 capessendum
930 1102 1071 1129 secum
1101 1088 1275 1136 bellum,
1312 1088 1575 1142 pollicentem

218 1165 335 1190 suam
372 1164 622 1202 suorumque
660 1164 828 1204 operam
865 1150 1033 1189 domum
1070 1149 1123 1189 ad
1155 1150 1479 1202 comparandum
1516 1149 1577 1188 (li-

216 1211 351 1251 mittit.
412 1225 568 1265 paucos
599 1219 695 1265 post
727 1211 814 1251 dies
845 1212 1032 1265 profecto
1064 1211 1116 1251 ab
1140 1210 1313 1264 Epheso
1339 1210 1498 1251 consuli
1523 1211 1576 1250 ad

216 1272 484 1327 Blagnesiam
505 1273 863 1313 obcurritAttalus
884 1287 978 1313 cum
997 1273 1107 1313 mille
1127 1272 1334 1327 peditibus
1350 1272 1577 1325 equitibus-

216 1351 295 1389 que
320 1336 577 1390 quingentis,
609 1336 830 1376 Athenaeo
856 1336 981 1376 fratre
1012 1335 1127 1375 iusso
1153 1349 1247 1375 cum
1273 1334 1418 1375 ceteris
1446 1334 1574 1389 copiis

217 1398 433 1450 subsequi,
472 1398 761 1438 commendata
791 1398 839 1438 iis
873 1397 1060 1438 custodia
1090 1397 1287 1451 Pergami
1325 1411 1427 1449 quos
1461 1396 1577 1436 fratri

216 1475 428 1514 regnoque
454 1461 558 1500 fidos
586 1461 790 1501 credebat.
852 1460 996 1501 consul
1028 1459 1275 1500 conlaudato
1308 1459 1456 1499 iuvene
1483 1473 1575 1498 cum

217 1521 408 1562 omnibus
443 1522 571 1577 copiis
599 1523 651 1562 ad
675 1522 952 1563 Maeandrum
977 1536 1224 1576 progressus
1260 1529 1395 1561 castra
1424 1521 1575 1575 posuit,

219 1584 314 1636 quia
349 1584 455 1624 vado
493 1584 677 1638 superari
714 1584 845 1624 amnis
882 1598 965 1624 non
1001 1591 1163 1637 poterat
1194 1590 1234 1623 et
1270 1582 1576 1623 contrahendae

218 1660 345 1685 naves
367 1653 483 1685 erant
504 1647 556 1686 ad
576 1646 798 1686 exercitum
819 1646 1103 1685 traiciendum.
1137 1645 1387 1698 transgressi
1401 1645 1577 1684 Maean-

219 1708 337 1747 drum
364 1708 416 1747 ad
441 1708 601 1748 Hieran
628 1707 791 1749 Comen
815 1715 1104 1762 pervenerunt.

302 1769 432 1810 XIII.
492 1771 654 1810 Fanum
686 1770 743 1810 ibi
775 1778 996 1824 augustum
1031 1769 1239 1823 Apollinis
1273 1776 1314 1809 et
1344 1768 1574 1817 oraculum

219 1840 350 1873 sortes
377 1832 564 1873 versibus
591 1832 702 1872 haud
726 1832 945 1873 inconditis
974 1832 1070 1871 dare
1097 1838 1211 1871 vates
1239 1830 1441 1870 dicuntur.
1480 1829 1576 1869 hine

218 1894 356 1934 alteris
389 1895 534 1934 castris
567 1895 619 1934 ad
644 1896 885 1948 Harpasum
916 1894 1070 1934 flumen
1099 1901 1344 1947 perventum
1375 1898 1456 1940 est3
1496 1906 1576 1944 quo

218 1956 344 2009 legati
370 1957 421 1996 ab
447 1956 679 1997 Alabandis
706 1964 925 2004 venerunt,
952 1963 997 1995 ut
1022 1955 1132 2008 quod
1157 1954 1372 1994 castellum
1398 1954 1449 1993 ab
1475 1954 1575 2008 ipsis

218 2032 348 2072 nuper
374 2018 576 2058 descisset
601 2026 672 2058 aut
697 2018 938 2058 auctoritate
965 2024 1033 2057 aut
1059 2016 1182 2057 armis
1209 2022 1376 2070 cogeret.
1394 2015 1483 2055 iura
1504 2031 1574 2055 an-

219 2079 331 2131 tiqua
355 2080 453 2133 pati.
503 2080 647 2120 codem
674 2087 714 2120 et
739 2080 984 2120 Athenaeus
1005 2078 1207 2119 Eumenis
1235 2086 1274 2118 et
1292 2077 1425 2117 Attali
1450 2077 1576 2117 frater

220 2155 314 2180 cum
341 2140 542 2182 Cretense
574 2142 718 2181 Leuso
750 2149 790 2181 ct
817 2141 1004 2195 Corrago
1030 2140 1264 2180 INIacedone
1296 2139 1426 2187 venit;
1464 2139 1576 2178 mille

219 2202 377 2256 pedites
404 2203 625 2243 mixtarum
650 2203 834 2257 gentium
862 2212 901 2243 et
927 2210 1132 2243 trecentos
1154 2201 1311 2254 equites
1339 2214 1480 2241 secum
1506 2201 1576 2240 ad-

221 2264 438 2304 duxerunt.
511 2265 655 2305 consul
698 2265 860 2305 tribuno
904 2265 1077 2304 militum
1117 2264 1244 2303 misso
1283 2276 1376 2302 cum
1413 2262 1576 2302 modica

220 2340 344 2365 manu
370 2326 585 2366 castellum
611 2327 652 2366 vi
677 2326 801 2380 cepit,
841 2334 1005 2380 captum
1030 2324 1396 2365 Alabandensibus
1427 2323 1574 2364 reddit.

219 2387 307 2440 ipsc
333 2387 433 2427 nihil
460 2387 526 2427 via
551 2388 774 2441 degressus
801 2388 854 2427 ad
868 2387 1134 2427 Antiochiam
1160 2401 1284 2440 super
1297 2385 1574 2425 Maeandrum

219 2463 381 2489 amnem
408 2450 545 2502 posuit
571 2456 717 2489 castra.
756 2449 876 2489 huius
904 2448 1034 2489 amnis
1061 2449 1196 2488 fontes
1220 2446 1412 2488 Celaenis
1439 2446 1575 2486 oriun-

221 2518 296 2551 tur.
348 2510 556 2551 Celaenae
581 2511 679 2551 urbs
706 2518 829 2565 caput
849 2510 1056 2563 quondam
1070 2510 1280 2564 Phrygiae
1300 2508 1395 2557 fuit3
1420 2508 1574 2562 migra-

221 2580 306 2613 tum
331 2573 427 2614 inde
459 2573 569 2614 haud
599 2574 742 2628 procul
773 2573 981 2614 veteribus
1010 2572 1203 2614 Celaenis
1236 2586 1450 2625 novaeque
1480 2570 1573 2611 urbi

1601 1223 1620 1251 δ’

1601 1843 1619 1872 10
