1799 2900
451 159 605 194 LIBER
630 159 796 202 xxxx,
822 159 967 193 23-25.
995 159 1192 203 [acm]
1415 147 1501 189 445

142 264 271 307 videri
296 262 441 319 possit.
503 263 580 304 hae
606 262 766 303 litterae
797 263 922 304 fidem
946 262 1092 304 Persei
1126 262 1364 303 criminibus
1391 261 1501 302 fece-

141 334 248 368 runt.
308 326 447 378 itaque
478 325 724 366 Herodorus
762 325 970 380 extemplo
1009 325 1078 365 diu
1115 324 1373 366 excruciatus
1412 323 1500 365 sine

140 388 293 429 indicio
317 388 376 428 rei
401 387 524 427 ullius
551 386 593 426 in
618 387 831 428 tormentis
857 387 1041 428 moritur.

225 450 429 490 XXIIII.
489 449 751 490 Demetrium
794 449 943 490 iterum
985 449 1038 490 ad
1083 456 1244 504 patrem
1291 448 1501 489 accusavit

139 513 334 553 Perseus.
368 512 469 565 fuga
481 526 555 566 per
570 511 798 551 Paeoniam
817 518 1063 566 praeparata
1083 512 1332 566 arguebatur
1351 517 1392 551 et
1412 524 1502 551 cor-

139 574 250 629 rupti
281 573 467 627 quidam,
506 580 551 612 ut.
576 573 746 614 comites
779 573 935 614 itineris
963 581 1121 622 essent3
1157 573 1337 614 maxime
1370 573 1500 613 falsae

138 635 299 676 litterae
325 636 375 676 T.
399 635 585 687 Quinctii
609 636 826 689 urgebant.
875 635 977 675 nihil
1003 643 1140 676 tamen
1167 635 1306 689 palam
1331 635 1498 688 gravius

137 698 449 752 pronuntiatum
475 698 525 738 de
552 712 601 738 eo
627 705 709 746 cst,
736 705 780 738 ut
806 697 900 738 dolo
925 697 1063 752 potius
1089 697 1398 745 interficeretur,
1424 709 1500 736 nec

137 760 180 800 id
205 774 303 801 cura
328 759 476 814 ipsius,
516 760 590 800 sed
623 775 675 800 ne
706 774 841 814 poena
873 759 960 800 eius
987 759 1159 800 consilia
1184 759 1383 799 adversus
1414 758 1501 799 Ro-

136 836 282 862 manos
309 823 496 862 nudaret.
557 822 610 862 ab
636 821 937 862 Thessalonice
962 821 1275 862 Demetriadem
1301 820 1380 875 ipsi
1406 834 1499 860 cum

136 883 214 924 iter
239 891 367 933 esset,
394 885 621 939 Astraeum
646 884 856 924 Paeoniae
876 884 1138 924 Demetrium
1162 883 1287 923 mittit
1313 896 1405 923 cum
1431 897 1500 923 eo-

137 946 232 986 dem
259 947 408 987 comite
422 946 556 995 Dida,
581 946 784 987 Perseum
799 945 1074 1001 Amphipolin
1101 946 1152 986 ad
1179 945 1345 987 obsides
1365 944 1499 985 Thra-

137 1022 230 1048 cum
263 1009 539 1063 accipiendos.
601 1008 848 1063 digredienti
881 1009 932 1049 ab
965 1023 1009 1049 se
1034 1008 1172 1049 Didae
1203 1008 1405 1048 mandata
1429 1007 1500 1048 de—

137 1070 248 1111 disse
275 1071 424 1112 dicitur
450 1071 500 1111 de
525 1071 609 1111 filio
636 1071 876 1111 occidendo.
938 1070 1183 1110 sacrificium
1210 1070 1261 1110 ab
1286 1069 1400 1110 Dida
1426 1083 1499 1109 seu

134 1133 369 1174 institutum
395 1149 468 1174 seu
495 1133 733 1173 simulatum
758 1142 840 1181 est,
868 1133 920 1173 ad
945 1133 1056 1185 quod
1082 1133 1375 1173 celebrandum
1394 1132 1499 1172 invi-

133 1202 242 1235 tatus
263 1195 504 1236 Demetrius
532 1196 583 1235 ab
603 1196 785 1235 Astraeo
804 1194 1054 1235 Heracleam
1079 1195 1204 1235 venit.
1255 1194 1297 1234 in
1323 1209 1372 1234 ea
1397 1208 1499 1234 cena

134 1256 283 1297 dicitur
314 1271 521 1297 venenum
555 1257 710 1297 datum.
771 1257 920 1311 poculo
958 1264 1079 1310 epoto
1112 1256 1320 1310 extemplo
1354 1257 1495 1296 sensit.

133 1326 173 1359 et
204 1334 301 1359 mox
333 1319 483 1360 coortis
516 1319 748 1368 doloribus,
786 1319 930 1359 relicto
963 1318 1152 1359 convivio
1185 1332 1279 1358 cum
1310 1317 1352 1357 in
1383 1318 1497 1358 eubi-

132 1380 270 1421 culum
306 1381 533 1435 recepisset
571 1396 683 1430 sese,
734 1380 1018 1421 crudelitatem
1055 1380 1184 1435 patris
1224 1394 1494 1433 conquerens,

131 1442 397 1497 parricidium
423 1443 560 1483 fratris
589 1457 635 1483 ac
660 1443 798 1483 Didae
826 1443 960 1483 scelus
986 1442 1180 1483 incusans
1214 1444 1494 1495 torquebatur.

130 1504 359 1545 intromissi
381 1505 529 1545 deinde
545 1505 720 1559 Thyrsis
741 1505 907 1558 quidam
924 1504 1180 1546 Stuberaeus
1202 1512 1240 1545 et
1255 1505 1494 1545 Beroeaeus

130 1566 373 1607 Alexander
398 1566 557 1607 iniectis
585 1567 792 1621 tapetibus
826 1567 868 1606 in
901 1574 1024 1621 caput
1048 1567 1273 1620 faucesque
1306 1567 1496 1621 spiritum

130 1628 463 1669 intercluserunt.
524 1629 582 1669 ita
617 1628 810 1669 innoxius
850 1629 1114 1676 adulescens‚
1155 1642 1248 1668 cum
1279 1628 1321 1668 in
1358 1643 1406 1669 eo
1443 1643 1494 1669 ne

131 1690 308 1745 simplici
346 1691 512 1743 quidem
543 1705 694 1745 genere
725 1690 868 1731 mortis
901 1690 1082 1731 contenti
1112 1690 1266 1730 inimici
1303 1691 1492 1739 fuissent,

128 1752 385 1793 interficitur.

214 1814 366 1857 XXV.
402 1815 519 1855 Dum
540 1814 642 1855 haec
661 1814 701 1855 in
716 1814 966 1869 Macedonia
987 1821 1198 1869 geruntur,
1217 1815 1270 1855 L.
1285 1814 1491 1855 Aemilius

128 1876 305 1925 Paulus,
343 1884 565 1931 prorogato
599 1892 647 1917 ex
680 1877 896 1917 consulatu
928 1877 1118 1931 imperio,
1157 1876 1358 1931 principio
1384 1876 1491 1917 veris

128 1937 171 1978 in
195 1938 378 1994 Ligures
404 1939 618 1993 Ingaunos
646 1939 775 1979 duxit.
830 1938 901 1979 ubi
926 1939 1104 1994 primum
1129 1938 1170 1978 in
1197 1938 1377 1979 hostium
1401 1938 1492 1978 fini-

128 2001 205 2041 bus
233 2008 368 2042 eastra
392 2001 550 2056 posuit,
577 2001 705 2055 legati
731 2001 783 2041 ad
805 2015 898 2041 eum
919 2016 993 2055 per
1014 2000 1194 2055 speciem
1215 2000 1328 2054 pacis
1348 2008 1492 2053 peten-

129 2062 206 2102 dae
233 2063 491 2117 speculatum
511 2070 724 2103 venerunt.
774 2063 945 2116 neganti
964 2061 1097 2102 Paulo
1123 2062 1201 2102 nisi
1229 2076 1321 2101 eum
1342 2061 1489 2102 deditis

128 2123 283 2178 pacisci
315 2139 359 2165 se
390 2139 536 2179 pacem
568 2139 650 2165 non
683 2132 767 2164 tam
799 2124 840 2163 id
871 2125 1120 2164 recusabant
1151 2138 1276 2176 quam
1307 2131 1491 2178 tempore

129 2185 295 2226 aiebant
320 2201 424 2241 opus
451 2201 562 2235 esse,
602 2194 645 2227 ut
672 2187 815 2241 generi
847 2186 1002 2240 agresti
1028 2186 1240 2227 hominum
1266 2186 1489 2240 persuade-

128 2255 252 2288 retur.
314 2249 366 2289 ad
404 2248 482 2289 hoc
517 2247 687 2303 [decem
718 2247 901 2303 dierum]
935 2248 1119 2288 indutiae
1156 2262 1249 2288 cum
1281 2248 1488 2297 darentur,

128 2309 333 2363 petierunt
359 2310 525 2359 deinde,
553 2325 603 2350 ne
629 2317 742 2350 trans
763 2318 924 2351 montes
951 2310 1161 2364 proximos
1189 2310 1334 2350 castris
1360 2311 1491 2365 pabu-

128 2371 256 2411 latum
293 2371 577 2425 lignatumque
614 2372 764 2412 milites
801 2371 925 2412 irent:
963 2372 1073 2412 culta
1110 2387 1158 2412 ea
1193 2372 1284 2412 loca
1321 2387 1490 2412 suorum

1526 645 1544 674 [Ο

1526 831 1544 859 3

1525 1019 1544 1046 4

1524 1083 1543 1111 5

1523 1267 1540 1297 6

128 2433 271 2473 finium
297 2448 402 2474 esse.
462 2434 505 2474 id
529 2434 599 2474 ubi
625 2433 917 2488 impetravere,
954 2442 1049 2489 post
1075 2449 1145 2475 eos
1172 2434 1285 2489 ipsos
1311 2444 1487 2483 montes,
1514 2447 1533 2476 5

129 2495 236 2535 unde
269 2503 503 2536 averterant
533 2496 716 2544 hostem,
755 2496 938 2536 exercitu
969 2496 1081 2536 omni
1114 2506 1275 2544 coacto,
1318 2504 1487 2550 repente

128 2557 390 2598 multitudine
421 2557 581 2612 ingenti
613 2565 749 2599 castra
780 2558 1066 2599 Romanorum
1098 2559 1339 2613 obpugnare
1365 2558 1487 2599 simul

129 2619 319 2660 omnibus
345 2619 474 2674 portis
501 2620 688 2674 adgressi
715 2628 823 2661 sunt.
874 2635 1034 2661 summa
1062 2620 1101 2661 vi
1128 2621 1236 2662 diem
1262 2627 1394 2662 totum
1413 2621 1484 2662 ob-

1512 2633 1529 2664 6
