1799 2900
399 119 554 154 LIBER
577 120 779 163 XXXVII,
804 119 948 154 47—49.
977 122 1026 163 [a‚
1042 118 1079 153 C.
1096 119 1172 153 190.
1187 118 1268 160 189]
1425 107 1504 150 301

155 225 218 265 M.
231 223 424 267 Valerius
444 223 662 263 BIessalla.
708 223 883 264 Fulvius
910 223 1054 264 consul
1078 237 1185 263 unus
1211 230 1389 270 creatur,
1417 235 1510 262 cum

156 286 280 327 ceteri
317 284 521 325 centurias
559 299 642 324 non
679 285 935 339 explessent,
974 285 1090 338 isque
1127 291 1293 339 postero
1330 282 1395 324 die
1430 281 1508 324 Cn.

154 346 362 388 BIanlium
386 346 551 400 Lepido
584 346 742 387 deiecto
767 370 823 375 —-
847 362 943 387 nam
967 346 1171 387 Messalla
1201 346 1324 386 iacuit
1349 369 1405 374 —-
1429 345 1512 386 col-

153 410 292 463 legam
318 408 432 448 dixit.
492 415 703 462 praetores
731 409 879 449 exinde
905 409 1003 449 facti
1029 409 1109 449 duo
1136 407 1188 460 Q.
1213 407 1338 457 Fabi,
1364 407 1510 448 Labeo

156 480 195 512 et
213 470 579 511 Pictor—Pictor
603 471 754 510 flamen
781 470 1007 522 Quirinalis
1035 486 1082 511 co
1109 485 1216 511 anno
1242 470 1511 524 inauguratus

155 535 375 582 suerat—‚
402 533 464 573 M.
493 531 762 588 Sempronius
790 533 1041 581 Tuditanus,
1070 531 1144 587 Sp.
1168 532 1411 574 Postumius
1435 532 1514 572 Al-

154 596 296 644 binus,
322 596 376 636 L.
397 595 587 636 Plautius
613 596 860 650 ijsaeus,
887 596 939 636 L.
961 595 1145 636 Baebius
1171 595 1318 636 Dives.

239 657 561 700 XXXXVIH.
620 657 683 698 M.
719 657 868 697 Fulvio
905 657 1118 698 Nobiliore
1155 666 1196 698 et
1233 656 1312 698 Cn.
1349 657 1512 697 BIanlio

154 721 341 763 Volsone
373 720 612 761 consulibus
637 719 831 762 Valerius
862 720 1014 760 Antias
1046 727 1187 760 auctor
1214 728 1274 760 est
1306 734 1510 761 rumorem

155 783 361 823 celebrem
379 782 539 822 Romae
565 782 694 822 fuisse
722 790 762 822 et
786 797 918 836 paene
942 797 1017 836 pro
1043 790 1154 822 certo
1180 781 1383 829 habitum,
1410 781 1513 822 reci-

155 844 294 899 piendi
310 844 516 899 Scipionis
540 844 815 885 adulescentis
838 858 962 884 causa
977 844 1189 885 consulem
1203 844 1256 885 L.
1275 843 1514 898 Scipionem

155 916 194 947 et
221 921 315 946 cum
341 922 388 947 eo
413 907 462 947 P.
488 907 736 947 Africanum
761 907 804 947 in
829 906 1092 958 conloquium
1119 914 1311 946 evocatos
1337 905 1447 960 regis
1474 915 1513 946 et

153 969 267 1023 ipsos
295 969 616 1023 comprehensos
643 984 755 1016 esse,
794 976 834 1008 et
860 968 1031 1008 ducibus
1059 967 1189 1021 captis
1217 967 1436 1008 confestim
1461 967 1514 1007 ad

155 1038 289 1070 castra
318 1031 509 1071 Romana
545 1030 770 1070 exercitum
807 1030 994 1077 ductum,
1033 1043 1162 1081 eaque
1200 1038 1438 1083 expugnata
1474 1037 1515 1069 et

156 1092 311 1132 deletas
338 1092 471 1133 omnis
499 1092 637 1146 copias
662 1092 948 1132 Romanorum
975 1105 1086 1131 esse:
1125 1091 1177 1131 ob
1209 1090 1311 1131 hacc
1336 1091 1510 1132 Aetolos

155 1154 373 1194 sustulisse
400 1153 558 1194 animos
586 1162 626 1194 et
653 1153 846 1194 abnuisse
871 1153 1073 1207 imperata
1098 1152 1253 1200 facere,
1285 1152 1513 1207 principes-

155 1230 233 1268 que
266 1230 407 1256 eorum
438 1216 479 1255 in
503 1215 799 1256 Macedoniam
829 1222 869 1255 et
898 1214 940 1254 in
964 1214 1188 1255 Dardanos
1223 1222 1263 1254 et
1287 1214 1330 1254 in
1355 1214 1513 1255 Thrae-

154 1278 258 1317 ciam
285 1278 336 1318 ad
363 1278 630 1319 conducenda
655 1277 846 1318 mercede
873 1277 1025 1317 auxilia
1049 1277 1271 1331 profectos.
1317 1276 1419 1317 haec
1445 1277 1513 1330 qui

153 1340 390 1380 nuntiarent
418 1340 598 1380 Romam
622 1341 677 1380 A.
704 1339 947 1380 Terentium
972 1341 1205 1381 Varronem
1231 1346 1271 1379 et
1295 1338 1358 1379 M.
1387 1338 1514 1379 Clau-

154 1401 266 1441 dium
302 1401 514 1456 Lepidum
551 1402 604 1442 ab
636 1402 690 1442 A.
725 1400 920 1442 Cornelio
956 1409 1222 1456 propraetore
1260 1416 1311 1441 ex
1347 1401 1516 1442 Aetolia

153 1464 304 1504 missos
331 1479 437 1504 esse.
499 1464 681 1504 subtexit
713 1463 861 1504 deinde
893 1463 1058 1503 fabulae
1090 1463 1202 1512 huic,
1241 1463 1401 1517 legatos
1427 1463 1514 1504 Ae-

154 1524 259 1565 tolos
285 1525 328 1564 in
355 1534 499 1565 senatu
524 1526 630 1566 inter
657 1533 793 1566 cetera
818 1525 896 1565 hoc
922 1539 1085 1578 quoque
1105 1524 1380 1578 interrogatos
1407 1539 1512 1572 esse,

154 1587 264 1627 unde
295 1587 507 1628 audissent
539 1587 808 1641 imperatores
834 1587 1049 1627 Romanos
1082 1586 1123 1626 in
1155 1586 1261 1626 Asia
1293 1594 1435 1640 captos
1462 1587 1513 1626 ab

155 1649 366 1689 Antiocho
402 1664 502 1703 rege
540 1656 579 1689 et
610 1649 836 1689 exercitum
868 1648 1049 1688 deletum
1080 1662 1191 1688 esse:
1243 1648 1418 1688 Aetolos
1449 1662 1514 1688 re-

156 1710 375 1765 spondisse
411 1712 462 1751 ab
502 1711 586 1750 suis
622 1711 771 1765 legatis
810 1725 872 1759 se,
912 1709 981 1762 qui
1018 1724 1111 1750 cum
1142 1709 1310 1749 consule
1347 1709 1512 1758 fuerint,

155 1773 348 1814 certiores
393 1774 539 1813 factos.
609 1773 785 1813 rumoris
830 1772 951 1812 huius
995 1771 1090 1824 quia
1135 1771 1343 1812 neminem
1387 1771 1513 1811 alium

156 1843 366 1877 auctorem
398 1836 548 1885 habeo,
592 1850 726 1888 neque
759 1835 974 1876 adfirmata
1001 1850 1067 1875 res
1104 1849 1197 1875 mea
1233 1834 1425 1889 opinione
1463 1834 1515 1875 sit

154 1911 231 1937 nec
254 1912 328 1951 pro
355 1913 462 1937 vana
486 1897 792 1951 praetermissa.

240 1958 585 2001 XXXXVHH.
657 1959 798 2000 Aetoli
827 1958 956 2013 legati
987 1957 1030 1998 in
1063 1965 1251 1998 senatum
1276 1956 1510 2006 introducti,

157 2035 249 2061 cum
275 2030 315 2061 et
340 2036 465 2061 causa
490 2036 559 2062 eos
588 2036 663 2061 sua
688 2028 727 2061 et
752 2021 919 2061 fortuna
939 2021 1189 2068 hortaretur,
1216 2027 1260 2060 ut
1279 2019 1512 2059 confitendo

158 2097 230 2123 seu
262 2083 406 2137 culpae
441 2099 513 2124 seu
545 2083 671 2124 errori
702 2083 867 2123 veniam
898 2090 1087 2137 peterent
1119 2081 1345 2136 supplices,
1384 2080 1466 2121 orsi
1491 2096 1515 2121 a

156 2144 367 2185 beneficiis
400 2144 441 2184 in
477 2145 677 2199 populum
707 2145 946 2185 Romanum
982 2151 1023 2184 et
1050 2158 1179 2198 prope
1213 2144 1512 2198 exprobrantes

156 2205 350 2246 virtutem
377 2221 496 2255 suain
518 2207 559 2246 in
578 2206 762 2260 Philippi
786 2206 913 2254 bello,
941 2213 982 2246 et
1005 2205 1281 2246 obfenderunt
1306 2220 1426 2244 aures
1453 2204 1515 2243 in-

158 2267 332 2308 solentia
370 2268 569 2308 sermonis
607 2275 647 2308 et
684 2283 732 2308 eo
768 2275 909 2308 vetera
945 2274 984 2307 et
1021 2267 1255 2307 oblitterata
1290 2266 1514 2320 repetendo

156 2344 243 2370 rem
282 2329 559 2377 adduxerunt,
607 2337 653 2369 ut
688 2329 800 2369 haud
840 2328 964 2383 paulo
1005 2328 1182 2382 plurium
1221 2327 1515 2368 maleficiorum

157 2390 292 2446 gentis
315 2405 438 2443 quam
458 2390 751 2431 beneficiorum
770 2390 968 2430 memoria
990 2389 1144 2430 subiret
1172 2389 1329 2430 animos
1349 2398 1514 2443 patrum

158 2460 198 2493 et
223 2452 372 2506 quibus
398 2452 680 2493 misericordia
704 2467 808 2506 opus
835 2460 922 2492 erat
947 2451 1050 2491 iram
1076 2458 1114 2491 et
1136 2451 1275 2492 odium
1294 2451 1511 2491 irritarent.

1540 1476 1558 1504 6

1540 2092 1558 2121 Ν)

156 2514 399 2568 interrogati
425 2515 476 2555 ab
500 2529 583 2554 uno
609 2521 817 2562 senatore,
854 2512 1192 2567 permitterentne
1224 2512 1437 2553 arbitrium
1463 2512 1512 2552 de
1537 2525 1556 2554 4

160 2590 205 2617 se
230 2576 383 2631 populo
408 2576 617 2625 Romano,
650 2575 797 2616 deinde
823 2576 875 2616 ab
901 2575 1047 2624 altero,
1086 2574 1317 2615 habiturine
1343 2574 1512 2615 eosdem
