1799 2900
422 84 576 118 LIBER
599 84 845 127 XXXVHII,
871 84 925 117 22.
945 84 998 117 ⁶23.
1027 81 1318 126 [a.C.186.185]
1464 69 1544 111 391

197 206 247 232 ex
275 189 439 230 decreto
470 186 729 242 pontificum,
768 187 879 240 quod
910 187 1022 227 aedis
1051 185 1158 240 Opis
1189 185 1232 225 in
1259 183 1466 239 Capitolio
1498 182 1549 223 de

198 251 311 293 caelo
338 256 446 291 tacta
471 256 570 290 erat.
631 247 776 289 hostiis
802 248 1025 289 maioribus
1054 247 1246 288 eonsules
1279 253 1551 301 procurarunt

196 314 422 364 urbemque
447 311 740 351 lustraverunt.
802 311 878 351 sub
904 311 1013 350 idem
1041 318 1203 364 tempus
1230 316 1271 349 et
1295 324 1346 349 ex
1372 306 1549 349 Umbria
1575 319 1594 348 5

196 374 428 415 nuntiatum
461 380 524 413 est
556 372 817 413 semimarem
843 372 1061 413 duodecim
1092 371 1221 412 ferme
1247 385 1377 411 annos
1409 378 1552 410 natum

197 437 422 476 inventum.
455 434 497 474 id
521 433 757 489 prodigium
784 434 1070 474 abominantes
1097 432 1226 474 arceri
1239 433 1430 474 Romano
1451 446 1552 486 agro

198 497 418 550 necarique
445 511 567 550 quam
594 495 771 550 primum
798 495 1019 536 iusserunt.

282 560 444 600 Eodem
478 573 585 599 anno
617 557 730 599 Galli
755 557 1022 612 Transalpini
1055 555 1305 611 transgressi
1341 556 1384 597 in
1413 558 1554 599 Vene-
1578 567 1596 595 6

198 621 297 662 tiam
318 621 405 662 sine
427 620 693 675 populatione
714 628 782 660 aut
803 620 911 660 bello
932 619 1042 659 haud
1062 619 1205 673 procul
1224 619 1332 666 inde,
1353 618 1424 659 ubi
1445 631 1555 658 nunc

199 683 396 737 Aquileia
426 691 509 732 est,
545 682 681 724 locum
708 681 860 737 oppido
892 682 1108 722 condendo
1135 689 1345 735 ceperunt.
1405 680 1553 735 legatis
1581 690 1597 718 7

199 745 400 786 Romanis
428 745 477 785 de
504 759 552 785 ea
576 759 620 785 re
646 751 758 784 trans
785 744 917 798 Alpes
944 743 1081 784 missis
1108 757 1356 797 responsum
1381 750 1456 791 est,
1482 757 1554 783 ne-

200 822 279 861 que
304 807 512 861 profectos
539 820 590 846 ex
615 805 857 847 auctoritate
882 805 1018 860 gentis
1045 819 1116 846 eos
1141 818 1217 845 nec
1242 804 1284 844 in
1309 804 1432 845 Italia
1456 803 1553 857 quid

200 870 383 910 facerent
411 883 501 908 sese
528 866 644 908 scire.

283 931 337 971 L.
366 929 506 984 Scipio
537 929 658 970 ludos
685 943 734 970 eo
760 936 964 983 tempore,
996 942 1098 982 quos
1124 928 1233 970 bello
1258 928 1458 969 Antiochi
1484 943 1556 968 vo·
1580 934 1599 963 S

201 993 311 1033 visse
343 1007 435 1033 sese
461 991 642 1039 dicebat,
680 1006 731 1031 ex
764 991 927 1032 conlata
952 990 1004 1030 ad
1029 990 1072 1030 id
1102 990 1277 1045 pecunia
1303 990 1354 1030 ab
1385 990 1554 1044 regibus

201 1054 517 1106 civitatibusque
548 1068 622 1107 per
654 1052 741 1093 dies
774 1052 917 1093 decem
949 1052 1059 1092 fecit.
1119 1052 1303 1105 legatum
1336 1066 1429 1092 eum
1460 1059 1556 1105 post
1582 1058 1599 1087 9

201 1115 507 1155 damnationem
533 1125 573 1154 et
602 1115 713 1154 bona
738 1113 905 1154 vendita
934 1113 1110 1153 missum
1140 1113 1182 1152 in
1206 1113 1356 1153 Asiam
1382 1113 1434 1153 ad
1460 1112 1556 1152 diri-

199 1177 350 1217 menda
372 1177 479 1216 inter
494 1175 750 1216 Antiochum
775 1182 816 1216 et
828 1175 1061 1216 Eumenem
1087 1189 1207 1230 reges
1234 1174 1459 1215 certamina
1470 1175 1557 1217 Va-

198 1239 323 1280 lerius
348 1238 500 1279 Antias
534 1246 595 1278 est
626 1245 787 1278 auctor:
825 1244 912 1277 tum
945 1237 1128 1279 conlatas
1161 1236 1198 1278 ei
1228 1237 1425 1291 pecunias
1460 1251 1556 1277 con·
1585 1243 1624 1272 lO

200 1308 477 1355 gregatosque
502 1314 576 1354 per
588 1299 738 1340 Asiam
764 1299 954 1349 artifices,
981 1307 1022 1341 et
1047 1314 1221 1353 quorum
1245 1299 1435 1340 ludorum
1462 1306 1557 1353 post

200 1363 367 1411 bellum,
394 1362 436 1402 in
462 1376 542 1414 quo
568 1370 687 1403 votos
715 1361 881 1410 diceret,
907 1361 1161 1403 mentionem
1186 1376 1268 1401 non
1294 1360 1476 1410 fecisset,
1504 1360 1554 1400 de

200 1425 250 1465 iis
275 1431 371 1479 post
396 1423 647 1478 legationem
673 1423 839 1464 demum
865 1423 906 1463 in
934 1430 1080 1464 senatu
1105 1431 1256 1464 actum.

286 1485 466 1525 XXIII.
517 1484 626 1526 Cum
650 1486 733 1525 iam
764 1485 805 1525 in
832 1484 944 1526 exitu
976 1500 1108 1526 annus
1136 1491 1260 1533 esset,
1288 1483 1340 1536 Q.
1368 1483 1554 1523 Marcius
1588 1491 1598 1518 1

203 1548 353 1587 absens
379 1546 625 1601 magiStratu
651 1547 835 1587 abiturus
863 1554 962 1595 erat,
991 1545 1065 1601 Sp.
1080 1545 1322 1587 Postumius
1350 1545 1558 1598 quaestio-

202 1609 322 1649 nibus
349 1622 442 1648 cum
475 1623 636 1648 summa
664 1608 746 1649 fide
771 1622 951 1661 curaque
981 1607 1176 1662 perfectis
1204 1607 1368 1648 comitia
1399 1606 1554 1647 habuit.

203 1670 328 1711 creati
354 1670 543 1710 consules
579 1678 673 1710 sunt
698 1670 781 1724 Ap.
810 1668 1013 1710 Claudius
1039 1668 1240 1717 Pulcher,
1270 1669 1333 1709 M.
1361 1668 1558 1722 Sempro·
1583 1675 1601 1703 2

203 1732 294 1772 nius
322 1731 570 1771 Tuditanus.
614 1739 781 1786 postero
808 1731 872 1771 die
898 1738 1109 1785 praetores
1136 1731 1234 1771 facti
1258 1731 1307 1771 P.
1337 1729 1556 1771 Cornelius

204 1792 433 1847 Cethegus,
458 1794 514 1833 A.
533 1793 776 1834 Postumius
801 1793 997 1840 Albinus,
1025 1792 1075 1834 C.
1090 1792 1291 1832 Afranius
1320 1791 1479 1840 Stellio,
1508 1790 1557 1832 C.

203 1855 356 1895 Atilius
386 1854 604 1903 Serranus,
632 1856 685 1895 L.
704 1855 946 1895 Postumius
973 1855 1251 1909 Tempsanus,
1277 1855 1339 1895 M.
1357 1853 1557 1895 Claudius

202 1917 486 1958 Marcellinus.
548 1924 732 1958 extremo
764 1917 879 1965 anni,
917 1916 1013 1970 quia
1039 1916 1113 1971 Sp.
1139 1916 1380 1957 Postumius
1413 1916 1557 1957 consul
1584 1927 1602 1955 3

202 1979 508 2020 renuntiaverat
534 1986 825 2034 peragrantem
851 1993 894 2019 se
920 1986 1088 2033 propter
1113 1978 1375 2032 quaestiones
1401 1986 1559 2018 utrum-

204 2056 282 2094 que
307 2041 404 2081 litus
430 2041 576 2082 Italiae
604 2041 789 2082 desertas
817 2041 999 2082 colonias
1028 2039 1251 2095 Sipontum
1277 2055 1446 2095 supero,
1472 2039 1559 2080 Bu-

204 2110 373 2143 xentum
404 2103 536 2143 infero
574 2104 677 2143 mari
714 2103 942 2152 invenisse,
980 2102 1183 2143 triumviri
1220 2102 1272 2142 ad
1309 2102 1476 2142 colonos
1510 2115 1558 2143 eo
1584 2113 1603 2142 4

206 2163 447 2205 scribendos
486 2179 537 2205 ex
574 2172 741 2206 senatus
780 2165 969 2206 consulto
1008 2166 1061 2205 ab
1091 2165 1141 2205 T.
1167 2164 1339 2205 RIaenio
1370 2171 1558 2218 praetore

204 2226 361 2266 urbano
388 2226 513 2266 creati
540 2234 634 2267 sunt
658 2227 712 2267 L.
740 2224 983 2268 Scribonius
1010 2226 1134 2275 Libo,
1160 2226 1223 2267 M.
1250 2225 1450 2274 Tuccius,
1479 2223 1558 2266 Cn.

206 2286 388 2327 Baebius
416 2287 676 2342 Tamphilus.

292 2348 401 2390 Cum
424 2350 582 2391 Perseo
606 2365 704 2405 rege
731 2357 772 2391 et
795 2350 1099 2391 Macedonibus
1125 2349 1279 2390 bellum
1305 2349 1415 2403 quod
1439 2349 1559 2389 inmi-
1585 2362 1603 2390 ὁ

207 2412 349 2461 nebat,
376 2427 459 2452 non
489 2413 598 2453 unde
630 2411 815 2467 plerique
841 2412 1079 2466 opinantur,
1106 2426 1183 2452 nec
1208 2413 1260 2452 ab
1286 2412 1377 2466 ipso
1402 2411 1559 2452 Perseo

207 2488 354 2515 causas
387 2474 513 2528 cepit;
551 2474 746 2515 inchoata
774 2474 890 2514 initia
916 2490 939 2515 a
962 2474 1158 2528 Philippo
1191 2481 1288 2514 sunt
1318 2481 1359 2514 et
1387 2473 1422 2514 is
1454 2473 1557 2528 ipse,

205 2535 242 2577 si
267 2535 420 2577 diutius
447 2536 632 2586 vixisset,
657 2535 701 2576 id
720 2536 871 2577 bellum
897 2536 1112 2591 gessisset.
1144 2551 1226 2577 una
1245 2550 1340 2577 eum
1359 2550 1438 2584 res,
1465 2549 1558 2575 cum
1584 2545 1601 2575 6
