1799 2900
488 115 641 150 LIBER
666 116 871 162 XXXVII,
897 117 951 151 53.
980 119 1028 161 [a.
1045 118 1083 152 C.
1097 118 1178 161 189]
1429 109 1512 151 305

242 220 366 260 LIII.
420 219 635 260 Reductus
662 234 686 259 a
709 228 898 274 praetore
924 221 966 262 in
991 221 1190 276 templum
1214 235 1287 262 rex
1313 228 1353 262 et
1378 220 1513 261 dicere

157 283 295 323 iussus
329 281 701 336 ‘perseverassem’
734 282 869 335 inquit
899 287 1072 333 ‘tacere,
1109 290 1248 338 patres
1281 282 1515 337 conscripti,

158 343 238 383 nisi
261 342 521 383 Rhodiorum
546 343 798 397 legationem
823 359 919 385 mox
943 353 1161 386 vocaturos
1187 360 1262 386 vos
1289 345 1450 393 scirem,
1476 351 1516 385 et

159 405 236 445 illis
264 404 412 445 auditis
438 404 538 444 mihi
564 405 857 446 necessitatem
882 407 971 447 fore
998 407 1173 448 dicendi.
1224 421 1329 460 quae
1350 406 1517 460 quidem

158 481 207 507 eo
234 466 439 506 difficilior
466 466 597 507 oratio
624 466 718 515 erit,
757 468 867 520 quod
898 483 946 509 ea
976 469 1187 523 postulata
1212 483 1355 509 eorum
1379 469 1518 509 futura

160 535 273 576 sunt,
300 536 344 568 ut
370 543 453 568 non
480 528 613 568 solum
638 529 739 568 nihil
766 530 876 582 quod
897 540 1039 571 contra
1058 545 1123 571 me
1146 530 1216 579 sit,
1244 531 1319 571 sed
1336 545 1388 571 ne
1409 530 1518 583 quod

157 590 209 629 ad
229 589 342 644 ipsos
364 589 531 643 quidem
550 590 715 644 proprie
735 591 953 645 pertineat,
974 600 1113 647 petere
1133 592 1364 633 videantur.
1391 598 1517 646 agent

159 651 268 692 enim
294 665 462 691 causam
488 651 716 692 civitatium
746 651 1000 694 Graecarum
1032 661 1072 695 et
1096 654 1261 694 liberari
1286 669 1356 695 eas
1383 653 1520 694 dicent

160 713 323 754 debere.
385 728 465 766 quo
496 713 715 768 impetrato
748 714 813 754 cui
845 715 1016 755 dubium
1041 723 1122 765 est,
1160 716 1259 769 quin
1286 723 1326 756 et
1351 731 1375 756 a
1398 715 1518 756 nobis

159 775 346 816 aversuri
378 776 459 816 sint
489 791 572 816 non
603 791 672 816 eas
705 777 828 817 modo
861 777 1048 818 civitates
1081 792 1186 831 quae
1221 777 1519 826 liberabuntur,

161 838 233 879 sed
259 837 383 878 etiam
409 845 568 878 veteres
597 838 885 892 stipendiarias
912 847 1094 888 nostras,
1132 839 1212 894 ipsi
1237 846 1376 880 autem
1401 847 1515 879 tanto

160 900 365 954 obligatos
403 900 603 940 beneficio
639 900 766 940 verbo
804 901 958 950 socios,
1001 916 1044 941 re
1076 916 1174 941 vera
1205 901 1412 941 subiectos
1443 900 1520 940 im-

160 962 273 1016 perio
300 971 340 1002 et
365 961 566 1002 obnoxios
593 961 771 1001 habituri
797 963 902 1002 sint?
940 970 979 1002 et
1005 962 1040 1002 si
1065 962 1128 1002 dis
1153 962 1303 1016 placet,
1330 976 1424 1002 cum
1443 962 1517 1002 has

158 1031 295 1064 tantas
328 1038 428 1078 opes
461 1023 748 1071 adfectabunt‚
786 1023 1108 1064 dissimulabunt
1138 1023 1223 1063 ulla
1253 1031 1370 1078 parte
1400 1023 1443 1063 id
1469 1023 1521 1063 ad

161 1100 205 1126 se
229 1085 448 1140 pertinere,
475 1099 549 1125 vos
574 1085 699 1125 modo
723 1084 766 1124 id
790 1085 937 1125 decere
964 1092 1004 1124 et
1029 1084 1280 1125 conveniens
1307 1099 1400 1125 esse
1426 1092 1520 1125 ante

160 1147 280 1188 factis
307 1146 455 1186 dicent.
516 1146 619 1186 haec
644 1161 717 1187 vos
744 1160 795 1186 ne
822 1146 1001 1200 decipiat
1032 1145 1180 1194 oratio,
1217 1145 1520 1200 providendum

160 1208 279 1249 vobis
306 1208 399 1255 erit,
433 1222 537 1248 neve
561 1222 645 1248 non
671 1207 805 1249 solum
829 1208 1100 1261 inaequaliter
1126 1207 1227 1248 alios
1253 1206 1424 1247 nimium
1451 1207 1521 1247 de-

160 1270 346 1326 primatis
373 1285 425 1310 ex
452 1270 574 1311 sociis
600 1271 772 1319 vestris,
800 1270 901 1311 alios
926 1277 1090 1325 praeter
1109 1270 1278 1311 modum
1299 1269 1520 1317 extollatis,

162 1333 236 1373 sed
261 1332 386 1373 etiam
410 1347 462 1373 ne
488 1331 558 1385 qui
584 1332 783 1373 adversus
815 1347 890 1373 vos
925 1348 1038 1373 arma
1063 1332 1248 1381 tulerint,
1284 1332 1327 1372 in
1351 1331 1521 1372 meliore

162 1401 271 1434 statu
297 1393 378 1434 sint
403 1408 528 1446 quam
559 1393 660 1434 socii
691 1403 760 1434 aut
791 1394 912 1435 amici
937 1395 1076 1435 vestri.
1139 1394 1249 1448 quod
1280 1393 1333 1434 ad
1357 1408 1424 1434 me
1450 1393 1521 1433 ad-

160 1456 282 1504 tinet,
309 1455 351 1495 in
377 1456 465 1496 aliis
492 1456 615 1496 rebus
642 1456 820 1497 cessisse
845 1456 953 1497 intra
978 1456 1104 1496 finem
1128 1455 1227 1496 iuris
1253 1455 1336 1496 mei
1355 1454 1522 1495 cuilibet

162 1517 292 1557 videri
329 1517 469 1557 malim
506 1532 630 1570 quam
666 1517 788 1558 nimis
826 1518 1091 1572 pertinaciter
1133 1517 1175 1557 in
1212 1516 1436 1558 obtinendo
1473 1530 1522 1556 eo

163 1579 407 1629 tetendisse,
445 1580 487 1620 in
518 1580 740 1620 certamine
773 1590 912 1621 autem
942 1580 1145 1620 amicitiae
1182 1587 1364 1627 vestrae,
1407 1578 1523 1618 beni-

163 1641 366 1681 volentiae
388 1656 487 1695 erga
507 1656 594 1689 vos,
622 1641 804 1690 honoris,
830 1641 899 1694 qui
920 1656 943 1681 a
957 1641 1074 1682 vobis
1096 1640 1326 1688 habebitur,
1353 1638 1521 1679 minime

164 1717 294 1756 aequo
321 1703 457 1744 animo
484 1704 592 1743 vinci
616 1718 801 1758 possum.
862 1703 969 1743 hanc
1000 1718 1078 1757 ego
1109 1702 1335 1745 maximam
1359 1700 1521 1741 heredi-

163 1772 289 1805 tatem
315 1780 339 1805 a
362 1774 478 1819 patre
511 1765 670 1820 accepi,
710 1765 779 1818 qui
809 1765 966 1819 primus
999 1765 1183 1805 omnium
1214 1763 1363 1804 Asiam
1390 1762 1522 1804 Grae-

164 1826 350 1879 ciamque
376 1827 643 1868 incolentium
675 1827 717 1867 in
749 1826 971 1867 amicitiam
1003 1826 1115 1866 venit
1140 1833 1323 1866 vestram
1348 1838 1521 1877 eamque

162 1897 362 1942 perpetua
387 1896 427 1929 et
453 1890 658 1929 constanti
688 1889 769 1929 fide
802 1888 854 1928 ad
886 1896 1117 1928 extremum
1145 1887 1271 1927 finem
1295 1886 1405 1926 vitae
1428 1899 1522 1939 per—

163 1951 296 2000 duxit3
334 1966 411 1991 nec
442 1951 657 1992 dumtaxat
687 1952 871 1991 animum
901 1950 943 1990 in
973 1965 1047 1991 vos
1080 1949 1244 1990 fidelem
1281 1962 1329 1989 ac
1364 1949 1518 1988 bonum

163 2013 385 2067 praestitit,
424 2014 498 2054 sed
535 2013 726 2054 omnibus
758 2012 943 2053 interfuit
973 2011 1093 2053 bellis
1130 2025 1234 2064 quae
1272 2011 1315 2050 in
1346 2007 1524 2050 Graecia

164 2075 353 2128 gessistis
393 2075 675 2124 terrestribus,
713 2075 951 2123 navalibus,
991 2073 1103 2114 omni
1133 2087 1285 2128 genere
1318 2085 1523 2112 commea-

165 2144 292 2183 tuum,
318 2136 376 2176 ita
399 2144 444 2176 ut
468 2151 589 2178 nemo
616 2137 823 2177 sociorum
848 2144 1081 2176 vestrorum
1105 2134 1190 2175 ulla
1213 2141 1330 2188 parte
1356 2132 1523 2185 aequari

164 2197 314 2252 possit,
341 2213 415 2239 vos
443 2199 615 2248 adiuvit3
641 2206 852 2254 postremo
879 2212 972 2238 cum
994 2199 1178 2238 Boeotos
1205 2197 1258 2236 ad
1284 2195 1522 2236 societatem

166 2266 347 2299 vestram
379 2260 628 2309 hortaretur,
667 2261 709 2301 in
739 2261 832 2315 ipsa
864 2260 1054 2300 contione
1085 2258 1379 2299 intermortuus
1411 2257 1523 2297 haud

165 2320 294 2360 multo
324 2329 418 2375 post
450 2321 687 2376 exspiravit.
748 2321 868 2362 huius
901 2336 979 2375 ego
1006 2320 1182 2374 vestigia
1212 2320 1426 2374 ingressus
1451 2333 1524 2358 vo-

165 2383 311 2422 luntati
331 2383 495 2436 quidem
516 2391 557 2424 et
577 2384 712 2423 studio
732 2383 775 2423 in
795 2383 977 2424 colendis
993 2383 1110 2423 vobis
1127 2382 1287 2422 adicere
1301 2405 1358 2410 —-
1371 2380 1523 2421 etenim

165 2445 514 2499 inexsuperabilia
539 2445 641 2485 haec
666 2453 782 2486 erant
801 2468 857 2473 —-
875 2444 977 2484 nihil
1001 2444 1134 2498 potui3
1160 2444 1283 2484 rebus
1308 2442 1410 2497 ipsis
1435 2456 1523 2482 me-

164 2505 334 2558 ritisque
367 2514 407 2546 et
437 2506 620 2561 inpensis
654 2506 883 2547 officiorum
914 2512 959 2545 ut
990 2520 1184 2560 superare
1215 2519 1402 2560 possem,
1439 2504 1523 2544 for-

165 2575 281 2616 tuna,
308 2576 512 2623 tempora,
540 2568 773 2610 Antiochus
795 2575 835 2609 et
854 2568 1007 2609 bellum
1027 2567 1067 2607 in
1088 2567 1195 2608 Asia
1218 2575 1383 2622 gestum
1403 2580 1522 2621 prae-

234 2635 363 2662 Lam-01.
382 2635 428 2663 ιιι.
1255 2633 1300 2666 20

1549 1407 1565 1436 *Ι

1550 2208 1590 2237 10

1550 2334 1588 2362 ll.

1549 2455 1588 2484 12
