1799 2900
420 139 575 174 LIBER
599 138 790 183 xxxin,
816 139 870 174 34.
891 139 945 173 35.
974 139 1172 182 [a.e.196]
1390 129 1467 170 111

116 259 221 298 quae
245 244 406 284 Romae
440 250 629 297 egerant,
669 243 797 283 verba
829 243 916 283 sine
948 243 1029 283 fide
1053 257 1190 283 rerum
1221 241 1470 283 iactantibus

114 307 216 348 nihil
241 307 322 346 iam
348 305 545 360 perplexe
570 314 615 345 ut
639 312 748 353 ante,
775 319 870 345 cum
897 305 1045 346 dubiae
1071 320 1137 345 res
1163 304 1358 345 incolumi
1370 304 1472 345 Phi·
1497 316 1516 345 3
1567 323 1571 327 ⁴

115 371 228 425 lippo
253 377 387 417 erant,
415 368 489 409 sed
520 375 677 429 apertee
689 368 994 415 denuntiatum,
1027 375 1071 408 ut
1098 368 1317 408 excederet
1340 367 1471 408 Asiae

115 431 308 479 urbibus,
355 445 459 483 quae
494 430 682 485 Philippi
725 439 795 470 aut
830 430 1063 471 Ptolemaei
1098 445 1243 484 regum
1281 429 1471 478 fuissent,

116 493 342 535 abstineret
371 491 512 533 liberis
546 491 781 532 civitatibus
812 507 893 532 neu
919 506 1042 545 quam
1073 492 1297 532 lacesseret
1327 491 1472 531 armis:

116 563 157 596 et
176 556 218 595 in
238 568 340 609 pace
356 560 395 595 et
414 554 456 593 in
478 553 667 594 libertate
683 569 775 594 esse
796 554 945 594 debere
961 553 1094 594 omnis
1117 554 1270 606 ubique
1287 552 1471 594 Graecas

117 617 253 657 urbes.
299 624 394 657 ante
421 616 559 657 omnia.
584 616 884 661 denuntiatum.
910 631 961 656 ne
987 616 1029 656 in
1053 617 1268 671 Europam
1293 622 1362 656 aut
1381 616 1472 670 ipse
1497 626 1517 655 4

117 678 310 719 transiret
336 686 405 718 aut
432 677 572 732 copias
599 678 802 718 traiceret.
846 678 1028 718 dimissis
1055 678 1166 732 regis
1197 678 1345 732 legatis
1373 692 1473 718 con-
1499 687 1518 716 5

118 748 266 782 ventus
282 740 495 780 civitatum
510 740 778 794 gentiumque
794 748 856 780 est
870 740 1013 781 haberi
1034 747 1225 794 coeptus3
1243 755 1372 793 eoque
1387 755 1474 780 ma-

119 803 248 843 turius
263 803 553 856 peragebatur,
569 802 679 854 quod
695 803 859 843 decreta
875 803 1018 843 decem
1032 803 1263 856 legatorum
1281 800 1359 857 [in]
1377 801 1475 842 civi-

118 871 222 905 tates
249 864 493 904 nominatim
513 864 899 918 pronuntiabantur.
944 864 1475 905 Orestis—Macedonum
1502 871 1519 900 6

118 943 166 968 ea
186 941 289 980 gens
313 934 375 966 est
389 951 456 975 —,
484 927 593 979 quod
614 926 736 981 primi
758 927 809 966 ab
828 941 927 979 rege
949 926 1214 974 defecissent,
1243 940 1342 966 suae
1360 925 1475 979 leges

116 988 314 1029 redditae.
386 988 610 1041 Blagnetes
656 995 694 1028 et
731 988 961 1028 Perrhaebi
1004 996 1044 1028 et
1079 988 1268 1042 Dolopes
1314 1001 1476 1040 quoque

117 1050 233 1091 liberi
260 1049 524 1104 pronuntiati.
586 1049 885 1089 Thessalorum
911 1049 1024 1104 genti
1050 1058 1214 1103 praeter
1242 1049 1475 1089 libertatem
1504 1058 1519 1085 7

118 1126 361 1152 concessam
386 1110 548 1150 Achaei
577 1110 802 1151 Phthiotae
830 1111 932 1158 dati,
971 1110 1128 1151 Thebis
1154 1109 1405 1150 Phthioticis
1438 1117 1478 1149 et

116 1172 320 1214 Pharsalo
346 1180 533 1226 excepta.
593 1172 770 1213 Aetolos
804 1172 854 1212 de
878 1172 1084 1213 Pharsalo
1110 1180 1150 1213 et
1180 1172 1379 1212 Leucade
1404 1186 1478 1226 po-

118 1235 340 1282 stulantes,
377 1240 423 1273 ut
448 1248 499 1274 ex
530 1233 698 1274 foedere
732 1234 808 1274 sibi
834 1235 1168 1281 restituerentur,
1209 1234 1261 1274 ad
1288 1241 1478 1275 senatum

116 1296 359 1337 reiecerunt.
409 1295 651 1336 Phocenses
679 1296 1018 1350 Locrensesque,
1047 1297 1153 1337 sicut
1178 1303 1272 1336 ante
1299 1296 1476 1344 fuerant,
1503 1303 1523 1334 8

118 1358 278 1399 adiecta
308 1357 462 1398 decreti
500 1358 742 1398 auctoritate
779 1358 828 1398 iis
862 1358 1185 1399 contribuerunt.
1248 1357 1476 1399 Corinthus
1505 1366 1521 1395 9

117 1427 157 1461 et
181 1419 399 1474 Triphylia
430 1427 471 1460 et
501 1420 670 1460 Heraea
693 1443 750 1448 ——
773 1420 1057 1475 Peloponnesi
1088 1428 1128 1461 et
1160 1420 1252 1475 ipsa
1282 1420 1381 1460 urbs
1415 1426 1479 1459 est

118 1506 173 1511 -
197 1481 359 1522 reddita
388 1481 586 1523 Achaeis.
660 1481 820 1523 Oreum
853 1491 893 1522 et
922 1482 1132 1523 Eretriam
1164 1483 1309 1522 decem
1349 1481 1477 1536 legati
1506 1489 1546 1518 10

118 1543 317 1592 Eumeni,
344 1543 455 1597 regis
480 1543 615 1584 Attali
639 1543 737 1593 filio,
765 1544 931 1585 dabant.
982 1544 1253 1585 dissentiente
1281 1543 1479 1595 Quinctio

120 1622 168 1647 ea
192 1622 275 1646 una
299 1621 365 1647 res
391 1606 434 1645 in
453 1605 668 1646 arbitrium
690 1613 859 1646 senatus
880 1607 1033 1647 reiecta
1053 1614 1134 1655 est3
1163 1614 1331 1647 senatus
1358 1606 1481 1646 liber-

120 1676 247 1709 tatem
284 1668 347 1708 his
387 1667 623 1708 civitatibus
669 1668 781 1708 dedit
820 1667 1000 1721 Carysto
1039 1668 1212 1709 adiecta.
1282 1668 1480 1707 Pleurato
1510 1676 1543 1705 11

120 1730 366 1784 Lychnidus
394 1738 434 1769 et
458 1729 649 1770 Parthini
680 1729 763 1769 dati
773 1746 782 1778 3
809 1729 1047 1783 Illyriorum
1072 1738 1246 1781 utraque
1273 1743 1375 1782 gens
1403 1729 1481 1768 sub

121 1792 282 1833 dicione
308 1791 492 1846 Philippi
518 1792 695 1831 fuerant.
756 1792 1079 1845 Amynandrum
1106 1799 1245 1831 tenere
1270 1791 1481 1830 iusserunt

121 1855 303 1902 castella,
331 1869 436 1907 quae
462 1869 536 1908 per
560 1854 657 1895 belli
684 1862 848 1908 tempus
873 1854 1070 1908 Philippo
1097 1862 1218 1907 capta
1243 1853 1479 1893 ademisset.

205 1916 408 1958 XXXV.
444 1916 635 1956 Dimisso
657 1922 863 1956 conventu
891 1916 1034 1956 decem
1060 1915 1199 1970 legati,
1226 1914 1366 1969 partiti
1390 1929 1479 1954 mu·
1515 1926 1529 1954 1

121 1979 188 2020 nia
212 1979 319 2019 inter
345 1994 403 2027 se,
431 1979 484 2019 ad
507 1979 743 2019 liberandas
765 1993 864 2018 suae
886 1978 1061 2031 quisque
1087 1977 1268 2032 regionis
1293 1977 1480 2017 civitates

122 2041 421 2090 discesserunt,
454 2041 504 2081 P.
531 2041 739 2081 Lentulus
771 2040 1015 2094 Bargylias,
1053 2040 1106 2080 L.
1136 2039 1359 2080 Stertinius
1392 2039 1482 2079 He-
1508 2045 1526 2075 2

120 2102 354 2158 phaestiam
386 2110 426 2143 et
456 2102 645 2143 Thasum
677 2109 717 2143 et
742 2102 971 2142 Thraeciae
1004 2102 1147 2150 urbes,
1178 2101 1228 2141 P.
1254 2100 1406 2142 Villius
1440 2107 1481 2140 et
1505 2109 1524 2138 3

123 2165 175 2205 L.
190 2164 411 2204 Terentius
440 2164 492 2204 ad
515 2179 658 2218 regem
672 2164 942 2212 Antiochum,
965 2162 1043 2204 Cn.
1061 2162 1281 2204 Cornelius
1308 2162 1360 2202 ad
1378 2161 1480 2202 Phi-

122 2226 292 2280 lippum.
353 2226 423 2278 qui
449 2225 500 2265 de
524 2225 752 2266 minoribus
777 2226 902 2265 rebus
929 2225 1048 2265 editis
1075 2224 1281 2264 mandatis
1306 2237 1480 2278 percon-

123 2294 250 2335 tatus,
290 2286 324 2327 si
355 2286 572 2327 consilium
603 2302 686 2327 non
717 2287 814 2327 utile
849 2287 1001 2335 solum,
1041 2287 1114 2327 sed
1146 2286 1270 2326 etiam
1302 2285 1480 2325 salutare

123 2348 340 2389 admittere
377 2348 544 2388 auribus
583 2356 744 2402 posset,
795 2362 888 2388 cum
925 2363 999 2388 rex
1041 2347 1196 2402 gratias
1235 2361 1397 2400 quoque
1436 2361 1480 2387 se
1505 2356 1525 2386 4

123 2417 313 2451 acturum
339 2410 510 2458 diceret,
544 2409 579 2450 si
603 2410 702 2463 quid
734 2410 844 2463 quod
870 2410 911 2450 in
936 2425 1024 2450 rem
1051 2425 1170 2450 suam
1196 2417 1307 2450 esset
1332 2424 1480 2464 expro-
1505 2419 1524 2447 5

123 2481 274 2521 meret,
300 2486 453 2525 magno
480 2486 603 2526 opere
629 2471 666 2512 ei
693 2472 843 2520 suasit,
870 2471 1065 2525 quoniam
1090 2486 1237 2526 pacem
1261 2471 1480 2526 impetras-

124 2541 207 2582 set,
246 2534 298 2574 ad
330 2533 571 2575 societatem
603 2533 906 2586 amicitiamque
937 2534 1160 2589 petendam
1189 2533 1370 2574 mitteret
1394 2533 1480 2574 Ro-

125 2610 235 2636 mam
260 2595 434 2650 legatos,
460 2609 525 2644 ne,
553 2595 587 2636 si
613 2595 711 2649 quid
724 2595 960 2637 Antiochus
986 2603 1184 2645 moveret,
1211 2602 1479 2650 exspectasse
1505 2605 1523 2635 6
