1799 2900
122 1516 160 1547 10

183 109 266 151 372
486 115 637 150 LIBER
662 114 879 158 xxxvm,
906 114 957 148 60.
988 115 1226 158 [a.u.c.567]

182 219 397 261 consilium
435 217 724 265 secessissent,
767 216 890 271 paulo
926 224 1018 270 post
1058 215 1107 258 C.
1144 217 1328 258 Fannius
1366 232 1417 257 ex
1455 232 1528 257 sua

184 281 515 333 collegarumque
541 279 726 327 aliorum,
751 286 914 332 practer
933 277 1182 328 Gracchum,
1209 279 1411 320 sententia
1436 293 1528 332 pro-

183 340 404 388 nuntiavi-t,
442 339 619 395 praetori
652 354 732 380 non
758 339 1013 380 intercedere
1040 340 1243 388 tribunos,
1282 355 1362 393 quo
1393 340 1528 380 minus

184 418 258 443 sua
278 409 483 456 potestate
503 409 653 442 utatur.
685 400 750 441 Ti.
769 400 984 441 Gracchus
1005 401 1059 441 ita
1081 402 1272 451 decrevit,
1295 417 1374 455 quo
1394 402 1528 442 minus

184 479 234 505 ex
254 463 371 503 bonis
392 463 444 503 L.
461 462 668 517 Scipionis
691 462 800 515 quod
819 462 1044 502 iudicatum
1065 462 1115 502 sit
1134 463 1356 517 redigatur,
1385 478 1427 503 se
1448 478 1529 503 non

184 524 436 565 intercedere
460 523 659 578 praetori:
685 524 738 564 L.
767 522 1018 577 Scipionem,
1045 524 1113 576 qui
1138 540 1278 578 regem
1305 525 1529 579 opulentis-

184 588 333 627 simum
359 585 468 626 orbis
495 593 694 626 terrarum
716 584 925 633 devicerit,
951 585 1167 639 imperium
1191 585 1332 640 populi
1352 586 1531 626 Romani

183 647 474 703 propagaverit
498 647 541 686 in
566 646 731 687 ultimos
758 654 958 687 terrarum
984 646 1099 695 fines,
1125 662 1265 701 regem
1286 647 1530 693 Eumenem,

183 710 391 758 Rhodios,
418 709 518 749 alias
545 716 605 749 tot
628 708 759 748 Asiae
784 709 907 748 urbes
934 708 1165 748 devinxerit
1189 708 1330 762 populi
1354 708 1533 748 Romani

184 771 412 819 beneficiis,
451 770 649 825 plurimos
687 769 812 810 duces
850 769 1030 810 hostium
1066 769 1108 809 in
1144 770 1351 823 triumpho
1388 769 1532 809 ductos

184 847 346 873 carcere
371 831 593 880 incluserit,
626 846 708 871 non
733 845 953 885 passurum
985 831 1090 870 inter
1116 830 1256 871 hostes
1282 830 1423 885 populi
1448 831 1534 871 Ro-

183 894 294 934 mani
318 894 360 933 in
386 907 548 934 carcere
575 901 615 934 et
640 892 815 932 vinculis
842 907 947 939 esse,
973 892 1161 945 mittique
1187 907 1281 933 eum
1308 907 1351 932 se
1375 892 1530 932 iubere.

185 963 298 996 tanto
324 955 504 995 adsensu
529 954 713 995 auditum
739 961 801 994 est
827 953 1050 1001 decretum,
1078 954 1180 994 adeo
1207 953 1422 994 dimissum
1444 952 1534 994 Sci-

183 1017 349 1071 pionem
373 1016 470 1057 laeti
494 1016 682 1057 homines
715 1016 924 1064 ridcrunt,
962 1022 1004 1055 ut
1031 1015 1101 1055 vix
1131 1015 1173 1055 in
1199 1016 1342 1056 eadem
1370 1015 1534 1056 civitate

184 1078 391 1118 videretur
416 1078 570 1118 factum
600 1077 809 1117 iudicium.
870 1077 913 1116 in
936 1077 1046 1117 bona
1072 1077 1219 1118 deinde
1244 1077 1297 1117 L.
1326 1076 1533 1132 Scipionis

182 1154 425 1194 possessum
460 1139 623 1194 publice
661 1147 901 1193 quaestores
937 1147 1103 1192 praetor
1138 1139 1262 1179 misit.
1321 1153 1454 1191 neque
1491 1138 1534 1178 in

183 1201 233 1241 iis
259 1216 342 1241 non
366 1201 490 1241 modo
509 1200 729 1254 vestigium
756 1201 884 1240 ullum
905 1199 1131 1254 comparuit
1157 1200 1355 1254 pecuniae
1380 1199 1532 1253 regiae,

186 1262 259 1302 sed
294 1276 556 1315 nequaquam
592 1269 750 1302 tantum
786 1261 998 1301 redactum
1035 1269 1097 1301 est
1134 1268 1310 1313 quantae
1349 1275 1533 1301 summae

185 1324 403 1364 damnatus
441 1324 587 1364 fuerat.
648 1323 811 1363 conlata
842 1337 891 1363 ea
925 1322 1101 1376 pecunia
1130 1323 1182 1362 ab
1214 1322 1400 1377 cognatis
1433 1322 1534 1361 ami-

185 1385 325 1437 cisque
351 1393 392 1425 et
417 1385 633 1425 clientibus
660 1391 724 1425 est
747 1384 801 1425 L.
829 1382 1027 1438 Scipioni,
1052 1391 1109 1432 ut,
1137 1384 1171 1423 si
1197 1384 1401 1438 acciperet
1427 1399 1532 1432 eam,

184 1446 428 1500 locupletior
449 1446 657 1499 aliquanto
678 1453 802 1494 esset,
829 1459 953 1498 quam
972 1452 1066 1485 ante
1086 1445 1362 1486 calamitatem
1383 1445 1529 1485 fuerat.

184 1508 285 1547 nihil
310 1508 481 1562 accepit,
519 1522 624 1560 quae
648 1507 883 1547 necessaria
908 1507 962 1546 ad
987 1506 1140 1546 cultum
1165 1514 1294 1554 erant,
1318 1506 1533 1561 redempta

185 1569 220 1610 ci
247 1585 269 1609 a
299 1569 496 1624 proximis
529 1568 714 1623 cognatis
743 1575 851 1609 sunt.
913 1575 1173 1621 verteratque
1201 1566 1443 1622 Scipionum
1474 1568 1535 1608 in-

185 1630 296 1671 vidia
320 1630 361 1671 in
386 1637 620 1686 praetorem
645 1638 684 1671 et
712 1629 929 1671 consilium
955 1629 1042 1671 eius
1069 1637 1109 1670 et
1134 1637 1409 1671 accusatores.

464 1915 770 1970 [PERIOCHA
799 1919 952 1957 LIBRI
981 1914 1263 1969 XXXVIIII]

256 2015 320 2058 [M.
334 2014 514 2049 Aemilius
538 2016 669 2049 consul
683 2015 888 2059 Liguribus
909 2015 1074 2050 subactis
1094 2014 1188 2049 viam
1203 2013 1399 2048 Placentia
1417 2025 1537 2058 usque

185 2065 388 2099 Ariminum
409 2067 627 2110 perductam
642 2065 848 2100 Flaminiae
867 2066 996 2100 iunxit.
1046 2065 1150 2099 initia
1165 2065 1331 2099 luxuriae
1353 2066 1388 2098 in
1408 2065 1536 2098 urbem

184 2116 399 2150 introducta
418 2117 465 2151 ab
486 2117 649 2151 exercitu
668 2116 837 2151 Asiatico
858 2117 1081 2151 referuntur.
1130 2116 1290 2160 Ligures
1313 2117 1535 2160 quicumque

186 2167 278 2201 citra
291 2166 529 2211 Apenninum
544 2172 660 2209 erant,
688 2167 834 2201 subacti
850 2172 944 2201 sunt.
976 2166 1242 2210 Bacchanalia,
1265 2177 1407 2199 sacrum
1423 2166 1536 2200 Grae-

186 2228 266 2250 cum
281 2221 318 2251 et
331 2221 562 2260 nocturnum,
575 2217 736 2251 omnium
753 2218 934 2252 scelerum
953 2217 1200 2260 seminarium,
1217 2228 1296 2250 cum
1315 2216 1362 2250 ad
1376 2215 1538 2260 ingentis

185 2267 317 2301 turbae
353 2268 647 2302 coniurationem
679 2268 935 2312 pervenisset,
976 2267 1240 2311 investigatum
1273 2271 1311 2301 et
1340 2266 1537 2300 multorum

185 2328 308 2360 poena
323 2318 510 2352 sublatum
527 2322 593 2352 est.
643 2329 665 2352 a
679 2318 898 2352 censoribus
912 2318 954 2352 L.
968 2317 1121 2353 Valerio
1137 2317 1272 2351 Flacco
1288 2321 1325 2351 et
1338 2316 1387 2350 M.
1403 2315 1537 2350 Porcio

187 2366 343 2410 Catone,
371 2372 409 2401 et
432 2368 523 2402 belli
549 2373 586 2402 et
611 2369 716 2412 pacis
743 2370 887 2403 artibus
913 2369 1085 2412 maximo,
1111 2373 1234 2402 motus
1260 2371 1317 2402 est
1343 2371 1472 2402 senatu
1496 2368 1537 2400 L.

186 2416 360 2456 Quintius
379 2419 605 2453 Flamininus
621 2419 667 2452 T.
688 2419 823 2463 frater,
850 2430 894 2453 eo
911 2420 1012 2463 quod
1033 2430 1114 2453 cum
1130 2419 1290 2454 Galliam
1310 2417 1536 2463 provinc-iam

188 2468 319 2500 consul
334 2468 533 2512 obtineret,
554 2474 709 2514 rogatus
724 2482 746 2504 a.
760 2471 889 2504 Poeno
903 2470 1089 2516 Philippo,
1112 2481 1220 2514 quem
1235 2471 1397 2512 amabat,
1414 2472 1537 2502 scorto

187 2516 315 2559 nobili,
328 2517 475 2552 Gallum
491 2520 675 2564 quendam
689 2531 757 2554 sua
769 2532 878 2554 manu
894 2521 1086 2555 occiderat
1100 2520 1189 2563 sive,
1204 2523 1247 2553 ut
1261 2519 1410 2564 quidam
1424 2516 1537 2551 tradi-

189 2566 333 2609 derunt,
360 2578 471 2601 unum
491 2580 534 2602 ex
548 2569 732 2603 damnatis
748 2570 866 2604 securi
888 2574 1129 2616 percusserat
1142 2572 1296 2614 rogatus
1310 2580 1331 2603 a
1344 2566 1535 2602 meretrice
