1799 2900
467 184 619 219 LIBER
644 185 795 230 XXXI,
822 186 875 220 10.
896 185 951 220 11.
981 186 1030 229 [a.
1046 183 1181 229 0200]
1476 175 1502 216 9

149 295 318 344 repente
342 287 445 328 nihil
469 288 605 328 minus
632 303 680 329 eo
708 296 891 343 tempore
916 289 1155 329 timentibus
1178 287 1329 330 Gallici
1354 287 1505 328 tumul-

149 360 215 393 tus
241 351 353 392 fama
384 357 540 392 exorta..
600 351 798 392 Insubres
827 350 1142 404 Cenomanique
1174 360 1214 392 et
1236 350 1332 392 Boii
1357 350 1502 392 excitis

150 413 367 455 Celinibus
393 413 680 466 Ilvatibusque
713 421 754 453 et
784 413 930 454 ceteris
957 413 1192 467 Ligustinis
1223 413 1387 468 populis
1414 415 1504 453 Ha-

148 476 315 516 milcare
334 476 479 516 Poeno
505 475 621 524 duce,
649 475 717 528 qui
741 476 783 515 in
808 476 857 516 iis
884 475 984 516 loeis
1013 476 1062 516 de
1083 475 1360 516 Hasdrubalis
1387 490 1505 516 exer-

149 539 232 578 citu
264 536 522 585 substiterat,
552 536 810 577 Placentiam
841 537 1091 578 invaserant.
1153 545 1192 578 et
1218 538 1377 592 direpta
1402 539 1503 578 urbe

149 613 197 640 ac
220 613 294 653 per
318 598 423 638 iram
447 613 601 652 magna
625 613 677 638 ex
702 607 818 653 parte
844 599 1026 648 incensa,
1054 599 1123 639 vix
1149 599 1310 640 duobus
1337 598 1502 639 milibus

148 660 360 702 hominum
392 661 498 700 inter
528 660 719 700 incendia
749 661 971 714 ruinasque
1002 661 1155 702 relictis
1188 660 1358 701 traiecto
1384 661 1503 702 Pado

148 723 201 764 ad
227 721 481 764 Cremonam
506 722 779 777 diripiendam
805 731 995 777 pergunt.
1040 723 1199 764 vicinae
1223 723 1337 763 urbis
1364 723 1504 764 audita

149 786 288 827 clades
322 785 502 840 spatium
528 786 685 827 colonis
719 786 832 826 dedit
858 787 910 826 ad
942 786 1192 827 claudendas
1218 794 1358 841 portas
1384 801 1504 840 prae-

103 871 106 874 >
149 847 335 900 sidiaque
372 863 445 903 per
480 863 622 888 muros
655 847 932 902 disponenda,
969 855 1014 888 ut
1046 848 1334 889 obsiderentur
1364 857 1503 889 tamen

148 910 261 965 prius
288 925 411 963 quam
437 918 774 965 expugnarentur
798 910 1047 963 nuntiosque
1072 911 1283 951 mitterent
1308 910 1360 950 ad
1373 926 1504 980 ‘prae-

148 980 280 1012 torem
309 972 559 1013 Romanum.
626 972 679 1012 L.
710 971 861 1012 Furius
897 972 1104 1026 Purpurio
1142 980 1230 1012 tum
1266 988 1367 1026 piox
1372 987 1503 1012 1110110

147 1048 293 1088 praeer
297 1041 337 1074 at
356 1041 492 1074 001010
513 1048 563 1073 ex
584 1041 751 1074 senatus
773 1034 960 1073 consulto
987 1033 1169 1074 exercitu
1190 1033 1360 1074 dimisso
1386 1049 1505 1088 prae-

148 1103 209 1136 ter
234 1095 413 1164 quinque
446 1094 557 1134 1111111
583 1094 740 1135 socium
767 1108 813 1134 ac
839 1094 982 1134 Latini
1007 1094 1332 1143 11011111113;011111
1359 1095 1407 1135 113
1435 1110 1503 1134 00-

147 1157 225 1211 piis
251 1157 293 1196 in
322 1156 512 1211 ploxima
544 1156 713 1210 ragione
738 1155 976 1210 1110111101ιο
1009 1155 1117 1196 eirca
1141 1156 1380 1196 Ariminum
1406 1158 1504 1197 sub-

148 1218 319 1259 stiterat.
362 1218 396 1257 is
423 1226 510 1258 tum
537 1217 697 1258 senatui
723 1218 899 1272 scripsit,
927 1232 1007 1270 quo
1028 1218 1068 1258 in
1094 1218 1272 1258 tumultu
1291 1218 1504 1272 provincia

147 1286 277 1320 esset:
314 1279 487 1320 duarum
520 1279 792 1327 coloniarum,
830 1293 935 1332 quae
960 1279 1174 1333 ingentem
1208 1279 1321 1320 illam
1347 1287 1504 1335 tempe-

148 1348 296 1382 statem
325 1341 475 1381 Punici
511 1341 610 1382 belli
647 1341 1018 1396 subterfugissent,
1057 1342 1228 1382 alteram
1261 1349 1425 1396 captam
1457 1357 1504 1382 ac

147 1403 349 1458 direptam
375 1404 426 1443 ab
452 1403 654 1451 hostibus,
682 1403 853 1443 alteram
879 1403 1123 1458 obpugnari.
1161 1404 1300 1444 necin
1321 1404 1504 1445 exercitu

148 1479 222 1505 suo
249 1465 348 1505 satis
374 1465 571 1520 praesidii
595 1465 754 1506 colonis
786 1465 1072 1506 laborantibus
1098 1466 1186 1506 fore
1217 1466 1297 1507 nisi
1322 1466 1503 1520 quinque

147 1527 260 1567 milia
286 1528 445 1568 sociuin
471 1528 745 1582 quadraginta
771 1528 938 1569 milibus
964 1528 1147 1569 hostium
1171 1552 1228 1558 —-
1248 1535 1308 1569 tot
1333 1529 1442 1569 enim
1461 1528 1503 1568 in

147 1589 271 1630 armis
299 1604 391 1630 esse
416 1614 472 1618 —-
495 1590 741 1631 trucidanda
765 1590 929 1630 obicere
957 1591 1055 1630 velit
1080 1598 1120 1631 et
1146 1598 1261 1631 tanta
1286 1606 1361 1631 sua
1387 1591 1504 1632 clade

146 1650 229 1691 iam
265 1651 429 1692 inflatos
468 1651 628 1693 excidio
667 1651 852 1693 coloniae
888 1652 1104 1693 Romanae
1142 1653 1285 1707 augeri
1321 1652 1504 1693 hostium

149 1728 322 1754 ammos.

231 1774 316 1815 XI.
365 1775 447 1815 His
472 1774 619 1816 litteris
644 1775 825 1816 recitatis
853 1775 1207 1824 (1001010111111,11’ῑ
1235 1774 1284 1816 C.
1304 1775 1502 1816 Aurelius

148 1837 292 1879 consul
319 1837 557 1885 οῖ0101111111,
585 1837 649 1878 cui
674 1837 715 1877 111
734 1838 947 1878 Etruiiam
971 1838 1023 1877 ad
1045 1851 1150 1878 eom
1154 1837 1375 1878 eniendum
1397 1837 1505 1877 diem

148 1899 346 1947 edixerat,
373 1899 552 1939 Α111111111
578 1900 723 1940 eadem
744 1899 809 1939 die
829 1899 977 1940 adesse
1003 1899 1163 1940 iuberet
1181 1906 1221 1940 et
1247 1909 1317 1939 aut
1341 1899 1442 1953 ipse,
1471 1898 1505 1939 si

147 1976 220 2015 per
258 1961 521 2001 commodum
557 1961 617 2002 101
659 1961 850 2016 publicae
892 1968 1052 2016 posset,
1098 1961 1151 2001 ad
1188 1960 1505 2015 obprimendum

149 2021 358 2064 Gallicum
383 2023 604 2063 tumultum
634 2023 965 2078 proficisceretur
998 2030 1068 2063 aut
1093 2022 1147 2074 Q.
1173 2022 1360 2063 Minucio
1385 2037 1505 2077 prae-

148 2084 226 2125 tori
253 2084 462 2134 scriberet,
490 2092 546 2134 ut,
574 2099 668 2125 011111
693 2086 745 2125 ad
771 2101 865 2126 011111
890 2085 1076 2140 legiones
1104 2099 1154 2125 ex
1173 2084 1344 2125 Etruria
1369 2084 1506 2125 venis-

150 2153 259 2195 sent,
298 2146 437 2187 missis
468 2146 510 2187 in
541 2147 675 2187 vicem
707 2162 848 2187 earum
874 2147 1055 2199 quinque
1086 2146 1252 2186 milibus
1285 2146 1504 2195 sociorum,

148 2221 254 2260 quae
290 2207 455 2248 interim
490 2208 684 2249 Etruriae
722 2208 930 2263 praesidio
976 2215 1134 2257 essent,
1178 2207 1506 2262 proficisceretur

148 2270 237 2325 ipse
262 2270 316 2309 ad
342 2270 546 2311 coloniam
570 2271 828 2312 liberandam
853 2270 1085 2311 obsidione.

1532 1790 1547 1818 1

1531 1912 1549 1941 2

1531 2035 1549 2065 3

232 2331 420 2385 Legatos
445 2332 545 2373 item
569 2333 791 2373 mittendos
822 2333 866 2372 in
890 2332 1081 2372 Africam
1107 2339 1374 2380 censuerunt,
1413 2346 1504 2372 eos-
1528 2347 1548 2376 4

149 2393 243 2433 dem
270 2392 583 2448 Carthaginem,
610 2395 779 2435 eosdem
803 2395 847 2434 in
870 2394 1109 2434 Numidiam
1136 2394 1188 2434 ad
1207 2394 1503 2435 Blasinissam:

150 2454 467 2510 Carthaginem,
504 2464 550 2496 ut
584 2457 839 2505 nuntiarent,
878 2456 1009 2496 civem
1048 2471 1188 2497 eorum
1220 2457 1503 2497 Hamilcarem

147 2516 336 2557 relictum
359 2517 402 2557 in
428 2516 724 2575 Galliasshaut
750 2517 849 2559 satis
876 2518 980 2558 seire
1007 2533 1057 2558 ex
1083 2518 1362 2559 Hasdrubalis
1388 2518 1502 2573 prius

147 2593 199 2618 an
232 2594 284 2619 ex
315 2578 511 2633 Magonis
547 2587 694 2634 postea
730 2579 914 2621 exercitu
936 2605 971 2609 —
994 2580 1149 2620 bellum
1181 2588 1322 2621 contra
1354 2581 1501 2621 foedus

148 2644 297 2691 facere,
326 2641 525 2683 exercitus
542 2641 757 2684 Gallorum
771 2643 1060 2698 Ligurumque
1080 2643 1284 2684 excivisse
1310 2643 1362 2684 ad
1387 2658 1500 2684 arma

1530 2470 1549 2500 5

1529 2594 1547 2624 6
