1799 2900
468 69 621 102 LIBER
647 69 889 113 XXXVIIII,
915 69 969 103 37.
990 69 1045 103 38.
1074 67 1175 112 [ab.
1191 66 1271 110 184]
1461 56 1543 98 407

192 181 298 215 stras
325 172 535 220 dedimus,
574 185 668 212 cum
694 180 740 212 ut
765 171 927 213 Achaei
959 171 1120 213 concilii
1146 177 1287 212 essent
1317 169 1546 211 effecimus.

191 251 337 291 parum
363 242 426 276 est
452 234 584 282 victis,
611 235 722 287 quod
743 234 965 275 victoribus
994 234 1093 275 satis
1115 240 1196 282 cst3
1222 233 1314 288 plus
1335 231 1548 287 postulant

192 298 333 338 hostes
361 311 484 349 quam
505 296 604 337 socii
631 297 798 337 habent.
831 311 936 349 quae
958 296 1044 336 iure
1064 295 1251 344 iurando,
1278 309 1384 348 quae
1402 309 1548 335 monu-

192 359 341 399 mentis
368 358 596 399 litterarum
621 358 663 398 in
686 358 824 412 lapide
849 358 1066 412 insculptis
1092 357 1133 397 in
1155 364 1366 398 aeternam
1391 370 1549 396 memo-

193 421 297 461 riam
329 428 473 460 sancta
504 427 628 473 atque
661 429 822 460 sacrata
853 429 966 469 sunt,
1006 435 1054 461 ca
1085 433 1178 459 cum
1203 418 1382 474 periurio
1406 429 1548 459 nostro

193 482 335 523 tollere
368 489 529 537 parant.
590 497 780 522 veremur
811 481 979 534 quidem
1004 497 1098 530 vos,
1123 480 1322 530 Romani,
1349 487 1407 529 et,
1434 479 1468 520 si
1493 479 1550 519 ita

193 544 332 593 vultis,
349 544 472 585 etiam
487 544 681 584 timemus
691 561 701 593 3
724 544 797 585 scd
810 544 903 598 plus
919 552 961 584 et
979 558 1169 584 veremur
1183 550 1223 583 et
1242 542 1433 582 timemus
1449 541 1549 582 deos

193 606 460 647 inmortales.'
510 620 605 646 cum
632 606 814 646 adsensu
836 605 1042 645 maximae
1062 604 1190 659 partis
1218 611 1281 644 est
1307 603 1485 651 auditus,
1511 610 1551 642 et

193 668 377 709 locutum
410 683 554 709 omnes
582 683 658 723 pro
689 668 905 709 maiestate
936 667 1205 721 magistratus
1237 667 1481 716 censebant,
1505 674 1553 706 ut

195 730 316 770 facile
350 731 571 785 adpareret
596 730 774 770 molliter
803 730 966 784 agendo
993 729 1235 784 dignitatem
1268 742 1386 770 suam
1411 734 1551 769 tenere

195 793 409 833 Romanos
435 807 519 833 non
544 807 683 846 posse.
744 799 831 832 tum
852 791 1018 846 Appius
1042 791 1215 832 suadere
1236 805 1280 831 se
1300 804 1552 844 magnopere

195 854 379 895 Achaeis
406 854 525 903 dixit,
552 862 616 903 ut,
644 854 741 894 dum
767 854 909 894 liceret
936 853 1145 894 voluntate
1172 868 1247 893 sua
1271 852 1427 901 facere,
1458 867 1553 906 gra-

197 917 293 956 tiam
321 916 484 964 inirent,
512 931 563 956 ne
589 931 686 956 mox
717 916 835 956 inviti
861 924 900 956 et
925 915 1055 956 coacti
1081 916 1278 955 facerent.
1339 914 1442 954 hacc
1466 929 1548 954 vox
1576 935 1582 940 -

198 979 337 1018 audita
369 979 534 1031 quidem
567 993 660 1018 cum
692 978 875 1018 omnium
907 978 1063 1032 gemitu
1090 984 1171 1025 est,
1205 977 1279 1017 sed
1310 984 1465 1017 metum
1491 975 1554 1015 in-

196 1040 292 1081 10011
317 1040 517 1094 imperata
542 1040 774 1080 recusandi.
834 1039 877 1079 id
902 1040 1024 1079 modo
1051 1039 1278 1093 petierunt,
1303 1046 1349 1078 ut
1372 1037 1553 1078 Romani
1579 1056 1585 1062 ·

197 1116 303 1154 quae
331 1102 566 1141 viderentur
592 1102 642 1141 de
658 1101 1005 1141 Lacedaemoniis
1033 1107 1240 1140 mutarent
1265 1113 1341 1140 nec
1356 1099 1552 1139 Achaeos

196 1163 395 1217 religione
415 1163 722 1217 obstringerent
748 1163 861 1203 irrita
881 1178 931 1203 ea
951 1177 1057 1216 quae
1083 1162 1170 1202 iure
1191 1161 1364 1201 iurando
1391 1161 1553 1201 sanxis-

199 1234 290 1267 sent
316 1226 506 1266 faeiendi.
557 1226 767 1267 damnatio
794 1233 953 1266 tantum
978 1225 1081 1266 Arei
1107 1233 1147 1266 et
1172 1224 1419 1273 Alcibiadis,
1446 1238 1552 1277 quae

197 1303 328 1343 nuper
354 1288 464 1328 facta
488 1296 588 1337 erat,
616 1288 780 1328 sublata
805 1296 881 1329 est.

282 1348 554 1391 XXXVIII.
597 1349 759 1390 Romae
784 1349 986 1404 principio
1013 1349 1100 1390 eius
1128 1348 1237 1398 anni,
1265 1362 1358 1388 cum
1384 1348 1434 1389 de
1460 1363 1554 1403 pro-

198 1411 344 1451 vinciis
371 1412 589 1452 consulum
614 1420 654 1453 et
679 1420 916 1465 praetorum
943 1419 1080 1451 actum
1106 1418 1187 1459 est,
1214 1410 1452 1451 consulibus
1480 1411 1555 1450 Li-

200 1487 337 1527 gures,
366 1472 461 1525 quia
486 1473 639 1513 bellum
664 1488 870 1526 nusquam
896 1473 992 1513 alibi
1013 1480 1111 1521 erat,
1139 1472 1305 1512 decreti·
1343 1480 1554 1527 praetores

202 1534 252 1575 C.
266 1534 482 1575 DecimiIIs
497 1535 653 1576 Flavus
673 1537 888 1584 urbanam,
909 1535 958 1576 P.
976 1534 1195 1575 Cornelius
1214 1533 1428 1588 Cethegus
1449 1534 1556 1575 inter

202 1597 312 1637 ciVes
340 1604 379 1636 et
409 1597 651 1651 perengnos
686 1598 817 1638 sortiti
850 1604 963 1645 sunt,
998 1596 1047 1637 C.
1077 1596 1348 1650 Sempronius
1374 1597 1553 1637 Blaesus

203 1657 400 1706 Siciliam,
428 1659 481 1709 Q.
497 1659 679 1700 Naevius
694 1659 843 1699 Matho
861 1658 1096 1699 Sardiniam
1112 1666 1151 1698 et
1171 1666 1217 1698 ut
1235 1658 1343 1698 idem
1360 1658 1410 1698 dc
1433 1673 1557 1698 vene-

200 1720 288 1759 ficis
316 1728 544 1772 quaereret,
572 1722 626 1761 A.
643 1721 864 1762 Terentius
879 1722 1014 1762 Varro
1036 1719 1285 1774 Hispaniam
1313 1719 1556 1768 citeriorem,

200 1782 250 1822 P.
268 1782 538 1837 Sempronius
555 1784 731 1838 Longus
749 1784 997 1838 Hispaniam
1022 1783 1272 1824 ulteriorem.
1305 1784 1355 1824 de
1381 1783 1429 1824 iis
1457 1784 1557 1824 dua-

202 1844 278 1884 bus
293 1845 514 1898 provineiis
536 1845 661 1899 legati
676 1861 749 1900 per
762 1846 803 1886 id
818 1847 903 1886 fere
920 1854 1081 1900 tempus
1096 1846 1148 1885 L.
1164 1845 1379 1886 Iuventius
1395 1845 1559 1886 Thalna

202 1914 242 1946 ct
256 1906 307 1946 T.
325 1906 575 1958 Quinctilius
591 1909 728 1949 Varus
752 1915 964 1957 venerunt,
991 1907 1059 1960 qui
1081 1917 1280 1960 quantum
1300 1907 1454 1948 bellum
1474 1907 1557 1947 iam

202 1969 466 2023 proffigatum
497 1971 539 2010 in
563 1970 772 2025 Hispanifr
803 1978 915 2011 esset
947 1978 1093 2011 senatu
1119 1970 1265 2011 edocto
1296 1969 1558 2024 postularunt

204 2031 337 2079 simul,
364 2040 409 2071 ut
432 2048 506 2086 pro
532 2033 654 2073 rebus
682 2040 764 2073 tam
790 2048 987 2087 prospere
1013 2032 1141 2087 gestis
1169 2032 1246 2072 (liis
1272 2031 1558 2072 inmortalibus

205 2092 423 2133 haberetur
460 2094 590 2134 honos
630 2103 670 2134 et
705 2102 750 2134 ut
785 2095 1043 2149 praetoribus
1082 2094 1307 2135 exercitum
1340 2094 1557 2147 deportare

203 2154 356 2195 liceret.
408 2156 653 2210 supplicatio
679 2157 721 2196 in
747 2157 921 2197 biduum
947 2158 1112 2197 decreta
1138 2163 1218 2205 est3
1247 2156 1297 2196 de
1322 2155 1555 2209 legionibus

205 2216 489 2270 deportandis,
524 2233 617 2258 cum
645 2219 694 2259 de
721 2219 937 2260 consulum
963 2226 1281 2273 praetorumque
1307 2217 1555 2258 exercitibus

205 2287 408 2332 ageretur,
435 2295 521 2319 rem
540 2280 744 2334 integram
765 2281 908 2321 referri
928 2281 1150 2321 iusserunt.
1187 2293 1342 2334 paucos
1361 2286 1455 2333 post
1471 2279 1557 2319 dies

205 2341 443 2381 consulibus
470 2341 512 2381 in
537 2342 719 2396 Ligures
745 2343 866 2383 binae
892 2342 1091 2396 legiones,
1118 2356 1220 2395 quas
1247 2341 1331 2396 Ap.
1356 2340 1557 2381 Claudius

205 2410 245 2443 ct
269 2403 331 2443 M.
360 2403 632 2458 Sempronius
660 2404 909 2453 habuerant,
937 2405 1126 2444 decretae
1153 2411 1261 2444 sunt.
1323 2403 1374 2443 de
1402 2402 1557 2457 HiSpa-

204 2465 417 2506 niensibus
455 2466 703 2507 exercitibus
740 2481 894 2521 magna
931 2465 1139 2506 eontentio
1176 2465 1255 2505 fuit
1290 2464 1397 2505 inter
1427 2479 1557 2505 novos

204 2535 416 2581 praetores
455 2536 494 2568 et
531 2527 685 2569 amicos
730 2527 983 2576 absentIum,
1024 2525 1240 2581 Calpurnii
1277 2525 1557 2579 Quinctiique.

1576 306 1615 336 16

1578 492 1615 521 17

1580 614 1619 645 18

1581 1483 1599 1512 10

1584 2165 1602 2194 6

1585 2291 1602 2320 7

1583 2412 1601 2442 8
