1799 2900
268 186 324 228 32
573 193 727 228 LIBER
751 192 902 237 XXXI,
928 193 982 227 36.
997 192 1050 227 37.
1080 195 1130 237 [a.
1148 205 1182 228 u.
1198 205 1227 228 e.
1242 193 1323 237 554]

223 313 242 343 5
266 299 330 340 usi
351 305 458 339 sunt.
492 297 561 337 ubi
586 297 784 337 latentem
804 296 912 336 intra
931 296 1086 337 vallum
1107 296 1269 338 hostem
1291 297 1404 347 vidit,
1431 297 1472 338 in
1493 305 1628 338 tumu-

266 361 328 402 los
350 374 514 413 quoque
536 372 583 399 ac
598 359 674 398 sub
695 358 832 413 ipsum
847 358 1000 398 vallum
1016 361 1270 414 exprobrans
1291 368 1447 400 metum
1463 374 1629 400 succes-

269 422 333 463 sit.
371 431 592 476 postquam
617 435 668 460 ne
695 427 781 460 tum
801 420 969 473 quidem
993 429 1178 475 potestas
1204 422 1420 476 pugnandi
1439 422 1626 470 dabatur,

268 484 365 537 quia
396 498 447 523 ex
479 493 562 523 tam
594 482 837 537 propinquis
872 482 1032 523 stativis
1064 499 1210 538 parum
1243 491 1331 524 tuta
1361 483 1628 524 frumentatio

269 552 375 593 erat,
414 544 626 599 dispersos
659 544 810 585 milites
843 559 917 599 per
949 560 1071 598 agros
1098 545 1304 598 equitibus
1333 546 1541 600 extemplo
1568 545 1629 585 in-

222 624 240 651 6
268 606 442 656 vasuris,
471 614 564 648 octo
589 607 676 647 fere
701 606 798 647 inde
823 606 955 655 milia,
982 607 1198 649 intervallo
1226 608 1418 649 tutiorem
1444 608 1629 648 frumcn-

266 668 465 709 tationem
490 668 720 717 habiturus,
749 676 884 709 eastra
909 669 962 709 ad
989 669 1424 724 Ortholophum—id
1450 678 1513 710 cst
1538 669 1628 710 loco

224 747 240 775 7
266 746 418 772 nomen
443 755 499 760 --
524 731 666 772 movit.
706 745 800 771 cum
825 731 866 771 in
892 731 1125 786 propinquo
1152 747 1253 785 agro
1280 732 1631 773 frumentarentur

266 793 459 846 Romani,
487 794 620 848 primo
646 809 719 834 rex
746 793 854 834 intra
878 794 1033 834 vallum
1061 809 1157 834 suos
1185 794 1329 842 tenuit,
1356 801 1401 834 ut
1427 801 1632 834 cresceret

221 869 241 897 8
268 855 389 896 simul
415 864 456 896 et
480 855 748 910 neglegentia
769 870 863 895 cum
884 855 1058 896 audacia
1082 855 1205 896 hosti.
1244 855 1314 895 ubi
1335 856 1492 896 effusos
1514 855 1629 904 vidit,

269 933 363 959 eum
389 918 501 959 omni
534 919 720 971 equitatu
746 926 787 959 et
814 917 1080 959 Cretensium
1107 917 1397 965 auxiliaribus,
1430 925 1632 970 quantum

267 981 449 1034 equitem
470 980 723 1021 velocissimi
748 980 909 1035 pedites
931 994 1054 1020 cursu
1077 994 1254 1033 aequare
1273 986 1478 1034 poterant,
1506 979 1631 1020 citato

267 1042 478 1098 profectus
512 1043 677 1097 agmine
710 1043 815 1083 inter
847 1050 983 1083 castra
1014 1042 1206 1082 Romana
1238 1049 1279 1082 et,
1309 1042 1630 1083 frumentatores

224 1119 241 1148 9
269 1105 483 1146 constituit
509 1105 641 1159 signa.
673 1105 769 1145 inde
797 1105 926 1159 copiis
954 1104 1097 1145 divisis
1123 1111 1285 1159 partem
1310 1104 1363 1144 ad
1389 1111 1633 1145 consectan-

270 1167 344 1207 dos
383 1182 512 1221 vagos
551 1168 872 1207 frumentatores
912 1167 1049 1208 emisit
1094 1166 1191 1207 dato
1230 1166 1370 1221 signo,
1419 1182 1471 1207 ne
1509 1180 1633 1219 quem

270 1229 410 1269 vivum
448 1228 742 1282 relinquerent,
784 1243 877 1268 eum
909 1239 1025 1283 parte
1058 1229 1146 1282 ipse
1174 1228 1356 1268 substitit
1387 1228 1630 1280 itineraque,

271 1290 420 1344 quibus
459 1291 512 1331 ad
549 1298 685 1331 castra
722 1291 930 1331 recursuri
967 1290 1215 1330 videbantur
1253 1290 1415 1339 hostes,
1454 1290 1630 1330 obsedit.

207 1366 246 1396 10
271 1353 354 1393 iam
384 1352 542 1407 passim
573 1353 723 1393 caedes
762 1367 810 1393 ac
840 1353 942 1406 fuga
974 1359 1080 1400 erat,
1118 1352 1296 1392 necdum
1334 1351 1553 1404 quisquam
1590 1351 1632 1391 in

272 1424 409 1456 castra
433 1415 624 1455 Romana
649 1414 817 1454 nuntius
845 1414 973 1454 cladis
1000 1421 1264 1468 pervenerat,
1297 1413 1393 1466 quia
1422 1413 1633 1467 refugien-

209 1492 244 1520 11
273 1484 334 1517 tes
361 1477 403 1517 in
428 1477 586 1531 regiam
613 1476 834 1517 stationem
864 1476 1103 1516 incidebant
1128 1483 1167 1516 et
1193 1476 1333 1530 plures
1360 1476 1411 1515 ab
1437 1475 1632 1516 obsiden-

273 1538 383 1579 tibus
415 1538 504 1578 vias
537 1553 661 1591 quam
687 1539 739 1578 ab
772 1537 936 1577 emissis
969 1538 1022 1577 ad
1059 1537 1230 1577 eaedem
1266 1537 1631 1578 interficiebantur.

272 1600 442 1640 tandem
478 1600 585 1640 inter
629 1599 787 1639 medias
832 1599 1015 1639 hostium
1060 1598 1259 1639 stationes
1298 1597 1429 1652 elapsi
1466 1598 1634 1651 quidam

273 1662 422 1716 trepidi
448 1662 671 1702 tumultum
696 1661 830 1716 magis
857 1676 979 1714 quam
1007 1667 1165 1701 certum
1190 1660 1381 1700 nuntium
1407 1660 1634 1702 intulerunt

272 1724 433 1764 castris.

233 1801 245 1829 1
358 1785 608 1828 XXXVII.
659 1785 820 1827 Consul
846 1785 1053 1839 equitibus
1079 1785 1204 1827 iussis
1232 1800 1313 1839 qua
1338 1785 1513 1839 quisque
1537 1800 1635 1840 pos-

273 1855 335 1888 set
356 1863 477 1902 opem
498 1848 606 1888 ferre
631 1848 931 1896 laborantibus,
958 1847 1047 1902 ipse
1072 1847 1259 1902 legiones
1281 1863 1303 1889 e
1323 1847 1470 1888 castris
1497 1846 1634 1888 educit

228 1924 245 1952 2
274 1918 314 1951 et
349 1910 515 1965 agmine
553 1910 754 1963 quadrato
794 1911 847 1950 ad
883 1910 1046 1951 hostem
1080 1910 1204 1951 ducit.
1266 1909 1443 1964 dispersi
1474 1909 1633 1962 equites

272 1987 346 2026 per
372 1987 494 2026 agros
529 1972 698 2025 quidam
731 1972 975 2012 aberrarunt
1001 1971 1163 2025 decepti
1189 1971 1439 2012 elamoribus
1467 1970 1556 2011 aliis
1583 1985 1635 2010 ex

229 2050 247 2079 3
273 2034 353 2075 alio
381 2034 655 2075 existentibus
681 2034 785 2082 loco,
812 2048 909 2088 pars
936 2033 1081 2074 obvios
1108 2033 1341 2074 habuerunt
1366 2032 1511 2073 hostis.
1543 2032 1635 2087 plu-

272 2097 386 2137 ribus
413 2096 514 2137 locis
543 2096 666 2137 simul
686 2112 827 2151 pugna
847 2096 994 2150 coepit.
1039 2095 1154 2150 regia
1179 2096 1301 2137 statio
1328 2094 1633 2136 atrocissimum

274 2158 477 2212 proelium
503 2159 671 2207 edebat3
709 2174 806 2198 nam
831 2164 871 2198 et
902 2157 994 2212 ipsa
1018 2157 1281 2198 multitudine
1307 2157 1492 2210 equitum
1517 2156 1634 2211 pedi-

276 2228 445 2273 tumque
470 2235 600 2275 prope
625 2221 735 2261 iusta
760 2219 870 2260 acies
897 2226 1003 2268 erat,
1030 2227 1071 2259 et
1094 2219 1399 2268 Romanorum,
1427 2218 1524 2272 quia
1546 2233 1633 2259 me-

231 2296 250 2324 4
276 2282 389 2322 dium
425 2283 647 2323 obsederat
683 2282 778 2332 iter,
815 2281 982 2337 phuimi
1020 2281 1062 2321 in
1098 2297 1190 2322 eam
1227 2282 1633 2322 i11ferebantur.eo

276 2358 438 2397 quoque
477 2345 711 2399 superiores
747 2344 1006 2384 Macedones
1045 2351 1173 2392 erant,
1211 2343 1323 2397 qnod
1359 2350 1400 2384 et
1436 2358 1509 2384 lex
1543 2342 1633 2397 ipse

277 2405 460 2446 hort··1t01
492 2407 634 2447 aderat
671 2414 711 2447 et
744 2405 1009 2447 Cretensium
1047 2406 1268 2446 auxiliares
1307 2405 1458 2445 multos
1491 2419 1543 2445 ex
1573 2403 1635 2444 in-

276 2467 443 2520 proxiso
482 2468 638 2509 xulnei
630 2470 755 2509 ibant
792 2468 966 2509 conserti
1002 2467 1318 2522 praeparatique
1349 2467 1390 2507 in
1423 2466 1633 2520 dispersos

235 2540 253 2569 5
279 2535 317 2567 et
344 2529 499 2569 effusos
525 2538 775 2584 pugnantes.
837 2529 987 2583 quodsi
1012 2530 1183 2570 modum
1207 2529 1248 2569 in
1279 2529 1536 2582 insequendo
1562 2527 1635 2567 ha-

277 2589 479 2638 buissent,
506 2607 589 2632 non
614 2592 655 2631 in
681 2592 912 2646 praesentis
938 2591 1063 2632 modo
1085 2591 1320 2632 certaminis
1347 2590 1533 2645 gloriam,
1561 2588 1634 2629 sed

234 2663 253 2694 6
280 2650 321 2690 in
355 2665 558 2692 summam
590 2653 712 2693 etiam
753 2654 850 2694 belli
880 2654 1112 2707 profectum
1142 2654 1266 2694 foret:
1304 2666 1414 2692 nunc
1438 2651 1633 2692 aviditate
