1799 2900
219 139 299 180 104
497 145 650 180 LIBER
674 144 864 189 xxxin,
890 144 944 179 25.
958 145 1013 179 26.
1042 147 1092 189 [a.
1109 156 1143 179 u.
1159 144 1284 189 0558]

214 251 341 291 latam
374 263 421 290 ac
451 248 641 288 fallacem
675 247 849 288 dicendo
875 255 915 289 et
946 248 1260 298 rebellaturum,
1299 249 1333 289 si
1364 247 1570 290 exercitus

216 313 311 353 inde
344 312 583 365 deportatus
617 320 747 359 esset,
783 325 944 364 regem,
982 312 1129 352 dubios
1168 313 1396 353 sententiae
1432 323 1570 367 patres

174 388 193 418 G
218 374 384 414 fecerat.
445 380 485 412 et
521 372 697 413 forsitan
733 371 982 413 obtinuisset
1018 373 1181 422 consul,
1220 375 1261 414 ni
1298 374 1352 426 Q.
1384 373 1570 415 Marcius

215 435 338 476 Ralla
363 441 402 474 et
430 432 480 474 C.
501 434 670 474 Atinius
692 434 838 475 Labeo
865 435 1017 475 tribuni
1041 436 1174 490 plebis
1202 452 1245 477 se
1271 436 1571 478 intercessuros

215 496 436 545 dixissent,
463 495 505 535 ni
531 495 645 550 prius
671 496 752 549 ipsi
778 496 831 536 ad
855 496 1021 551 plebem
1047 498 1252 547 tulissent,
1279 499 1433 539 vellent
1457 499 1573 539 iube-

214 567 358 599 rentne
385 572 477 598 cum
503 573 601 612 rege
620 558 816 614 Philippo
842 574 988 614 pacem
1014 575 1119 601 esse.
1169 576 1218 601 ea
1242 561 1402 616 rogatio
1426 562 1469 601 in
1491 560 1573 602 Ca-

170 633 190 662 8
215 621 358 675 pitolio
396 621 449 660 ad
483 621 648 675 plebem
684 621 769 661 lata
805 631 880 662 est.
941 638 1084 664 01111105
1117 623 1298 676 quinque
1329 633 1370 664 01
1405 625 1574 679 triginta

214 683 344 724 tribus
372 683 450 723 ‘uti
473 683 616 737 rogas’
642 683 866 724 iusserunt.
927 692 968 725 et.
993 699 1073 738 quo
1099 686 1233 738 magis
1265 700 1412 740 pacem
1441 693 1573 727 ratam

215 760 307 785 esse
332 744 373 784 in
399 744 653 785 Macedonia
678 745 805 800 vulgo
830 746 1101 795 laetarentur,
1134 747 1262 787 tristis
1290 762 1342 787 ex
1366 748 1575 802 Hispania

170 820 187 849 9
215 807 376 848 adlatus
392 808 560 848 nuntius
575 808 712 848 effecit
727 808 1003 862 vulgataeque
1023 809 1196 857 litterae,
1214 809 1263 850 C.
1281 809 1575 865 Sempronium

214 869 472 909 Tuditanum
514 870 806 923 proconsulem
848 870 890 911 in
933 871 1120 913 citeriore
1162 872 1371 926 Hispania
1417 873 1575 927 proelio

214 931 387 980 vietum,
426 931 653 972 exereitum
679 931 767 972 eius
794 932 935 973 fusum
960 933 1170 988 fugatum,
1208 934 1360 975 multos
1387 934 1573 976 inlustris

214 993 324 1033 viros
350 993 393 1033 in
419 993 505 1034 acie
532 993 746 1043 cecidisse,
762 992 1029 1035 ⁸Tuditanum
1055 1009 1149 1035 cum
1175 995 1294 1050 gravi
1319 996 1488 1037 vulnere
1509 1012 1574 1038 re-

149 1067 189 1097 10
214 1055 344 1096 latum
364 1071 411 1096 ex
432 1055 588 1109 proelio
610 1056 709 1096 haut
728 1056 785 1097 ita
804 1057 934 1097 multo
952 1065 1048 1111 post
1067 1057 1295 1112 expirasse.
1335 1059 1573 1100 consulibus

215 1117 417 1157 ambobus
434 1117 554 1157 Italia
568 1118 781 1171 provincia
796 1133 888 1158 011111
901 1119 951 1159 115
966 1119 1201 1173 legionibus
1217 1134 1320 1173 quas
1338 1121 1573 1174 superiores

215 1179 406 1220 consules
428 1179 673 1220 habuissent
693 1181 859 1221 decreta
879 1189 917 1221 et
943 1189 989 1221 ut
1014 1190 1207 1234 quattuor
1231 1181 1417 1236 legiones
1443 1197 1573 1223 novas

216 1241 456 1288 seriberent,
479 1242 580 1282 (11105
596 1243 789 1291 urbanas,
811 1243 913 1283 (11105
929 1258 1034 1296 quae
1049 1258 1129 1296 quo
1152 1252 1319 1284 senatus
1344 1245 1576 1286 censuisset

151 1316 189 1344 11
217 1303 490 1344 mitterentur.
551 1312 590 1344 01
627 1303 677 1344 T.
712 1303 933 1355 Quinctius
966 1304 1227 1346 Flamininus
1266 1306 1379 1356 (011111
1414 1307 1575 1348 duabus

215 1364 467 1419 legionibus)
506 1365 762 1419 provinciam
800 1366 946 1406 eodeni
983 1367 1166 1407 exercitu
1198 1367 1384 1408 obtinere
1415 1367 1575 1409 iussus:

214 1427 434 1482 imperium
460 1428 497 1468 ei
522 1435 789 1482 prorogatum
816 1428 916 1468 satis
943 1428 1025 1468 iam
1050 1436 1145 1469 ante
1172 1429 1301 1469 videri
1327 1444 1433 1471 esse.

174 1501 185 1529 1
300 1488 476 1530 XXVI.
525 1490 748 1530 Praetores
775 1489 923 1530 deinde
948 1490 1183 1544 provincias
1211 1491 1355 1539 sortiti,
1382 1492 1435 1531 L.
1457 1492 1577 1545 Apu-

217 1549 319 1591 stius
344 1551 467 1591 Fullo
494 1551 696 1591 urbanam
726 1551 1072 1600 iurisdictionem,
1110 1552 1186 1592 M’.
1212 1553 1374 1593 Acilius
1403 1553 1576 1594 Glabrio

214 1612 320 1652 inter
357 1612 459 1653 civis
497 1620 538 1653 01
573 1614 837 1667 peregrinos,
876 1612 929 1665 Q.
961 1614 1119 1654 Fabius
1151 1615 1288 1655 Buteo
1325 1615 1577 1670 Hispaniam

171 1684 189 1713 2
216 1673 466 1722 ulteriorem,
494 1674 547 1725 Q.
575 1674 787 1714 Minucius
815 1674 1023 1715 Thermus
1051 1675 1298 1725 citeriorem,
1326 1675 1376 1717 C.
1403 1677 1576 1718 Laelius

171 1746 189 1775 3
219 1734 424 1784 Siciliam,
451 1736 517 1776 Ti.
545 1734 818 1790 Sempronius
845 1737 1023 1791 Longus
1052 1736 1303 1778 Sardiniam.
1364 1737 1418 1790 Q.
1443 1739 1577 1780 Fabio

214 1798 396 1838 Buteoni
439 1804 479 1838 et
521 1797 575 1849 Q.
612 1798 821 1847 Minucio,
871 1799 1020 1851 quibus
1064 1799 1298 1854 Hispaniae
1339 1801 1578 1855 provinciae

216 1867 458 1909 evenerant,
496 1860 688 1900 consules
720 1860 906 1915 legiones
940 1860 1126 1915 singulas
1153 1876 1205 1902 ex
1230 1869 1424 1914 quattuor
1454 1863 1507 1903 ab
1534 1876 1578 1903 se

173 1931 193 1960 4
220 1921 382 1976 seriptis
417 1936 520 1974 quas
552 1921 762 1963 videretur
786 1930 832 1963 111
857 1922 1003 1963 (1010111
1029 1923 1240 1963 decretum
1267 1931 1330 1963 est
1355 1931 1395 1964 et
1421 1924 1577 1965 socium

215 1998 264 2023 ac
306 1983 450 2024 Latini
498 1983 676 2024 nominis
726 1991 928 2037 quaterna
974 1984 1088 2024 milia
1134 1985 1340 2039 peditum,
1389 1993 1577 2026 trecenos

215 2045 395 2098 equites,
432 2046 542 2099 iique
578 2045 712 2100 primo
750 2060 915 2099 quoque
952 2054 1138 2101 tempore
1174 2047 1217 2087 in
1252 2046 1487 2101 provincias
1518 2046 1578 2087 ire

171 2119 189 2147 5
215 2107 330 2148 iussi.
390 2108 546 2149 bellum
575 2108 617 2148 in
643 2108 851 2163 Hispania
883 2108 1025 2161 quinto
1056 2116 1153 2163 post
1183 2124 1291 2150 anno
1323 2118 1482 2150 motum
1513 2118 1577 2150 est

216 2184 341 2222 quam
368 2170 490 2211 simul
516 2185 609 2210 011111
633 2170 795 2211 Punico
821 2170 930 2211 bello
956 2170 1093 2211 fuerat
1117 2170 1292 2211 finitum.

173 2244 190 2271 6
301 2231 554 2285 Priusquam
579 2232 620 2272 hi
645 2240 859 2287 praetores
887 2232 939 2272 ad
964 2232 1119 2273 bellum
1141 2247 1269 2287 prope
1289 2247 1456 2281 novum,
1483 2231 1579 2286 quia

216 2300 302 2332 tum
339 2294 519 2348 primum
556 2309 631 2336 suo
662 2294 830 2335 nomine
862 2295 951 2335 sine
983 2295 1068 2336 ullo
1099 2295 1260 2336 Punico
1293 2294 1477 2335 exercitu
1508 2302 1579 2334 aut

218 2354 321 2395 duce
347 2356 400 2395 ad
425 2371 539 2397 arma
563 2355 708 2405 ierant,
735 2356 1096 2411 proficiscerentur
1116 2364 1187 2397 aut
1206 2357 1287 2411 ipsi
1307 2357 1499 2398 consules
1526 2356 1578 2396 ab

216 2417 318 2456 urbe
344 2426 570 2467 moverent,
597 2433 831 2473 procurare,
859 2426 902 2459 ut
928 2419 1100 2467 adsolet,
1127 2419 1319 2474 prodigia
1344 2433 1448 2472 quae
1473 2433 1579 2458 nun-

177 2489 192 2515 7
221 2476 427 2518 tiabantur
462 2479 578 2520 iussi.
638 2480 688 2521 P.
720 2480 873 2523 Villius
910 2495 1036 2533 eques
1068 2481 1285 2522 Romanus
1322 2480 1364 2520 in
1397 2479 1576 2521 Sabinos

219 2538 484 2591 proficiscens
522 2541 694 2582 fulmine
736 2541 826 2597 ipse
868 2556 1084 2596 equusque
1126 2542 1351 2583 exanimati
1392 2541 1576 2589 fuerant3

175 2612 193 2640 8
221 2598 333 2639 aedis
358 2600 562 2641 Feroniae
588 2602 630 2642 in
657 2602 863 2658 Capenati
895 2603 945 2644 de
972 2604 1086 2645 caelo
1113 2611 1223 2645 tacta
1247 2612 1352 2653 erat3
1402 2603 1455 2643 ad
1478 2602 1573 2642 Mo-

171 571 186 580 ,-

174 578 183 599 ί
