1799 2900
487 194 639 228 LIBER
664 194 833 240 xxxii,
859 195 889 230 9.
910 196 964 230 10.
991 194 1191 240 [a.e.19s]
1461 187 1517 230 53

163 297 322 353 ingenti
353 297 590 346 desederat3
625 297 807 339 Suessae
831 299 1057 340 Auruncae
1086 299 1332 340 nuntiabant
1363 314 1516 354 agnum

165 374 257 400 cum
283 359 444 400 duobus
472 359 672 414 capitibus
699 367 841 400 natum
867 368 907 400 et
933 359 1159 402 Sinuessae
1183 375 1354 416 porcum
1382 359 1513 415 [cum]

164 422 344 462 humano
383 421 528 476 capite.
602 436 743 462 eorum
784 423 1068 477 prodigiorum
1106 437 1231 464 causa
1268 423 1513 478 supplicatio
1537 436 1557 465 4

163 498 291 524 unum
317 482 427 523 diem
452 483 610 531 habita,
643 491 684 523 et
709 484 899 524 consules
926 486 1049 525 rebus
1076 484 1224 525 divinis
1251 500 1419 539 operam
1445 485 1514 525 de-

164 545 310 585 derunt
335 545 590 599 placatisque
611 545 688 585 diis
708 545 751 585 in
776 546 1009 599 provincias
1034 546 1210 601 profecti
1230 555 1344 587 sunt:
1369 547 1516 588 Aelius

164 621 258 647 eum
288 606 442 647 Helvio
479 614 667 661 praetore
700 607 743 647 in
774 607 967 648 Galliam.
1035 609 1343 662 exercitumque
1381 610 1432 650 ab
1462 609 1516 650 L.
1555 630 1574 658 5

164 668 347 709 Lentulo
373 677 606 723 acceptum,
634 683 756 721 quem
782 669 985 710 dimittere
1012 670 1208 719 debebat,
1234 671 1412 725 praetori
1437 680 1519 712 tra-

165 730 285 779 didit,
318 731 406 785 ipse
432 731 550 771 novis
576 731 827 785 legionibus,
863 746 964 784 quas
992 746 1130 772 secum
1158 733 1406 782 adduxerat,
1432 732 1519 773 bel-

164 792 249 833 lum
274 800 481 847 gesturus.
541 807 676 845 neque
701 794 981 835 memorabilis
1007 795 1066 835 rei
1091 796 1310 848 quicquam
1335 795 1478 849 gessit.

211 855 215 859 ’
249 855 308 894 Et
332 854 382 894 T.
411 854 632 906 Quinctius
659 855 761 895 alter
797 856 940 896 consul
971 857 1172 897 maturius
1204 871 1327 909 quam
1358 856 1516 911 priores
1543 869 1561 899 G

166 916 275 957 soliti
301 925 416 957 crant
441 917 652 966 consules,
686 932 710 957 a
734 918 958 959 Brundisio
984 933 1078 958 cum
1109 919 1374 968 tramisisset,
1414 918 1518 960 Cor-

166 993 306 1032 cyram
332 978 464 1019 tenuit
488 993 581 1018 cum
607 987 698 1019 octo
731 979 896 1020 milibus
921 981 1128 1034 peditum,
1155 981 1361 1033 equitibus
1389 981 1519 1021 octin-

165 1040 314 1094 gentis.
354 1041 405 1080 ab
421 1039 606 1094 Corcyra
630 1040 671 1080 in
698 1041 886 1094 proxima
905 1041 1024 1095 Epiri
1050 1041 1336 1094 quinqueremi
1361 1042 1520 1082 traiecit
1546 1056 1563 1083 7

165 1109 205 1142 et
241 1102 282 1141 in
320 1109 454 1141 castra
479 1101 670 1141 Romana
708 1102 870 1155 magnis
907 1101 1121 1142 itineribus
1155 1103 1384 1151 contendit3
1422 1103 1518 1143 inde
1544 1116 1563 1145 8

163 1163 291 1205 Villio
323 1162 494 1203 dimisso
531 1177 687 1216 paucos
719 1170 902 1203 moratus
936 1163 1043 1211 dics,
1081 1164 1179 1204 dum
1216 1179 1260 1204 se
1292 1164 1434 1218 copiae
1467 1165 1518 1204 ab

167 1223 353 1278 Corcyra
389 1224 734 1276 adsequerentur,
779 1224 996 1264 eonsilium
1033 1225 1194 1273 habuit,
1232 1233 1370 1265 utrum
1405 1232 1518 1266 recto

164 1285 309 1326 itinere
345 1300 418 1340 per
455 1293 590 1325 castra
627 1285 809 1325 hostium
846 1285 929 1325 vim
966 1287 1103 1327 facere
1135 1294 1352 1327 conaretur
1383 1302 1436 1327 an
1466 1301 1517 1327 ne
1545 1300 1562 1328 9

165 1355 364 1401 temptata
389 1347 553 1400 quidem
580 1362 622 1387 re
649 1348 750 1387 tanti
775 1348 928 1388 laboris
956 1363 1003 1388 ac
1027 1348 1197 1402 periculi
1222 1363 1295 1403 per
1313 1349 1520 1389 Dassare-

165 1410 242 1450 tios
268 1409 404 1464 potius
420 1409 696 1463 Lyncumque
721 1418 810 1451 tuto
831 1410 1308 1451 circuituMacedoniam
1334 1410 1517 1451 intraret.

165 1472 414 1524 vicissetque
452 1487 501 1512 ea
537 1472 760 1521 sententia,
798 1472 841 1512 ni
872 1473 1097 1521 timuisset,
1134 1488 1205 1522 ne,
1244 1488 1337 1513 cum
1363 1488 1386 1513 a
1416 1473 1519 1513 mari
1548 1483 1587 1513 10

164 1533 328 1587 longius
354 1534 597 1574 recessisset
628 1534 780 1574 emisso
807 1549 828 1574 c
853 1535 1043 1575 manibus
1070 1535 1209 1582 hoste,
1238 1535 1284 1583 si,
1312 1534 1422 1587 quod
1449 1550 1520 1574 an-

165 1603 233 1635 tea
258 1595 423 1643 fecerat,
451 1595 739 1635 solitudinibus
767 1595 963 1648 silvisque
989 1610 1032 1635 se
1058 1596 1182 1636 tutari
1206 1611 1278 1636 rex
1305 1596 1518 1644 voluisset,

168 1655 256 1696 sine
292 1656 374 1696 ullo
412 1656 564 1696 effectu
607 1665 743 1697 aestas
781 1658 1077 1697 extraheretur,
1149 1665 1371 1710 utcumque
1409 1664 1520 1697 esset
1548 1671 1583 1699 11

165 1717 309 1771 igitur,
346 1717 416 1757 illo
441 1718 532 1771 ipso
563 1725 646 1758 tam
672 1718 812 1770 iniquo
838 1719 928 1759 loco
955 1718 1126 1772 adgredi
1157 1718 1321 1758 hostem
1349 1718 1518 1772 placuit..

168 1779 242 1819 sed
278 1779 411 1832 magis
448 1779 535 1819 fieri
571 1780 614 1819 id
650 1780 839 1834 placebat
877 1794 1000 1832 quam
1031 1780 1237 1832 quomodo
1272 1781 1385 1820 fieret
1418 1780 1517 1820 satis

168 1841 453 1893 expediebant.

251 1902 311 1942 X.
359 1902 546 1956 Diesque
573 1903 846 1957 quadraginta
872 1903 959 1944 sine
985 1903 1069 1943 ullo
1091 1910 1241 1943 conatu
1267 1903 1457 1943 sedentes
1476 1902 1519 1942 in
1549 1916 1561 1943 1

168 1971 392 2018 conspectu
422 1964 605 2005 hostium
638 1966 967 2020 absumpserant.
1028 1965 1124 2005 inde
1162 1979 1256 2018 spes
1294 1965 1389 2004 data
1419 1963 1522 2004 Phi-

166 2025 278 2081 lippo
305 2034 367 2066 est
391 2041 464 2080 per
490 2027 758 2081 Epirotarum
789 2035 955 2081 gentem
987 2027 1250 2081 temptandae
1276 2026 1411 2080 pacis:
1448 2025 1520 2065 ha-
1546 2038 1564 2067 2

167 2089 335 2141 bitoque
363 2089 536 2129 concilio
563 2089 711 2129 delecti
742 2090 795 2128 ad
820 2104 911 2129 eam
944 2104 1031 2129 rem
1058 2088 1263 2143 agendam
1287 2088 1519 2128 Pausanias

166 2158 331 2204 praetor
363 2158 402 2190 et
426 2151 669 2190 Alexander
700 2150 898 2204 magister
930 2150 1114 2202 equitum
1147 2149 1359 2189 consulem
1386 2156 1426 2189 et
1454 2162 1519 2188 re-

167 2226 276 2265 gem,
301 2212 372 2251 ubi
396 2212 437 2251 in
464 2212 691 2252 artissimas
717 2212 827 2266 ripas
853 2213 973 2252 Aous
1000 2211 1159 2265 cogitur
1185 2211 1330 2259 amnis,
1356 2210 1398 2250 in
1424 2224 1521 2251 con-

168 2273 351 2325 loquium
377 2274 650 2314 adduxeruut.
695 2289 856 2314 summa
880 2273 1181 2327 postulatorum
1208 2272 1386 2313 consulis
1414 2279 1518 2312 erat:
1546 2285 1564 2313 3

167 2335 375 2389 praesidia
399 2350 450 2376 ex
476 2336 711 2376 civitatibus
738 2351 811 2376 rex
837 2336 1075 2383 deduceret3
1101 2335 1150 2374 iis
1160 2366 1170 2384 ,
1197 2348 1370 2387 quorum
1396 2347 1519 2388 agros

168 2398 373 2450 urbesque
394 2398 615 2452 populatus
632 2406 755 2445 esset,
780 2398 971 2437 redderet
988 2412 1068 2446 res,
1096 2412 1199 2450 quae
1215 2401 1518 2450 eomparerent3

169 2467 399 2500 ceterorum
442 2474 572 2512 aequo
615 2460 783 2500 arbitrio
827 2459 1057 2499 aestimatio
1099 2459 1227 2499 fieret.
1298 2457 1518 2511 Philippus
1544 2469 1564 2497 4

169 2521 291 2561 aliam
334 2522 505 2562 aliarum
549 2521 775 2561 civitatium
820 2521 1103 2561 condicionem
1151 2535 1244 2560 esse
1284 2518 1518 2574 respondit:

168 2597 271 2636 quas
296 2583 385 2638 ipse
412 2583 607 2637 cepisset,
644 2599 713 2624 eas
739 2583 1004 2623 liberaturum
1014 2599 1024 2631 3
1063 2597 1166 2635 quae
1194 2581 1271 2622 sibi
1296 2580 1469 2622 traditae
1495 2594 1520 2619 a

170 2645 392 2687 maioribus
419 2654 576 2695 essent,
610 2660 748 2686 earum
776 2645 1023 2686 hereditaria
1048 2658 1096 2685 ac
1120 2644 1229 2685 iusta
1254 2642 1520 2697 possessione
