1799 2900
466 147 618 180 mssa
642 147 847 191 XXXVII,
875 146 927 180 16.
951 147 1001 180 17.
1030 144 1131 189 [ae.
1148 145 1229 188 190]
1441 133 1524 175 273

172 251 454 294 sustinuerunt
480 256 707 299 certamen3
745 259 967 304 postquam
997 249 1136 304 plures
1170 249 1221 289 ab
1246 247 1346 288 urbe
1374 246 1528 287 adflue-
1554 259 1596 290 10

171 315 270 354 bant
294 320 335 353 et
358 312 442 353 iam
467 311 599 353 omnis
625 311 844 353 multitudo
871 312 1181 360 effundebatur,
1212 310 1334 351 timor
1358 309 1529 350 incessit

171 376 358 424 Livium,
409 390 460 414 ne
498 383 538 414 et
575 374 794 414 auxiliares
840 374 1233 415 circumvenirentur
1276 380 1317 413 et
1352 371 1528 412 navibus

171 439 295 479 etiam
331 437 382 477 ab
414 444 522 477 terra
553 436 781 490 periculum
813 444 935 477 esset.
995 436 1053 476 ita
1084 451 1166 476 non
1198 435 1347 476 milites
1381 434 1528 483 solum,
1557 446 1594 475 11

172 501 246 542 sed
270 500 428 540 navalis
456 499 581 540 etiam
606 499 759 547 socios,
792 499 997 553 remigum
1023 500 1204 547 turbam,
1243 497 1392 550 quibus
1419 495 1531 549 quis-

172 577 250 616 que
274 568 436 615 poterat
461 561 574 610 telis,
612 570 792 601 armatos
820 561 861 600 in
886 561 1088 615 proelium
1113 560 1267 601 eduxit.
1317 568 1403 599 tum
1430 573 1530 611 quo-
1558 569 1597 599 12

171 639 250 678 que
276 638 428 677 anceps
454 638 595 677 pugna
620 622 716 670 fuit,
749 638 882 676 neque
908 623 1058 663 milites
1091 622 1226 662 solum
1252 621 1424 674 aliquot,
1458 620 1532 660 sed

172 687 224 726 L.
251 685 459 740 Apustius
486 684 752 725 tumultuario
778 685 934 739 proelio
961 684 1125 732 cecidit,
1157 691 1366 738 postremo
1392 690 1532 722 tamen

172 748 255 788 susi
285 746 501 801 fugatique
534 754 631 786 sunt
660 746 784 800 Lycii
820 756 943 799 atque
979 746 1021 786 in
1051 747 1197 786 urbem
1234 744 1454 799 compulsi,
1492 752 1533 784 et

171 810 351 850 Romani
377 823 469 848 011111
496 808 607 848 haud
631 808 846 849 incruenta
870 808 1041 849 victoria
1073 808 1125 848 ad
1149 822 1277 847 naves
1309 806 1531 847 redierunt.

172 871 266 911 inde
292 871 335 910 in
360 871 663 910 Telmessicum
688 870 862 924 profecti
888 871 1045 919 sinum,
1083 869 1152 922 qui
1182 869 1308 909 latere
1340 883 1422 908 uno
1450 866 1533 908 Ca-
1561 878 1599 907 13

172 934 294 982 riam,
333 933 460 974 altero
493 933 670 986 Lyciam
707 932 927 986 contingit,
972 932 1127 972 omisso
1163 932 1318 972 Patara
1354 929 1532 985 amplius

174 995 403 1050 temptandi
433 994 586 1035 Rhodii
621 994 789 1034 domum
821 994 981 1034 dimissi
1018 1001 1133 1041 sunt,
1171 993 1319 1033 Livius
1353 999 1534 1046 praeter·
1562 1002 1599 1031 1-1

174 1066 316 1098 vectus
342 1057 491 1097 Asiam
521 1056 563 1095 in
590 1054 810 1097 Graeciam
842 1055 1088 1103 transmisit,
1126 1062 1169 1094 ut
1202 1053 1415 1095 conventis
1444 1052 1534 1093 Sci-

173 1119 384 1173 pionibus,
428 1118 498 1171 qui
534 1125 621 1157 tum
660 1117 768 1157 circa
805 1117 1070 1157 Thessaliam
1107 1123 1241 1164 crant,
1290 1115 1332 1155 in
1369 1114 1533 1155 Italiam

174 1181 377 1221 traiceret.

257 1242 407 1284 XVII.
446 1241 650 1281 Aemilius
673 1250 896 1295 postquam
915 1240 1091 1281 omissas
1112 1239 1154 1280 in
1168 1238 1303 1293 Lycia
1320 1253 1386 1279 res
1407 1245 1447 1278 et
1461 1238 1535 1277 Li·
1567 1250 1575 1277 1

174 1303 285 1344 vium
311 1303 543 1357 profectum
568 1303 611 1342 in
630 1302 795 1342 Italiam
821 1302 1034 1357 cognovit,
1061 1316 1154 1342 cum
1180 1301 1269 1355 ipse
1295 1301 1346 1340 ab
1362 1299 1535 1354 Epheso

175 1372 421 1420 tempestate
441 1365 631 1420 repulsus
647 1364 761 1405 irrito
776 1365 939 1420 incepto
958 1364 1131 1405 Samum
1144 1363 1396 1411 revertisset,
1418 1370 1535 1415 turpe

173 1437 286 1469 ratus
308 1436 509 1482 temptata
530 1428 684 1468 frustra
696 1428 851 1476 Patara
870 1442 981 1475 esse,
1002 1426 1210 1482 proficisci
1228 1441 1276 1466 eo
1297 1433 1383 1466 tota
1403 1425 1537 1465 classe

175 1499 216 1531 et
241 1505 402 1530 summa
428 1490 468 1529 vi
495 1489 667 1543 adgredi
692 1489 837 1529 urbem
864 1489 1018 1530 statuit.
1069 1488 1266 1528 Miletum
1292 1495 1332 1528 et
1358 1495 1536 1527 ceteram
1562 1497 1580 1526 3

176 1567 290 1592 oram
328 1551 533 1592 sociorum
569 1551 842 1605 praetervecti
878 1550 920 1590 in
949 1550 1232 1604 Bargylietico
1271 1549 1363 1590 sinu
1395 1562 1538 1589 escen-

177 1613 336 1653 sionem
362 1613 414 1652 ad
438 1612 582 1652 Iasum
613 1612 812 1652 fecerunt.
872 1612 1016 1652 urbem
1041 1612 1202 1666 regium
1227 1611 1392 1651 tenebat
1418 1623 1536 1664 prae-

178 1674 347 1723 sidium3
386 1689 532 1728 agrum
570 1673 677 1714 circa
706 1673 886 1714 Romani
922 1673 1126 1714 hostiliter
1159 1671 1396 1727 depopulati
1429 1678 1535 1711 sunt.

177 1736 316 1776 missis
350 1736 498 1776 deinde
530 1735 598 1788 qui
631 1750 704 1789 per
735 1734 953 1787 conloquia
983 1734 1216 1789 principum
1248 1742 1288 1774 et
1317 1732 1536 1786 magistra·
1561 1747 1581 1773 4

179 1806 294 1839 tuum
320 1806 569 1852 temptarent
594 1797 766 1845 animos,
793 1805 1013 1851 postquam
1039 1796 1141 1836 nihil
1166 1796 1207 1836 in
1232 1802 1437 1850 potestate
1463 1809 1537 1835 sua

178 1859 480 1913 responderunt
505 1874 616 1907 esse,
650 1859 702 1899 ad
728 1859 870 1898 urbem
897 1858 1220 1912 obpugnandam
1247 1856 1371 1897 ducit..
1421 1863 1537 1896 erant
1563 1871 1581 1899 5

178 1921 412 1964 Iasensium
438 1921 602 1961 exsules
630 1935 723 1961 011111
748 1920 970 1969 Romanis,
1015 1920 1043 1959 ii
1079 1920 1317 1972 frequentes
1348 1917 1537 1959 Rhodios

178 1998 294 2024 orare
320 1983 572 2029 institerunt,
611 1998 661 2023 ne
693 1984 837 2023 urbem
870 1990 910 2022 et
935 1982 1112 2023 vicinam
1146 1981 1225 2021 sibi
1251 1988 1291 2021 et
1321 1989 1540 2034 cognatam

178 2046 389 2087 innoxiam
411 2045 543 2100 perire
564 2045 766 2086 sinerent:
795 2045 875 2085 sibi
895 2044 1028 2085 exsilii
1049 2043 1204 2083 nullam
1224 2042 1346 2083 aliam
1371 2056 1540 2082 causam

180 2122 272 2148 0330
299 2122 421 2159 quam
446 2107 569 2147 fidem
596 2122 695 2161 erga
719 2107 945 2147 Romanos.
992 2106 1136 2146 eadem
1163 2109 1202 2144 vi
1226 2104 1433 2158 regiorum
1459 2118 1540 2156 qua
1566 2117 1584 2146 6

180 2168 259 2222 ipsi
284 2168 391 2222 pulsi
418 2168 499 2208 sint
525 2169 654 2208 teneri
686 2183 756 2209 eos
789 2168 857 2220 qui
888 2169 930 2207 111
955 2167 1056 2207 urbe
1087 2174 1294 2206 maneant.
1356 2165 1539 2206 omnium

180 2229 413 2270 Iasensium
439 2245 564 2270 unam
589 2237 770 2269 mentem
790 2244 902 2277 esse,
929 2236 973 2269 ut
994 2228 1239 2269 servitutem
1259 2227 1417 2281 regiam
1437 2227 1540 2268 effu-

181 2306 277 2345 gere
304 2291 469 2332 vellent.
529 2291 683 2332 Rhodii
708 2291 808 2332 moti
832 2291 1044 2346 precibus,
1076 2291 1266 2330 Eumene
1292 2289 1416 2330 etiam
1440 2304 1539 2344 rege
1567 2302 1582 2330 7

182 2353 401 2406 adsumpto
417 2385 426 2401 ‚
477 2353 599 2393 simul
644 2368 740 2393 suas
784 2353 1112 2393 necessitudines
1162 2351 1537 2400 commemorando,

157 2415 304 2454 31111111
341 2415 539 2455 obsessae
576 2415 691 2468 regio
729 2415 935 2468 praesidio
972 2414 1085 2454 urbis
1123 2428 1266 2454 casum
1302 2413 1538 2453 miserando

181 2477 462 2531 pervicerunt,
496 2487 541 2516 ut
565 2477 874 2531 obpugnatione
901 2476 1182 2517 absisteretur.
1243 2474 1419 2529 profecti
1442 2474 1538 2514 inde
1563 2486 1583 2516 8

182 2537 339 2593 pacatis
366 2538 512 2579 ceteris
540 2552 633 2578 cum
658 2554 772 2579 oram
792 2539 922 2579 Asiae
947 2538 1152 2592 legerent,
1178 2537 1540 2591 Loryma—por-

183 2607 246 2640 tus
274 2600 473 2640 adversus
487 2600 684 2641 Rhodum
708 2607 771 2642 est
786 2624 838 2629 -—
852 2606 1141 2655 pervenerunt.
1179 2598 1236 2639 ibi
1259 2598 1302 2639 111
1326 2597 1537 2652 principiis
1566 2610 1582 2639 9

252 2666 316 2693 Liri
331 2667 383 2693 tul.
401 2667 447 2693 [ll.
1274 2665 1316 2698 18

1562 1371 1580 1400 Ν)
