1799 2900
507 135 659 170 LIBER
684 135 890 177 xxxnu,
918 135 949 168 a
977 136 1024 176 [a.
1041 132 1078 166 e.
1097 132 1175 175 195]
1438 120 1515 161 133

172 241 316 282 divisa.
348 255 476 279 unum
498 238 650 279 Graeci
676 238 897 285 habebant,
925 253 947 277 a
971 236 1179 283 Phocaea,
1206 234 1315 274 unde
1341 241 1379 273 et
1404 233 1523 272 Mas-

177 303 385 350 silienses,
413 301 593 349 oriundi,
621 301 795 340 alterum
819 299 1012 354 Hispani.
1074 298 1147 338 sed
1174 296 1382 338 Graecum
1407 295 1522 350 oppi-

171 365 268 405 dum
299 364 341 403 in
371 378 484 403 mare
516 363 753 417 expositum
784 369 914 403 totum
948 362 1089 402 orbem
1120 359 1226 399 muri
1256 359 1391 399 minus
1424 372 1524 411 qua-

172 426 411 480 dringentos
437 440 587 479 passus
621 432 833 478 patentem
858 424 1056 471 habebat,
1083 421 1286 476 Hispanis
1311 420 1524 461 retractior

172 504 196 529 a
231 487 334 528 mari
372 487 496 527 trium
531 486 687 526 milium
724 500 924 540 passuum
960 485 1002 524 in
1039 483 1209 524 circuitu
1245 497 1386 523 murus
1424 490 1524 522 erat.

172 550 337 591 tertium
361 564 494 604 genus
523 549 699 589 Romani
725 548 859 589 coloni
885 549 936 587 ab
963 547 1058 587 divo
1086 545 1268 587 Caesare
1292 553 1388 600 post
1413 545 1525 585 devi-

173 619 259 652 ctos
280 611 457 665 Pompei
475 611 626 651 liberos
648 610 809 651 adiecti.
851 623 961 649 nune
987 609 1029 648 in
1049 623 1197 662 eorpus
1218 623 1345 647 unum
1365 606 1526 647 confusi

173 688 316 714 omnes
343 673 546 727 Hispanis
578 672 712 726 prius,
749 678 959 726 postremo
986 678 1025 710 et
1052 669 1225 710 Graecis
1250 669 1293 709 in
1318 668 1526 709 civitatem

173 736 406 776 Romanam
439 734 621 774 adscitis.
681 734 916 781 miraretur,
950 732 1019 785 qui
1050 739 1137 772 tum
1169 738 1354 772 cerneret
1384 738 1526 785 aperto

174 797 277 837 mari
309 798 359 837 ab
393 797 521 836 altera
553 804 688 850 parte,
726 796 778 836 ab
810 796 938 836 altera
969 793 1190 848 Hispanis,
1229 800 1313 833 tam
1344 793 1457 833 ferae
1488 799 1526 832 et

174 859 396 899 bellicosae
422 858 552 912 genti,
586 858 789 906 obiectos,
821 871 926 910 quae
952 871 1017 896 res
1044 871 1114 896 eos
1142 862 1356 895 tutaretur.
1406 853 1527 893 disci-

175 920 288 975 plina
304 928 391 960 erat
411 928 548 960 custos
575 918 836 967 infirmitatis,
863 932 985 970 quam
1006 917 1111 956 inter
1131 916 1351 956 validiores
1374 915 1527 969 optimc

176 982 297 1022 timor
330 981 522 1022 continet.
587 988 747 1036 partem
783 980 889 1020 muri
926 994 1090 1019 versam
1126 978 1168 1017 in
1200 993 1322 1032 agros
1361 978 1527 1032 egregie

175 1044 376 1084 munitam
409 1044 636 1092 habebant,
674 1058 757 1084 una
792 1050 951 1082 tantum
982 1041 1023 1080 in
1050 1055 1140 1081 eam
1166 1040 1377 1094 regionem
1410 1048 1529 1094 porta

174 1105 371 1159 inposita,
409 1104 524 1145 cuius
556 1105 748 1144 assiduus
781 1110 920 1143 custos
954 1102 1099 1155 aliquis
1134 1117 1185 1142 ex
1216 1102 1527 1155 magistratibus

175 1175 274 1207 erat.
312 1174 431 1207 nocte
457 1182 552 1221 pars
578 1166 699 1206 tertia
725 1166 876 1205 civium
901 1164 943 1204 in
968 1164 1094 1204 muris
1123 1164 1368 1211 excubabat,
1395 1178 1528 1216 neque
1566 1186 1573 1199 ι

174 1228 299 1268 moris
337 1242 462 1267 causa
497 1235 657 1267 tantum
690 1236 759 1268 aut
789 1227 913 1281 legis,
953 1226 1027 1266 sed
1064 1232 1218 1278 quanta
1250 1225 1284 1265 si
1316 1225 1446 1265 hostis
1479 1226 1530 1265 ad

174 1298 316 1344 portus
355 1296 465 1330 esset
495 1296 535 1329 et
572 1290 794 1329 servabant
833 1288 995 1343 vigilias
1033 1296 1073 1327 et
1111 1286 1381 1327 circumibant
1420 1300 1529 1326 cura.

174 1352 413 1406 Hispanum
444 1350 652 1391 neminem
684 1350 726 1390 in
751 1351 895 1391 urbem
919 1350 1187 1404 recipiebant.
1248 1364 1299 1388 ne
1331 1348 1411 1402 ipsi
1443 1348 1530 1400 qui-

175 1414 269 1454 dem
295 1421 447 1453 temere
473 1413 573 1453 urbe
600 1412 868 1452 excedebant.
928 1412 981 1452 ad
1006 1426 1117 1452 mare
1143 1411 1312 1465 patebat
1337 1410 1528 1451 omnibus

176 1475 324 1516 exitus.
384 1482 502 1528 porta
534 1475 586 1514 ad
611 1474 898 1528 Hispanorum
929 1473 1127 1528 oppidum
1152 1488 1274 1513 versa
1305 1487 1530 1525 numquam

176 1537 255 1577 nisi
281 1538 537 1589 frequentes,
572 1552 667 1590 pars
695 1536 814 1576 tertia
839 1536 943 1583 fere,
971 1536 1086 1575 cuius
1112 1535 1300 1589 proxima
1326 1544 1446 1574 nocte
1473 1534 1532 1573 vi-

177 1598 299 1653 giliae
336 1598 378 1637 in
414 1597 542 1638 muris
580 1598 764 1646 fuerant,
803 1597 1136 1651 egrediebantur.
1198 1610 1323 1636 causa
1355 1596 1570 1636 exeundiz

179 1660 281 1700 haec
307 1666 405 1699 erat.
467 1659 711 1699 commercio
738 1674 879 1699 eorum
904 1658 1085 1712 Hispani
1116 1657 1383 1711 inprudentes
1410 1657 1533 1696 maris

179 1721 417 1775 gaudebant
446 1720 700 1773 mercarique
732 1729 771 1760 et
802 1720 882 1774 ipsi
915 1735 983 1768 ea,
1022 1734 1126 1772 quae
1159 1727 1330 1759 externa
1359 1719 1533 1758 navibus

179 1782 483 1830 inveherentur,
510 1788 550 1821 et
576 1796 767 1835 agrorum
794 1781 960 1835 exigere
987 1781 1144 1821 fruetus
1171 1780 1379 1820 volebant.
1412 1779 1532 1819 huius

178 1844 309 1884 mutui
333 1859 433 1884 usus
461 1843 723 1892 desiderium,
750 1850 795 1883 ut
819 1843 1013 1897 Hispana
1037 1842 1135 1882 urbs
1161 1841 1334 1882 Graecis
1360 1849 1532 1895 pateret,

181 1905 372 1946 faciebat.
432 1913 548 1946 erant
579 1906 703 1945 etiam
734 1920 782 1946 eo
816 1905 1005 1952 tutiores,
1040 1904 1150 1957 quod
1176 1904 1253 1944 sub
1278 1904 1426 1943 umbra
1448 1903 1534 1943 Ro-

180 1982 327 2008 manae
359 1967 562 2008 amicitiae
594 1968 796 2015 latebant,
836 1982 958 2020 quam
991 1967 1097 2007 sieut
1121 1966 1348 2007 minoribus
1380 1966 1534 2006 viribus

180 2045 304 2083 quam
329 2029 633 2077 Massilienses,
660 2030 749 2084 pari
775 2030 965 2070 colebant
990 2029 1082 2069 fide.
1144 2036 1229 2068 tum
1250 2043 1412 2080 quoque
1438 2042 1535 2068 con-

181 2092 313 2132 sulem
341 2092 649 2144 exercitumque
676 2092 845 2132 comiter
866 2106 913 2132 ac
939 2091 1117 2145 benigne
1139 2098 1397 2144 acceperunt.
1434 2105 1536 2144 pau-

182 2168 251 2195 cos
278 2154 335 2194 ibi
359 2162 542 2194 moratus
569 2155 656 2195 dies
685 2153 813 2203 Cato,
841 2154 938 2194 dum
964 2154 1216 2208 exploraret,
1248 2153 1319 2192 ubi
1345 2159 1383 2192 et
1411 2166 1539 2204 quan-

182 2223 247 2256 tae
263 2215 443 2255 hostium
458 2215 598 2269 copiae
622 2223 774 2264 essent,
800 2224 845 2256 ut
863 2230 914 2255 nc
935 2230 1051 2255 mora.
1065 2215 1231 2267 quidem
1252 2213 1391 2267 segnis
1413 2221 1535 2261 esset,

184 2292 304 2318 omne
329 2276 371 2316 id
397 2284 557 2331 tempus
585 2277 825 2317 exercendis
851 2277 1048 2317 militibus
1075 2276 1345 2329 consumpsit.
1383 2275 1427 2315 id
1452 2282 1537 2315 erat

183 2339 289 2379 forte
315 2345 477 2392 tempus
505 2339 618 2386 anni,
651 2347 695 2379 ut
719 2340 969 2379 frumentum
997 2339 1039 2378 in
1066 2338 1170 2379 areis
1198 2338 1380 2392 Hispani
1411 2337 1538 2378 habe-

183 2407 287 2441 rent.
347 2399 485 2452 itaque
510 2400 839 2455 redemptoribus
873 2400 1009 2440 vetitis
1036 2401 1288 2441 frumentum
1318 2414 1464 2454 parare
1490 2413 1538 2439 ac

184 2462 362 2503 Romam
400 2461 579 2501 dimissis
619 2462 808 2501 ‘bellum'
846 2462 977 2514 inquit
1014 2465 1078 2502 ‘se
1108 2461 1245 2516 ipsum
1276 2461 1383 2501 alet.'
1443 2475 1537 2515 pro-

185 2523 319 2564 fectus
352 2523 403 2563 ab
426 2523 621 2577 Emporis
655 2538 777 2577 agros
809 2523 991 2564 hostium
1015 2523 1096 2564 urit
1125 2530 1362 2576 vastatque,
1401 2521 1538 2564 omnia

186 2585 287 2639 fuga
312 2591 351 2625 et
378 2591 530 2626 terrore
557 2585 745 2640 complet.

1553 305 1570 333 10

1564 1912 1604 1940 10

1564 2100 1598 2129 11
