1799 2900
449 85 603 119 LlssER
628 85 869 129 XXXVIIII,
896 86 951 119 26.
972 86 1027 120 27.
1056 85 1157 128 [ac
1174 84 1253 128 185]
1447 73 1531 116 395

178 205 291 239 nem,
323 203 425 242 quos
451 196 594 243 portus
622 196 871 229 mercatores
898 196 968 229 aut
993 188 1145 229 nautici
1172 194 1327 243 petant,
1354 187 1529 227 alterum

177 266 312 293 mores
338 265 534 305 respuere
561 265 671 292 suos.
717 259 774 291 tot
801 266 932 291 annos
959 266 1050 291 esse
1075 265 1149 305 per
1175 265 1277 303 quos
1303 264 1528 303 numquam
1554 262 1573 292 5

178 312 432 354 cessaverint
466 312 594 367 legati
630 326 739 352 nune
775 313 828 352 ad
864 313 1133 367 imperatores
1174 312 1383 353 Romanos
1420 325 1530 351 nune

176 376 355 416 Romam
375 374 427 414 ad
447 381 636 414 senatum
661 374 832 415 crimina
852 374 902 415 de
923 389 967 415 se
988 374 1166 414 deferre:
1193 388 1315 426 quem
1335 387 1530 426 umquam

177 438 305 478 verbo
331 435 530 476 violatum
555 437 673 477 esse?
712 437 840 477 semel
866 436 1058 477 euntibus
1085 436 1137 476 ad
1163 435 1404 487 Quinctium
1431 435 1530 475 insi·
1557 448 1574 477 6

178 499 266 539 dias
293 498 373 538 dici
399 498 549 547 factas,
583 498 657 539 sed
682 498 781 551 quid
805 498 854 537 iis
882 497 1093 546 acciderit,
1125 512 1209 537 non
1235 497 1351 537 adici.
1407 511 1531 550 quae-

176 560 355 601 rentium
382 560 493 613 quod
518 560 624 601 falso
650 560 849 609 obiciant,
888 574 981 600 cum
1008 559 1093 600 veri
1118 559 1219 599 nihil
1245 559 1444 606 habeant,
1483 574 1531 599 ea

177 622 349 662 crimina
375 636 480 662 esse.
528 622 754 662 insolenter
780 631 819 662 et
844 621 1050 662 inmodice
1077 621 1190 661 abuti
1215 620 1442 660 Thessalos
1468 620 1531 659 in-
1558 633 1573 661 7

178 684 390 739 dulgentia
415 684 558 739 populi
572 684 762 732 Romani,
791 684 904 724 velut
923 699 973 723 ex
994 683 1152 723 diutina
1177 682 1244 723 siti
1268 681 1390 722 nimis
1411 681 1531 722 avide

176 761 333 786 meram
353 746 589 786 haurientes
610 745 855 794 libertatem,
882 745 1020 798 itaque
1042 759 1254 785 servorum
1268 744 1391 785 modo
1411 758 1530 798 prae-
1555 756 1574 784 8

178 816 238 848 ter
270 823 386 862 spem
416 816 586 862 repente
618 807 969 847 manumissorum
999 807 1208 847 licentiam
1239 806 1353 847 vocis
1386 814 1426 846 et
1455 806 1533 846 lin-

177 885 284 924 guae
322 870 499 924 experiri
536 878 576 910 et
621 870 773 910 iactare
812 884 904 910 sese
946 869 1217 910 insectatione
1260 877 1299 909 et
1343 868 1531 909 convitiis

178 931 452 972 dominorum.
514 931 645 971 clatus
679 931 828 971 deinde
859 931 920 972 ira
953 932 1101 971 adiecit
1132 931 1315 972 nondum
1348 930 1530 971 omnium
1558 943 1575 971 9

178 994 337 1034 dierum
363 994 493 1034 solem
511 993 727 1033 occidisse.
758 993 801 1032 id
825 993 1040 1034 minaciter
1061 993 1215 1033 dictum
1240 1008 1323 1032 non
1337 991 1531 1032 Thessali

176 1055 300 1096 modo
325 1055 367 1095 in
392 1069 498 1103 sese,
527 1055 600 1095 sed
625 1055 749 1094 etiam
768 1055 949 1094 Romani
974 1063 1233 1108 acceperunt.
1267 1063 1307 1094 et
1332 1069 1425 1094 cum
1450 1054 1532 1093 fre—
1560 1065 1599 1094 10

176 1117 299 1156 initus
336 1123 431 1170 post
468 1131 558 1156 eam
597 1130 741 1156 vocem
779 1124 892 1156 ortus
930 1123 969 1156 et
1007 1117 1175 1156 tandem
1206 1116 1373 1156 sedatus
1407 1122 1530 1163 esset,

175 1178 509 1218 Perrhaeborum
558 1177 653 1218 inde
698 1177 1066 1230 Athamanumque
1109 1177 1257 1231 legatis
1305 1176 1532 1231 respondit,

177 1239 352 1279 eandem
390 1239 439 1279 de
477 1238 625 1291 quibus
662 1239 721 1279 illi
757 1247 901 1293 agant,
948 1238 1175 1278 civitatium
1212 1253 1381 1279 causam
1419 1252 1530 1278 esse:

177 1301 389 1342 consulem
414 1301 599 1341 Acilium
625 1308 663 1341 et
688 1301 902 1342 Romanos
930 1300 1009 1341 sibi
1035 1301 1201 1341 dedisse
1228 1315 1312 1349 eas,
1340 1314 1432 1340 cum
1458 1299 1532 1339 ho-
1560 1314 1596 1341 11

177 1363 302 1404 stium
339 1371 492 1403 essent.
565 1362 599 1403 si
638 1378 756 1403 suum
795 1378 946 1403 munus
991 1362 1062 1415 qui
1099 1362 1313 1402 dedissent
1350 1361 1531 1401 adimere
1560 1375 1598 1404 12

177 1426 317 1474 velint,
344 1426 448 1466 scire
469 1425 699 1466 cedendum
720 1440 831 1474 esse3
859 1425 933 1466 sed
958 1424 1118 1465 meliori
1138 1432 1177 1464 ct
1202 1423 1377 1464 fideliori
1400 1423 1531 1463 amico

176 1487 219 1528 in
244 1487 419 1542 gratiam
438 1487 592 1528 levium
611 1494 652 1528 et
676 1487 883 1527 inutilium
905 1487 1112 1527 sociorum
1137 1486 1327 1526 iniuriam
1348 1501 1418 1526 eos
1439 1500 1531 1525 esse

177 1550 373 1590 facturos.
422 1564 499 1589 nec
525 1549 635 1590 enim
660 1549 783 1589 ullius
808 1549 868 1589 rei
895 1549 1030 1588 minus
1058 1548 1295 1588 diuturnam
1321 1562 1413 1588 esse
1439 1562 1533 1601 gra·
1561 1560 1599 1589 13

176 1611 277 1652 tiam
292 1625 415 1664 quam
435 1610 652 1660 libertatis,
678 1610 924 1665 pracsertim
944 1610 1054 1664 apud
1070 1625 1140 1650 eos
1161 1609 1231 1662 qui
1251 1609 1358 1649 male
1379 1609 1532 1649 utendo

178 1688 269 1714 eam
295 1673 524 1727 corrupturi
552 1673 646 1713 sint.
706 1687 833 1713 causa
858 1672 1025 1726 cognita
1049 1671 1366 1726 pronuntiarunt
1392 1669 1530 1724 legati,
1562 1684 1600 1712 14

176 1735 340 1790 placere
378 1735 526 1775 deduci
561 1734 770 1788 praesidia
800 1734 1082 1774 Macedonum
1114 1748 1165 1774 ex
1196 1732 1245 1773 iis
1282 1732 1454 1772 urbibus
1492 1740 1532 1771 et

178 1796 356 1850 antiquis
381 1795 657 1836 Macedoniae
688 1796 874 1836 terminis
904 1810 1080 1849 regnum
1110 1794 1230 1834 finiri.
1292 1793 1342 1834 de
1374 1792 1532 1832 iniuriis

177 1872 280 1912 quas
316 1858 424 1899 ultro
460 1858 644 1911 citroque
680 1858 829 1898 inlatas
874 1865 1116 1910 querantur,
1155 1871 1235 1909 quo
1266 1855 1389 1896 modo
1428 1855 1534 1894 inter

178 1935 248 1961 eas
274 1928 420 1975 gentes
447 1929 488 1962 et
511 1921 770 1962 Macedonas
798 1921 1063 1975 disceptetur,
1090 1920 1312 1961 formulam
1336 1918 1435 1959 iuris
1462 1934 1534 1959 ex-

178 1982 378 2036 sequendi
403 1983 736 2024 constituendam
762 1998 867 2024 esse.

261 2044 459 2087 XXVII.
496 2045 601 2085 Inde
623 2045 804 2098 graviter
829 2045 990 2086 offenso
1015 2059 1113 2098 rege
1129 2042 1456 2084 Thessalonicen
1482 2041 1534 2082 ad
1562 2056 1573 2083 1

178 2107 511 2160 cognoscendum
544 2107 594 2147 de
620 2107 849 2147 Thraeciae
880 2107 1051 2147 urbibus
1089 2106 1418 2160 proficiscuntur.
1476 2103 1534 2143 ibi

177 2167 303 2221 legati
338 2168 561 2217 Eumenis,
612 2168 645 2208 si
682 2169 833 2209 liberas
876 2183 969 2209 esse
1005 2169 1174 2208 Aenum
1212 2174 1252 2207 ct
1286 2167 1534 2206 EIaroneam

177 2230 305 2270 velint
328 2229 527 2278 Romani,
564 2230 666 2269 nihil
697 2230 759 2270 sui
790 2229 960 2284 pudoris
993 2243 1086 2269 esse
1116 2229 1222 2268 ultra
1249 2228 1384 2268 dicere
1410 2241 1534 2280 quam

176 2299 219 2331 ut
246 2291 513 2339 admoneant,
549 2306 611 2340 re,
650 2306 732 2331 non
763 2291 888 2331 verbo
921 2305 991 2331 eos
1017 2290 1168 2330 liberos
1200 2289 1433 2341 relinquant
1458 2302 1535 2328 nce

177 2369 298 2394 suum
322 2368 471 2394 munus
497 2353 684 2407 intercipi
709 2353 761 2393 ab
787 2353 866 2392 alio
891 2352 1116 2407 patiantur:
1149 2352 1213 2392 sin
1238 2359 1376 2391 autem
1400 2351 1534 2391 minor
1559 2363 1577 2393 3

177 2429 274 2455 cura
305 2414 357 2455 sit
388 2415 616 2455 civitatium
645 2415 687 2454 in
714 2414 920 2454 Thraecia
949 2414 1196 2468 positarum,
1235 2413 1365 2453 multo
1396 2411 1532 2453 verius

176 2491 288 2525 esse,
315 2491 419 2530 quae
445 2477 521 2517 sub
546 2476 756 2517 Antiocho
781 2476 950 2525 fuerint,
977 2475 1161 2530 praemia
1186 2475 1281 2516 belli
1299 2475 1532 2515 Eumenem

176 2552 299 2591 quam
334 2538 576 2594 Philippum
612 2538 783 2588 habere,
833 2538 899 2579 vel
935 2553 1009 2592 pro
1046 2537 1174 2592 patris
1206 2537 1339 2578 Attali
1375 2536 1531 2577 meritis
1556 2548 1575 2577 4

1559 2117 1577 2146 ΚΟ
