1799 2900
490 127 644 161 LIBER
669 127 854 172 XXXVI,
879 129 934 162 42.
952 129 1007 162 43.
1036 127 1137 172 [ae
1154 127 1234 170 191]
1458 115 1541 157 255

186 238 338 274 stratae
392 240 464 272 aut
517 231 605 272 sine
657 231 801 272 rostris
851 231 1149 286 speculatoriae
1197 238 1336 279 erant,
1386 229 1539 270 Delum

186 293 356 335 traiecit.

271 354 550 395 XXXXIH.
610 354 676 396 Eo
713 355 799 395 fere
838 363 1021 409 tempore
1059 354 1202 396 consul
1232 354 1394 394 Acilius
1430 354 1581 395 Nau-1

185 426 352 473 pactum
377 417 658 471 obpugnabat.
714 416 884 457 Livium
908 417 1006 458 Deli
1032 432 1105 472 per
1131 417 1286 469 aliquot
1312 416 1399 456 dies
1423 440 1480 444 -κ
1504 424 1544 456 01

188 488 251 521 est
275 479 569 520 ventosissima
593 479 708 534 regio
740 479 845 519 inter
872 478 1079 532 Cycladas
1106 479 1221 519 fretis
1255 479 1356 519 alias
1381 478 1544 519 maiori-

187 543 283 591 bus,
323 542 423 582 alias
450 541 679 582 minoribus
714 541 868 581 divisas
893 566 950 570 —
975 541 1138 582 adversi
1169 541 1280 581 venti
1312 547 1541 581 tenuerunt.

185 604 489 658 Polyxenidas,
528 603 676 643 certior
713 618 784 657 per
822 603 1044 658 dispositas
1083 602 1378 658 speculatorias
1414 617 1542 642 naves

187 666 321 707 factus
347 666 446 706 Deli
478 674 586 706 stare
617 666 851 706 Romanam
884 666 1079 714 classem,
1116 665 1282 705 nuntios
1315 665 1367 704 ad
1402 678 1545 718 regem

188 728 311 768 misit.
367 728 437 781 qui
463 727 628 768 omissis
655 742 760 780 quae
786 728 828 768 111
854 728 1129 783 Hellesponto
1156 727 1324 782 agebat,
1362 741 1456 766 cum
1480 741 1545 767 ro-

188 791 325 831 stratis
364 790 558 837 navibus,
598 798 796 842 quantum
834 790 1068 830 adcelerare
1104 797 1283 844 poterat,
1329 788 1546 843 Ephesum

186 852 311 900 redit,
350 860 389 892 et
422 852 639 892 eonsilium
672 851 879 906 extemplo
911 852 1074 899 habuit,
1118 851 1408 891 faciendumne
1438 849 1547 904 peri-

188 914 327 954 culum
368 914 527 954 navalis
572 913 805 953 certaminis
850 914 969 954 foret.
1039 913 1322 966 Polyxenidas
1360 912 1542 966 negabat
1566 925 1586 952 4

188 976 455 1016 cessandum:
500 982 540 1015 et
569 975 710 1027 utique
746 974 860 1029 prius
899 975 1205 1029 confligendum
1242 989 1363 1026 quam
1401 973 1546 1014 classis

187 1037 389 1077 Eumenis
416 1044 455 1077 et
479 1036 669 1077 Rhodiae
694 1051 822 1076 naves
852 1037 1201 1091 coniungerentur
1225 1036 1440 1076 Romanis.
1490 1034 1547 1075 ita
1573 1048 1591 1077 5

188 1113 359 1139 numero
394 1113 478 1138 non
515 1098 644 1138 ferme
676 1098 841 1151 inpares
880 1098 1040 1138 futuros
1075 1112 1137 1146 30,
1177 1097 1322 1138 ceteris
1355 1097 1546 1138 omnibus

189 1160 420 1214 superiores
459 1168 499 1200 et
536 1159 743 1200 celeritate
780 1159 949 1199 navium
986 1168 1026 1199 et
1058 1160 1256 1199 varietate
1287 1159 1546 1199 auxiliorum.

187 1237 283 1262 nam
315 1222 527 1261 Romanas
559 1236 687 1262 naves
721 1235 814 1261 cum
846 1221 958 1276 ipsas
990 1221 1136 1261 inscite
1169 1221 1300 1261 factas
1328 1220 1546 1261 inmobiles
1574 1234 1591 1262 6

188 1298 299 1332 esse,
326 1291 412 1323 tum
438 1283 579 1332 etiam,
607 1292 651 1324 ut
677 1298 781 1336 quae
802 1283 843 1323 in
865 1292 1017 1324 terram
1037 1283 1219 1324 hostium
1239 1283 1424 1331 veniant,
1452 1297 1549 1323 one-

187 1353 298 1386 ratas
331 1353 563 1386 commeatu
596 1345 753 1394 venire3
805 1360 901 1386 suas
940 1354 1096 1394 autem,
1145 1354 1190 1385 ut
1225 1354 1374 1399 pacata
1411 1344 1549 1385 omnia
1576 1359 1591 1387 ῖ

189 1406 297 1447 circa
328 1422 372 1447 se
404 1407 696 1460 relinquentis,
740 1407 842 1447 nihil
874 1415 1036 1462 praeter
1068 1407 1242 1448 militem
1281 1416 1403 1460 atque
1436 1421 1550 1447 arma

188 1468 414 1509 habituras.
462 1469 638 1509 multum
664 1469 786 1509 etiam
813 1470 1045 1509 adiuturam
1066 1469 1253 1510 notitIam
1274 1469 1398 1509 maris
1421 1476 1549 1509 terra-

188 1544 363 1582 rumque
388 1538 428 1570 et
453 1538 688 1579 ventorum,
727 1545 831 1584 quae
865 1531 1002 1571 onmia
1031 1532 1198 1585 ignaros
1231 1531 1445 1571 turbatura
1476 1529 1550 1570 110-

191 1591 264 1631 3113
292 1600 444 1632 essent.
494 1593 623 1632 movit
648 1593 782 1633 omnis
809 1601 953 1633 auctor
978 1593 1157 1641 consilii,
1185 1593 1255 1645 qui
1280 1602 1320 1632 et
1343 1607 1387 1632 re
1414 1592 1548 1632 consi·
1573 1605 1592 1634 3

191 1653 291 1692 lium
316 1661 587 1694 exsecuturus
614 1663 713 1695 erat.
752 1655 924 1695 biduum
948 1655 990 1694 in
1004 1655 1217 1708 'adparatu
1242 1653 1401 1701 morati,
1429 1653 1548 1694 tertio

192 1715 257 1755 die
284 1725 448 1755 0011111111
474 1716 669 1765 navibus,
708 1731 883 1769 quarum
909 1716 1174 1770 septuaginta
1198 1724 1350 1763 tectae,
1388 1724 1549 1755 ceterae

192 1786 376 1831 apertae,
404 1777 572 1818 minoris
599 1793 742 1819 omnes
770 1779 927 1818 formae
953 1786 1086 1826 erant,
1112 1777 1287 1831 profecti
1311 1777 1550 1818 Phocaeam

191 1839 409 1893 petierunt.
446 1839 541 1880 inde
563 1854 655 1880 cum
672 1841 857 1880 audisset
876 1840 1207 1894 adpropinquare
1220 1839 1303 1879 iam
1316 1839 1549 1880 Romanam
1575 1854 1592 1883 9

192 1900 369 1952 classem
395 1917 480 1950 rex,
508 1902 604 1954 quia
629 1918 711 1942 non
742 1903 1013 1942 interfuturus
1046 1901 1183 1942 navali
1209 1900 1422 1941 certamini
1448 1910 1548 1949 erat,

191 1962 458 2017 Magnesiam
489 1978 593 2016 quae
624 1964 677 2004 ad
711 1962 901 2018 Sipylum
934 1972 996 2004 est
1028 1963 1233 2004 concessit
1264 1963 1316 2002 ad
1345 1962 1549 2003 terrestris

193 2025 333 2079 copias
360 2027 675 2080 comparandas.
737 2027 882 2067 classis
909 2026 961 2066 ad
989 2025 1231 2067 Cissuntem
1255 2033 1419 2079 portum
1443 2025 1551 2078 Ery·
1578 2039 1618 2068 10

194 2086 448 2137 thraeorum,
476 2096 685 2142 tamquam
711 2089 767 2129 ibi
787 2089 922 2143 aptius
945 2097 1233 2143 exspectatura
1254 2088 1428 2135 hostem,
1456 2101 1552 2128 con—

195 2149 337 2190 tendit.
385 2150 582 2199 Romani,
609 2152 678 2191 ubi
704 2151 883 2205 primum
910 2151 1122 2203 aquilones
1142 2174 1199 2178 —-
1223 2149 1250 2189 ii
1276 2163 1453 2201 namque
1478 2164 1551 2203 per
1580 2163 1615 2192 11

196 2211 351 2264 aliquot
388 2213 474 2253 dies
512 2222 730 2254 tenuerant
753 2239 803 2242 —
834 2213 1088 2261 ceciderunt,
1133 2212 1184 2251 ab
1221 2211 1331 2251 Delo
1367 2211 1550 2260 Phanas,

194 2282 358 2327 portum
380 2273 580 2315 Chiorum
605 2276 647 2315 in
666 2277 887 2330 Aegaeum
912 2290 1024 2314 mare
1050 2289 1234 2322 versum,
1260 2281 1405 2327 petunt
1414 2289 1423 2321 ;
1456 2273 1551 2313 inde

196 2336 249 2375 ad
272 2337 416 2376 urbem
443 2337 720 2391 circumegere
746 2352 887 2385 naves,
915 2344 1229 2389 commeatuque
1256 2348 1419 2389 sumpto
1439 2335 1552 2375 Pho-

197 2412 339 2439 caeam
364 2399 566 2440 traiciunt.
614 2401 826 2440 Eumenes
846 2400 1021 2439 Elaeam
1046 2399 1100 2439 ad
1126 2414 1242 2438 suam
1264 2398 1438 2438 classem
1459 2412 1552 2452 pro·
1578 2410 1614 2440 12

196 2461 348 2510 fectus,
386 2461 529 2516 paucis
561 2469 655 2516 post
686 2461 781 2501 inde
813 2461 957 2501 diebus
992 2475 1085 2501 cum
1118 2470 1310 2513 quattuor
1341 2467 1382 2500 et
1406 2459 1552 2514 viginti

195 2524 370 2564 navibus
399 2523 534 2571 tectis,
574 2523 726 2578 apertis
753 2523 939 2578 pluribus
971 2523 1095 2577 paulo
1122 2538 1145 2562 a
1169 2522 1364 2563 Phocaea
1390 2522 1442 2561 ad
1466 2521 1552 2562 Ro-

196 2602 342 2628 manos
368 2586 551 2641 parantis
578 2585 901 2639 instruentisque
934 2600 978 2626 se
1004 2586 1056 2626 ad
1082 2584 1229 2626 navale
1255 2594 1462 2625 certamen
1488 2598 1550 2624 re-

1569 614 1588 643 10

1571 739 1589 767 Εὐ
