1799 2900
485 133 639 168 LIBER
663 133 852 179 XXXIII,
877 134 932 168 37.
952 134 1006 168 38.
1034 136 1082 177 [a.
1099 132 1137 168 C.
1154 133 1234 178 196]
1459 124 1540 166 115

190 244 362 293 pontum
386 236 501 291 petit,
527 235 730 277 terrestris
757 236 896 291 copias
923 236 1039 277 traici
1063 237 1115 277 ab
1134 236 1288 290 Abydo
1304 235 1539 277 Chersone-

191 314 282 340 sum
307 298 439 339 iussit..
493 312 586 338 cum
613 299 665 338 ad
689 298 923 352 Madytum,
952 297 1206 340 Chersonesi
1230 299 1387 348 urbem,
1413 306 1539 339 terre-

191 361 264 402 stri
289 361 480 402 navalem
504 361 731 401 exercitum
755 360 977 409 iunxisset,
1005 361 1101 414 quia
1125 361 1358 402 clauserant
1382 368 1537 416 portas,

190 422 459 463 circumdedit
494 421 659 462 moenia
696 423 883 471 armatis3
923 432 985 463 set
1021 423 1103 463 iam
1141 438 1265 478 opera
1302 423 1540 464 admoventi

191 484 344 525 deditio
370 484 480 524 facta
506 492 581 524 est.
618 484 729 524 idem
753 493 887 524 metus
917 483 1086 525 Sestum
1111 485 1327 526 incolentis
1354 485 1538 538 aliasque

192 545 443 587 Chersonesi
468 546 592 586 urbes
618 545 660 585 in
681 546 932 587 deditionem
953 546 1076 587 dedit.
1109 546 1422 600 Lysimachiam
1442 547 1538 586 inde

190 608 380 649 omnibus
408 608 529 649 simul
554 607 784 657 navalibus,
810 608 1072 649 terrestribus
1099 608 1227 663 copiis
1254 608 1378 649 venit.
1416 623 1539 661 quam

192 685 284 710 cum
311 671 517 711 desertam
544 683 592 710 ac
617 676 787 716 stratam
816 685 944 724 prope
972 685 1135 711 omnem
1159 670 1287 710 ruinis
1313 670 1541 711 invenisset

197 756 245 761 <—
259 738 450 786 ceperant
479 739 615 772 autem
641 732 925 786 direptamque
945 732 1214 772 incenderant
1228 732 1412 773 Thraces
1438 747 1539 787 pau-

191 793 248 834 cis
276 802 368 834 ante
396 794 513 834 annis
527 817 595 842 —,
621 794 770 848 cupido
796 808 890 834 eum
920 794 1163 834 restituendi
1189 794 1370 835 nobilem
1395 795 1538 835 urbem

191 868 229 896 et
267 855 357 896 loco
395 856 516 896 sitam
555 864 757 910 oportuno
789 856 909 910 cepit.
969 856 1107 909 itaque
1145 856 1282 897 onmia
1319 855 1439 896 simul
1476 864 1539 896 est

192 917 436 971 adgressus:
468 925 508 958 et
533 924 658 965 tecta,
685 932 824 958 muros
851 917 1067 958 restituere
1094 925 1135 958 et
1162 918 1313 972 partim
1338 917 1539 958 redimere

191 979 407 1019 servientis
433 978 804 1032 Lysimachenses,
837 979 987 1033 partim
1012 979 1113 1032 fuga
1145 994 1311 1033 sparsos
1338 994 1410 1033 per
1438 979 1539 1020 Hel—

189 1040 423 1094 lespontum
466 1039 858 1093 Chersonesumque
909 1040 1150 1093 conquirere
1195 1048 1235 1080 et
1282 1041 1538 1089 contrahere,

189 1102 338 1156 partim
363 1117 493 1142 novos
521 1102 687 1142 colonos
715 1117 787 1156 spe
813 1102 1123 1142 commodorum
1147 1101 1361 1155 proposita
1386 1102 1540 1143 adscri-

190 1163 285 1203 bere
311 1171 349 1203 et
376 1163 487 1203 omni
511 1163 634 1203 modo
661 1164 942 1215 frequentare3
976 1163 1097 1202 simul
1122 1171 1166 1203 ut
1192 1163 1401 1203 Thracum
1437 1164 1539 1204 sub-

188 1233 421 1265 moveretur
439 1232 587 1273 metus,
614 1224 702 1278 ipse
728 1226 843 1279 parte
865 1224 1033 1265 dimidia
1053 1225 1307 1265 terrestrium
1329 1225 1540 1280 copiarum

189 1286 241 1326 ad
266 1285 554 1340 depopulanda
583 1285 772 1341 proxima
797 1285 1000 1327 Thraciae
1026 1294 1088 1327 est
1118 1286 1347 1341 profectus,
1380 1294 1540 1342 partem

187 1346 429 1400 navalisque
461 1347 594 1388 omnis
627 1347 760 1389 socios
793 1347 958 1401 reliquit
995 1348 1036 1388 in
1068 1348 1261 1403 operibus
1292 1348 1538 1390 reficiendae

186 1409 313 1449 urbis.

273 1471 567 1514 XXXVIIII.
608 1470 697 1513 Sub
717 1471 795 1513 hoc
815 1480 978 1527 tempus
1001 1481 1040 1513 ct
1062 1473 1114 1514 L.
1131 1472 1363 1523 Cornelius,
1385 1473 1537 1515 missus

189 1534 240 1573 ab
267 1542 412 1573 senatu
439 1533 491 1573 ad
516 1533 744 1575 dirimenda
768 1535 874 1575 inter
893 1535 1150 1575 Antiochum
1169 1535 1539 1589 Ptolemaeumque

188 1610 308 1650 reges
336 1595 571 1644 certamina,
599 1595 858 1649 Selymbriae
880 1597 1061 1637 substitit
1082 1605 1122 1638 et
1142 1597 1284 1638 decem
1305 1598 1535 1652 legatorum

189 1657 237 1697 Ρ.
269 1657 476 1696 Lentulus
509 1672 531 1697 a
560 1657 791 1711 Bargyliis,
822 1658 872 1698 P.
898 1659 1049 1701 Villius
1082 1666 1121 1699 et
1152 1659 1206 1699 L.
1234 1659 1453 1700 Terentius
1488 1660 1539 1699 ab

190 1718 331 1758 Thaso
357 1718 669 1772 Lysimachiam
696 1720 914 1773 petierunt.
975 1720 1121 1760 codem
1154 1728 1192 1761 et
1226 1721 1277 1760 ab
1305 1718 1540 1774 Selymbria

190 1779 242 1819 L.
271 1778 489 1820 Cornelius
523 1788 563 1820 et
595 1795 646 1820 ex
671 1780 851 1821 Thracia
881 1796 1035 1835 paucos
1068 1789 1162 1835 post
1188 1781 1274 1822 dies
1301 1782 1538 1823 Antiochus

190 1849 484 1882 convenerunt.
532 1842 688 1896 primus
716 1857 965 1897 congressus
986 1857 1078 1883 cum
1103 1843 1252 1897 legatis
1279 1851 1319 1884 et
1344 1844 1537 1899 deinceps

191 1902 376 1943 invitatio
401 1903 581 1958 benigna
607 1914 645 1945 et
677 1905 893 1959 hospitalis
925 1905 1014 1945 fuit.
1075 1913 1119 1945 ut
1145 1905 1195 1945 de
1226 1905 1430 1946 mandatis
1457 1914 1540 1946 sta-

190 1972 315 2017 tuque
340 1966 548 2019 praesenti
573 1966 703 2007 Asiae
729 1967 797 2020 agi
824 1975 1014 2021 coeptum
1041 1974 1122 2015 cst,
1151 1966 1275 2007 animi
1306 1968 1539 2021 exasperati

191 2034 297 2067 sunt.
346 2027 525 2068 Romani
551 2029 687 2069 onmia
713 2038 804 2069 acta
829 2029 929 2076 eius,
957 2044 1008 2069 ex
1034 2043 1113 2082 quo
1140 2037 1323 2083 tempore
1350 2029 1400 2069 ab
1417 2027 1539 2082 Syria

190 2089 367 2129 classem
398 2089 609 2139 solvisset,
648 2091 865 2145 displicere
898 2090 1058 2131 senatui
1094 2105 1176 2130 non
1209 2089 1538 2139 dissimulabant,

189 2150 430 2204 restituique
468 2160 507 2192 et
536 2152 779 2193 Ptolemaeo
812 2168 954 2193 omncs
987 2152 1193 2200 civitates,
1231 2166 1335 2205 quae
1367 2152 1538 2193 dicionis

191 2212 278 2252 eius
304 2212 499 2261 fuissent,
532 2228 710 2267 aequum
734 2215 976 2255 censebant:
1010 2229 1105 2254 nam
1132 2214 1243 2266 quod
1268 2214 1320 2253 ad
1345 2229 1415 2254 eas
1441 2213 1539 2253 civi-

192 2281 296 2314 tates
323 2275 538 2323 adtineret,
565 2290 665 2328 quas
693 2291 716 2315 a
740 2275 936 2330 Philippo
961 2290 1179 2329 possessas
1205 2275 1439 2316 Antiochus
1465 2291 1539 2330 per

192 2336 469 2384 occasionem,
497 2352 641 2377 averso
667 2337 861 2392 Philippo
888 2338 927 2377 in
954 2338 1189 2378 Romanum
1216 2337 1388 2386 bellum,
1415 2338 1537 2378 inter-

193 2396 387 2452 cepisset,
425 2397 466 2437 id
496 2412 594 2438 vero
626 2398 842 2438 ferendum
868 2414 950 2439 non
982 2414 1094 2447 esse,
1131 2399 1344 2440 Romanos
1376 2415 1449 2454 per
1479 2407 1538 2440 tot

191 2474 320 2499 annos
347 2466 454 2498 terra
478 2459 662 2512 marique
688 2466 801 2499 tanta
824 2460 1006 2514 pericula
1026 2474 1073 2500 ac
1097 2461 1259 2501 labores
1282 2460 1537 2510 exhausisse,

191 2520 446 2561 Antiochum
476 2521 571 2561 belli
603 2521 788 2575 praemia
817 2522 982 2562 habere.
1043 2522 1116 2563 sed
1147 2531 1190 2562 ut
1221 2522 1262 2563 in
1288 2522 1436 2562 Asiam
1468 2522 1538 2563 ad-

193 2591 338 2624 ventus
376 2583 462 2624 eius
501 2583 749 2624 dissimulari
788 2584 839 2625 ab
869 2584 1069 2626 Romanis
1103 2593 1312 2638 tamquam
1349 2585 1450 2625 nihil
1487 2585 1539 2625 ad

1274 2651 1319 2684 8*

1564 312 1582 341 9

1569 558 1606 587 10

1570 744 1603 772 11

1568 868 1605 897 12

1568 1116 1606 1145 13

1568 1178 1606 1207 14

1568 1487 1582 1515 1

1563 1610 1581 1630 ·)

1564 1631 1581 1639 ..a

1565 1857 1584 1886 3

1565 2041 1583 2069 4

1564 2227 1582 2256 5

1565 2412 1582 2441 6

1566 2537 1582 2565 7
