<?xml version="1.0" encoding="UTF-8"?>
<!DOCTYPE html PUBLIC "-//W3C//DTD XHTML 1.0 Transitional//EN"
    "http://www.w3.org/TR/xhtml1/DTD/xhtml1-transitional.dtd">
<html xmlns="http://www.w3.org/1999/xhtml" xml:lang="en" lang="en">
 <head>
  <title>
</title>
<meta http-equiv="Content-Type" content="text/html;charset=utf-8" />
  <meta name='ocr-system' content='tesseract 3.04.00' />
  <meta name='ocr-capabilities' content='ocr_page ocr_carea ocr_par ocr_line ocrx_word'/>
</head>
<body>
  <div class='ocr_page' id='page_1' title='image "./aburbeconditalib03livyuoft_0380.png"; bbox 0 0 1799 2900; ppageno 0'>
   <div class='ocr_carea' id='block_1_1' title="bbox 248 101 1374 155">
    <p class='ocr_par' dir='ltr' id='par_1_1' title="bbox 248 101 1374 155">
     <span class='ocr_line' id='line_1_1' title="bbox 248 101 1374 155; baseline 0.001 -12"><span class='ocrx_word' id='word_1_1' title='bbox 248 101 332 143; x_wconf 87' lang='lat'>300</span> <span class='ocrx_word' id='word_1_2' title='bbox 474 110 626 143; x_wconf 74' lang='lat' dir='ltr'>LIBER</span> <span class='ocrx_word' id='word_1_3' title='bbox 650 110 854 154; x_wconf 84' lang='lat' dir='ltr'>XXXVII,</span> <span class='ocrx_word' id='word_1_4' title='bbox 880 109 933 144; x_wconf 81' lang='lat'>46.</span> <span class='ocrx_word' id='word_1_5' title='bbox 954 110 1007 145; x_wconf 82' lang='lat'>47.</span> <span class='ocrx_word' id='word_1_6' title='bbox 1037 112 1269 155; x_wconf 74' lang='lat' dir='ltr'>[a.u.c.5ss-1.</span> <span class='ocrx_word' id='word_1_7' title='bbox 1292 112 1374 155; x_wconf 68' lang='lat'>5135]</span> 
     </span>
    </p>
   </div>
   <div class='ocr_carea' id='block_1_2' title="bbox 178 213 1605 2614">
    <p class='ocr_par' dir='ltr' id='par_1_2' title="bbox 246 213 1605 270">
     <span class='ocr_line' id='line_1_2' title="bbox 246 213 1605 270; baseline 0.001 -16"><span class='ocrx_word' id='word_1_8' title='bbox 246 214 410 255; x_wconf 88' lang='lat' dir='ltr'>Tiberis</span> <span class='ocrx_word' id='word_1_9' title='bbox 437 213 669 253; x_wconf 79' lang='lat' dir='ltr'>consecutis</span> <span class='ocrx_word' id='word_1_10' title='bbox 690 213 944 262; x_wconf 79' lang='lat' dir='ltr'>custodibus,</span> <span class='ocrx_word' id='word_1_11' title='bbox 970 214 1208 268; x_wconf 78' lang='lat' dir='ltr'>priusquam</span> <span class='ocrx_word' id='word_1_12' title='bbox 1236 215 1605 270; x_wconf 73' lang='lat' dir='ltr'>comprehendere—</span> 
     </span>
    </p>

    <p class='ocr_par' dir='ltr' id='par_1_3' title="bbox 204 274 1604 452">
     <span class='ocr_line' id='line_1_3' title="bbox 204 274 1604 330; baseline 0.001 -15"><span class='ocrx_word' id='word_1_13' title='bbox 204 289 222 319; x_wconf 80' lang='lat' dir='ltr'>G</span> <span class='ocrx_word' id='word_1_14' title='bbox 247 283 330 323; x_wconf 90' lang='lat' dir='ltr'>tur,</span> <span class='ocrx_word' id='word_1_15' title='bbox 357 274 494 328; x_wconf 69' lang='lat' dir='ltr'>gladio</span> <span class='ocrx_word' id='word_1_16' title='bbox 522 289 565 314; x_wconf 88' lang='lat' dir='ltr'>se</span> <span class='ocrx_word' id='word_1_17' title='bbox 592 274 809 314; x_wconf 76' lang='lat' dir='ltr'>transfixit.</span> <span class='ocrx_word' id='word_1_18' title='bbox 858 275 1007 315; x_wconf 83' lang='lat' dir='ltr'>milites</span> <span class='ocrx_word' id='word_1_19' title='bbox 1033 282 1212 325; x_wconf 89' lang='lat' dir='ltr'>tantum,</span> <span class='ocrx_word' id='word_1_20' title='bbox 1239 277 1308 330; x_wconf 84' lang='lat' dir='ltr'>qui</span> <span class='ocrx_word' id='word_1_21' title='bbox 1335 286 1604 330; x_wconf 81' lang='lat' dir='ltr'>sequerentur</span> 
     </span>
     <span class='ocr_line' id='line_1_4' title="bbox 247 335 1602 392; baseline 0.003 -16"><span class='ocrx_word' id='word_1_22' title='bbox 247 351 428 384; x_wconf 89' lang='lat' dir='ltr'>currum,</span> <span class='ocrx_word' id='word_1_23' title='bbox 467 335 703 385; x_wconf 65' lang='lat' dir='ltr'>defuerunt,</span> <span class='ocrx_word' id='word_1_24' title='bbox 747 336 898 388; x_wconf 77' lang='lat' dir='ltr'>alioqui</span> <span class='ocrx_word' id='word_1_25' title='bbox 934 337 1181 391; x_wconf 84' lang='lat' dir='ltr'>magnificus</span> <span class='ocrx_word' id='word_1_26' title='bbox 1219 347 1256 379; x_wconf 91' lang='lat' dir='ltr'>et</span> <span class='ocrx_word' id='word_1_27' title='bbox 1296 339 1532 392; x_wconf 83' lang='lat' dir='ltr'>spectaculo</span> <span class='ocrx_word' id='word_1_28' title='bbox 1563 349 1602 380; x_wconf 93' lang='lat' dir='ltr'>ct</span> 
     </span>
     <span class='ocr_line' id='line_1_5' title="bbox 245 397 893 452; baseline 0 -14"><span class='ocrx_word' id='word_1_29' title='bbox 245 399 357 438; x_wconf 85' lang='lat' dir='ltr'>fama</span> <span class='ocrx_word' id='word_1_30' title='bbox 381 412 519 437; x_wconf 85' lang='lat' dir='ltr'>rerum</span> <span class='ocrx_word' id='word_1_31' title='bbox 545 397 776 452; x_wconf 86' lang='lat' dir='ltr'>triumphus</span> <span class='ocrx_word' id='word_1_32' title='bbox 804 398 893 438; x_wconf 88' lang='lat' dir='ltr'>fuit.</span> 
     </span>
    </p>

    <p class='ocr_par' dir='ltr' id='par_1_4' title="bbox 203 459 1603 638">
     <span class='ocr_line' id='line_1_6' title="bbox 203 459 1603 517; baseline 0.003 -19"><span class='ocrx_word' id='word_1_33' title='bbox 203 475 219 503; x_wconf 81' lang='lat'><em>7</em></span> <span class='ocrx_word' id='word_1_34' title='bbox 330 460 468 500; x_wconf 89' lang='lat' dir='ltr'>Huius</span> <span class='ocrx_word' id='word_1_35' title='bbox 493 459 691 514; x_wconf 86' lang='lat' dir='ltr'>triumphi</span> <span class='ocrx_word' id='word_1_36' title='bbox 721 460 867 500; x_wconf 83' lang='lat' dir='ltr'>minuit</span> <span class='ocrx_word' id='word_1_37' title='bbox 898 460 1094 501; x_wconf 79' lang='lat' dir='ltr'>laetitiam</span> <span class='ocrx_word' id='word_1_38' title='bbox 1128 462 1294 502; x_wconf 82' lang='lat' dir='ltr'>nuntius</span> <span class='ocrx_word' id='word_1_39' title='bbox 1322 478 1370 502; x_wconf 80' lang='lat' dir='ltr'>ex</span> <span class='ocrx_word' id='word_1_40' title='bbox 1395 463 1603 517; x_wconf 76' lang='lat' dir='ltr'>Hispania</span> 
     </span>
     <span class='ocr_line' id='line_1_7' title="bbox 244 521 1602 576; baseline 0.003 -15"><span class='ocrx_word' id='word_1_41' title='bbox 244 521 392 570; x_wconf 83' lang='lat' dir='ltr'>tristis,</span> <span class='ocrx_word' id='word_1_42' title='bbox 442 521 618 561; x_wconf 83' lang='lat' dir='ltr'>adversa</span> <span class='ocrx_word' id='word_1_43' title='bbox 655 537 797 576; x_wconf 76' lang='lat' dir='ltr'>pugna</span> <span class='ocrx_word' id='word_1_44' title='bbox 833 522 873 561; x_wconf 91' lang='lat' dir='ltr'>in</span> <span class='ocrx_word' id='word_1_45' title='bbox 910 522 1149 564; x_wconf 84' lang='lat' dir='ltr'>Bastetanis</span> <span class='ocrx_word' id='word_1_46' title='bbox 1188 524 1312 564; x_wconf 88' lang='lat' dir='ltr'>ductu</span> <span class='ocrx_word' id='word_1_47' title='bbox 1348 524 1401 565; x_wconf 91' lang='lat' dir='ltr'>L.</span> <span class='ocrx_word' id='word_1_48' title='bbox 1433 525 1602 565; x_wconf 86' lang='lat' dir='ltr'>Aemilii</span> 
     </span>
     <span class='ocr_line' id='line_1_8' title="bbox 243 583 1601 638; baseline 0.003 -15"><span class='ocrx_word' id='word_1_49' title='bbox 243 583 501 637; x_wconf 79' lang='lat' dir='ltr'>proconsulis</span> <span class='ocrx_word' id='word_1_50' title='bbox 533 583 645 637; x_wconf 89' lang='lat' dir='ltr'>apud</span> <span class='ocrx_word' id='word_1_51' title='bbox 676 583 874 638; x_wconf 87' lang='lat' dir='ltr'>oppidum</span> <span class='ocrx_word' id='word_1_52' title='bbox 904 584 1121 637; x_wconf 65' lang='lat' dir='ltr'>Lyconem</span> <span class='ocrx_word' id='word_1_53' title='bbox 1154 600 1247 625; x_wconf 87' lang='lat' dir='ltr'>cum</span> <span class='ocrx_word' id='word_1_54' title='bbox 1278 586 1493 626; x_wconf 77' lang='lat' dir='ltr'>Lusitanis</span> <span class='ocrx_word' id='word_1_55' title='bbox 1529 602 1601 627; x_wconf 82' lang='lat' dir='ltr'>sex</span> 
     </span>
    </p>

    <p class='ocr_par' dir='ltr' id='par_1_5' title="bbox 198 645 1602 825">
     <span class='ocr_line' id='line_1_9' title="bbox 198 645 1602 702; baseline 0.003 -18"><span class='ocrx_word' id='word_1_56' title='bbox 198 660 217 688; x_wconf 67' lang='grc' dir='ltr'>ὅ</span> <span class='ocrx_word' id='word_1_57' title='bbox 243 645 355 685; x_wconf 86' lang='lat' dir='ltr'>milia</span> <span class='ocrx_word' id='word_1_58' title='bbox 381 645 430 685; x_wconf 91' lang='lat' dir='ltr'>de</span> <span class='ocrx_word' id='word_1_59' title='bbox 457 645 640 685; x_wconf 77' lang='lat' dir='ltr'>exercitu</span> <span class='ocrx_word' id='word_1_60' title='bbox 666 645 857 686; x_wconf 82' lang='lat' dir='ltr'>Romano</span> <span class='ocrx_word' id='word_1_61' title='bbox 884 646 1103 687; x_wconf 84' lang='lat' dir='ltr'>cecidisse:</span> <span class='ocrx_word' id='word_1_62' title='bbox 1142 657 1299 687; x_wconf 81' lang='lat' dir='ltr'>ceteros</span> <span class='ocrx_word' id='word_1_63' title='bbox 1325 649 1514 702; x_wconf 82' lang='lat' dir='ltr'>paventis</span> <span class='ocrx_word' id='word_1_64' title='bbox 1541 649 1602 688; x_wconf 91' lang='lat' dir='ltr'>in-</span> 
     </span>
     <span class='ocr_line' id='line_1_10' title="bbox 242 706 1602 761; baseline 0.003 -15"><span class='ocrx_word' id='word_1_65' title='bbox 242 714 305 747; x_wconf 86' lang='lat' dir='ltr'>tra</span> <span class='ocrx_word' id='word_1_66' title='bbox 329 706 484 747; x_wconf 75' lang='lat' dir='ltr'>vallum</span> <span class='ocrx_word' id='word_1_67' title='bbox 509 707 746 761; x_wconf 84' lang='lat' dir='ltr'>compulsos</span> <span class='ocrx_word' id='word_1_68' title='bbox 780 722 904 761; x_wconf 78' lang='lat' dir='ltr'>aegre</span> <span class='ocrx_word' id='word_1_69' title='bbox 938 716 1073 748; x_wconf 86' lang='lat' dir='ltr'>castra</span> <span class='ocrx_word' id='word_1_70' title='bbox 1104 709 1341 749; x_wconf 81' lang='lat' dir='ltr'>defendisse</span> <span class='ocrx_word' id='word_1_71' title='bbox 1373 717 1413 750; x_wconf 87' lang='lat' dir='ltr'>et</span> <span class='ocrx_word' id='word_1_72' title='bbox 1439 711 1491 749; x_wconf 91' lang='lat' dir='ltr'>ad</span> <span class='ocrx_word' id='word_1_73' title='bbox 1515 725 1602 750; x_wconf 86' lang='lat' dir='ltr'>mo-</span> 
     </span>
     <span class='ocr_line' id='line_1_11' title="bbox 243 769 1602 825; baseline 0.003 -17"><span class='ocrx_word' id='word_1_74' title='bbox 243 769 342 809; x_wconf 89' lang='lat' dir='ltr'>dum</span> <span class='ocrx_word' id='word_1_75' title='bbox 367 769 614 823; x_wconf 80' lang='lat' dir='ltr'>fugientium</span> <span class='ocrx_word' id='word_1_76' title='bbox 640 769 803 823; x_wconf 76' lang='lat' dir='ltr'>magnis</span> <span class='ocrx_word' id='word_1_77' title='bbox 830 769 1045 811; x_wconf 87' lang='lat' dir='ltr'>itineribus</span> <span class='ocrx_word' id='word_1_78' title='bbox 1077 770 1118 810; x_wconf 89' lang='lat' dir='ltr'>in</span> <span class='ocrx_word' id='word_1_79' title='bbox 1150 786 1295 825; x_wconf 70' lang='lat' dir='ltr'>agrum</span> <span class='ocrx_word' id='word_1_80' title='bbox 1321 779 1514 825; x_wconf 84' lang='lat' dir='ltr'>pacatum</span> <span class='ocrx_word' id='word_1_81' title='bbox 1539 787 1602 812; x_wconf 89' lang='lat' dir='ltr'>re—</span> 
     </span>
    </p>

    <p class='ocr_par' dir='ltr' id='par_1_6' title="bbox 198 830 1602 949">
     <span class='ocr_line' id='line_1_12' title="bbox 198 830 1601 887; baseline 0.001 -15"><span class='ocrx_word' id='word_1_82' title='bbox 198 846 215 873; x_wconf 67' lang='lat' dir='ltr'>a</span> <span class='ocrx_word' id='word_1_83' title='bbox 243 831 402 871; x_wconf 89' lang='lat' dir='ltr'>ductos.</span> <span class='ocrx_word' id='word_1_84' title='bbox 463 830 566 871; x_wconf 91' lang='lat' dir='ltr'>hacc</span> <span class='ocrx_word' id='word_1_85' title='bbox 596 846 647 871; x_wconf 84' lang='lat' dir='ltr'>ex</span> <span class='ocrx_word' id='word_1_86' title='bbox 680 831 888 885; x_wconf 83' lang='lat' dir='ltr'>Hispania</span> <span class='ocrx_word' id='word_1_87' title='bbox 924 832 1124 872; x_wconf 88' lang='lat' dir='ltr'>nuntiata.</span> <span class='ocrx_word' id='word_1_88' title='bbox 1186 847 1236 872; x_wconf 80' lang='lat' dir='ltr'>ex</span> <span class='ocrx_word' id='word_1_89' title='bbox 1272 831 1409 873; x_wconf 85' lang='lat' dir='ltr'>Gallia</span> <span class='ocrx_word' id='word_1_90' title='bbox 1441 833 1601 887; x_wconf 83' lang='lat' dir='ltr'>legatos</span> 
     </span>
     <span class='ocr_line' id='line_1_13' title="bbox 241 891 1602 949; baseline 0.002 -17"><span class='ocrx_word' id='word_1_91' title='bbox 241 892 579 933; x_wconf 86' lang='lat' dir='ltr'>Placentinorum</span> <span class='ocrx_word' id='word_1_92' title='bbox 605 901 643 932; x_wconf 90' lang='lat' dir='ltr'>et</span> <span class='ocrx_word' id='word_1_93' title='bbox 666 891 1013 933; x_wconf 85' lang='lat' dir='ltr'>Cremonensium</span> <span class='ocrx_word' id='word_1_94' title='bbox 1034 894 1087 934; x_wconf 92' lang='lat' dir='ltr'>L.</span> <span class='ocrx_word' id='word_1_95' title='bbox 1103 894 1411 935; x_wconf 72' lang='lat' dir='ltr'>Aurunculeius</span> <span class='ocrx_word' id='word_1_96' title='bbox 1438 903 1602 949; x_wconf 86' lang='lat' dir='ltr'>praetor</span> 
     </span>
    </p>

    <p class='ocr_par' dir='ltr' id='par_1_7' title="bbox 179 954 1602 1318">
     <span class='ocr_line' id='line_1_14' title="bbox 179 954 1602 1010; baseline 0.001 -15"><span class='ocrx_word' id='word_1_97' title='bbox 179 970 217 999; x_wconf 80' lang='lat'>10</span> <span class='ocrx_word' id='word_1_98' title='bbox 241 954 283 993; x_wconf 91' lang='lat' dir='ltr'>in</span> <span class='ocrx_word' id='word_1_99' title='bbox 317 962 506 994; x_wconf 88' lang='lat' dir='ltr'>senatum</span> <span class='ocrx_word' id='word_1_100' title='bbox 537 954 776 995; x_wconf 84' lang='lat' dir='ltr'>introduxit.</span> <span class='ocrx_word' id='word_1_101' title='bbox 842 954 890 994; x_wconf 86' lang='lat' dir='ltr'>iis</span> <span class='ocrx_word' id='word_1_102' title='bbox 925 956 1192 1008; x_wconf 85' lang='lat' dir='ltr'>querentibus</span> <span class='ocrx_word' id='word_1_103' title='bbox 1224 956 1405 1010; x_wconf 90' lang='lat' dir='ltr'>inopiam</span> <span class='ocrx_word' id='word_1_104' title='bbox 1437 956 1602 997; x_wconf 88' lang='lat' dir='ltr'>colono-</span> 
     </span>
     <span class='ocr_line' id='line_1_15' title="bbox 240 1016 1601 1071; baseline 0.002 -16"><span class='ocrx_word' id='word_1_105' title='bbox 240 1016 479 1056; x_wconf 86' lang='lat' dir='ltr'>rum—aliis</span> <span class='ocrx_word' id='word_1_106' title='bbox 506 1016 602 1056; x_wconf 88' lang='lat' dir='ltr'>belli</span> <span class='ocrx_word' id='word_1_107' title='bbox 628 1016 811 1065; x_wconf 88' lang='lat' dir='ltr'>casibus,</span> <span class='ocrx_word' id='word_1_108' title='bbox 839 1016 929 1057; x_wconf 84' lang='lat' dir='ltr'>aliis</span> <span class='ocrx_word' id='word_1_109' title='bbox 956 1018 1100 1058; x_wconf 89' lang='lat' dir='ltr'>morbo</span> <span class='ocrx_word' id='word_1_110' title='bbox 1127 1018 1371 1071; x_wconf 86' lang='lat' dir='ltr'>absumptis,</span> <span class='ocrx_word' id='word_1_111' title='bbox 1399 1018 1601 1071; x_wconf 87' lang='lat' dir='ltr'>quosdam</span> 
     </span>
     <span class='ocr_line' id='line_1_16' title="bbox 242 1077 1602 1132; baseline 0.002 -15"><span class='ocrx_word' id='word_1_112' title='bbox 242 1077 377 1118; x_wconf 88' lang='lat' dir='ltr'>taedio</span> <span class='ocrx_word' id='word_1_113' title='bbox 404 1078 640 1118; x_wconf 89' lang='lat' dir='ltr'>adcolarum</span> <span class='ocrx_word' id='word_1_114' title='bbox 669 1077 886 1119; x_wconf 87' lang='lat' dir='ltr'>Gallorum</span> <span class='ocrx_word' id='word_1_115' title='bbox 911 1079 1128 1132; x_wconf 82' lang='lat' dir='ltr'>reliquisse</span> <span class='ocrx_word' id='word_1_116' title='bbox 1155 1079 1336 1120; x_wconf 82' lang='lat' dir='ltr'>colonias</span> <span class='ocrx_word' id='word_1_117' title='bbox 1363 1104 1396 1108; x_wconf 93' lang='lat'>—</span> <span class='ocrx_word' id='word_1_118' title='bbox 1421 1080 1602 1120; x_wconf 85' lang='lat' dir='ltr'>decrevit</span> 
     </span>
     <span class='ocr_line' id='line_1_17' title="bbox 242 1138 1602 1189; baseline 0.002 -10"><span class='ocrx_word' id='word_1_119' title='bbox 242 1146 429 1187; x_wconf 81' lang='lat' dir='ltr'>senatus,</span> <span class='ocrx_word' id='word_1_120' title='bbox 456 1139 515 1178; x_wconf 91' lang='lat' dir='ltr'>uti</span> <span class='ocrx_word' id='word_1_121' title='bbox 542 1138 591 1179; x_wconf 88' lang='lat' dir='ltr'>C.</span> <span class='ocrx_word' id='word_1_122' title='bbox 619 1139 790 1180; x_wconf 88' lang='lat' dir='ltr'>Laelius</span> <span class='ocrx_word' id='word_1_123' title='bbox 818 1141 981 1189; x_wconf 89' lang='lat' dir='ltr'>consul,</span> <span class='ocrx_word' id='word_1_124' title='bbox 1010 1141 1045 1180; x_wconf 88' lang='lat' dir='ltr'>si</span> <span class='ocrx_word' id='word_1_125' title='bbox 1070 1141 1106 1181; x_wconf 90' lang='lat' dir='ltr'>ei</span> <span class='ocrx_word' id='word_1_126' title='bbox 1131 1141 1356 1189; x_wconf 71' lang='lat' dir='ltr'>videretur,</span> <span class='ocrx_word' id='word_1_127' title='bbox 1391 1156 1464 1181; x_wconf 88' lang='lat' dir='ltr'>sex</span> <span class='ocrx_word' id='word_1_128' title='bbox 1490 1141 1602 1182; x_wconf 86' lang='lat' dir='ltr'>milia</span> 
     </span>
     <span class='ocr_line' id='line_1_18' title="bbox 240 1200 1601 1254; baseline 0.002 -14"><span class='ocrx_word' id='word_1_129' title='bbox 240 1200 489 1240; x_wconf 87' lang='lat' dir='ltr'>familiarum</span> <span class='ocrx_word' id='word_1_130' title='bbox 515 1201 809 1249; x_wconf 86' lang='lat' dir='ltr'>conscriberet,</span> <span class='ocrx_word' id='word_1_131' title='bbox 849 1216 952 1254; x_wconf 87' lang='lat' dir='ltr'>quae</span> <span class='ocrx_word' id='word_1_132' title='bbox 985 1202 1026 1241; x_wconf 87' lang='lat' dir='ltr'>in</span> <span class='ocrx_word' id='word_1_133' title='bbox 1058 1217 1128 1242; x_wconf 86' lang='lat' dir='ltr'>cas</span> <span class='ocrx_word' id='word_1_134' title='bbox 1155 1203 1336 1243; x_wconf 87' lang='lat' dir='ltr'>colonias</span> <span class='ocrx_word' id='word_1_135' title='bbox 1369 1203 1601 1243; x_wconf 72' lang='lat' dir='ltr'>divideren-</span> 
     </span>
     <span class='ocr_line' id='line_1_19' title="bbox 240 1262 1600 1318; baseline 0.002 -17"><span class='ocrx_word' id='word_1_136' title='bbox 240 1269 322 1311; x_wconf 88' lang='lat' dir='ltr'>tur,</span> <span class='ocrx_word' id='word_1_137' title='bbox 360 1270 401 1302; x_wconf 86' lang='lat' dir='ltr'>et</span> <span class='ocrx_word' id='word_1_138' title='bbox 425 1270 470 1302; x_wconf 87' lang='lat' dir='ltr'>ut.</span> <span class='ocrx_word' id='word_1_139' title='bbox 494 1262 547 1303; x_wconf 83' lang='lat' dir='ltr'>L.</span> <span class='ocrx_word' id='word_1_140' title='bbox 574 1263 882 1303; x_wconf 76' lang='lat' dir='ltr'>Aurunculeius</span> <span class='ocrx_word' id='word_1_141' title='bbox 908 1272 1073 1318; x_wconf 91' lang='lat' dir='ltr'>praetor</span> <span class='ocrx_word' id='word_1_142' title='bbox 1099 1264 1333 1304; x_wconf 74' lang='lat' dir='ltr'>triumviros</span> <span class='ocrx_word' id='word_1_143' title='bbox 1360 1273 1518 1305; x_wconf 88' lang='lat' dir='ltr'>crearet</span> <span class='ocrx_word' id='word_1_144' title='bbox 1548 1266 1600 1304; x_wconf 91' lang='lat' dir='ltr'>ad</span> 
     </span>
    </p>

    <p class='ocr_par' dir='ltr' id='par_1_8' title="bbox 178 1324 1598 1442">
     <span class='ocr_line' id='line_1_20' title="bbox 178 1324 1598 1375; baseline 0.003 -12"><span class='ocrx_word' id='word_1_145' title='bbox 178 1340 210 1368; x_wconf 72' lang='grc' dir='ltr'>ιι</span> <span class='ocrx_word' id='word_1_146' title='bbox 242 1338 311 1363; x_wconf 88' lang='lat' dir='ltr'>eos</span> <span class='ocrx_word' id='word_1_147' title='bbox 339 1324 507 1364; x_wconf 90' lang='lat' dir='ltr'>colonos</span> <span class='ocrx_word' id='word_1_148' title='bbox 535 1324 814 1365; x_wconf 85' lang='lat' dir='ltr'>deducendos.</span> <span class='ocrx_word' id='word_1_149' title='bbox 870 1325 995 1365; x_wconf 82' lang='lat' dir='ltr'>creati</span> <span class='ocrx_word' id='word_1_150' title='bbox 1020 1325 1082 1365; x_wconf 86' lang='lat' dir='ltr'>M.</span> <span class='ocrx_word' id='word_1_151' title='bbox 1109 1325 1263 1365; x_wconf 79' lang='lat' dir='ltr'>Atilius</span> <span class='ocrx_word' id='word_1_152' title='bbox 1292 1324 1519 1375; x_wconf 80' lang='lat' dir='ltr'>Serranus,</span> <span class='ocrx_word' id='word_1_153' title='bbox 1545 1326 1598 1367; x_wconf 89' lang='lat' dir='ltr'>L.</span> 
     </span>
     <span class='ocr_line' id='line_1_21' title="bbox 238 1385 1397 1442; baseline 0.001 -15"><span class='ocrx_word' id='word_1_154' title='bbox 238 1385 430 1427; x_wconf 82' lang='lat' dir='ltr'>Valerius</span> <span class='ocrx_word' id='word_1_155' title='bbox 456 1386 505 1426; x_wconf 87' lang='lat' dir='ltr'>P.</span> <span class='ocrx_word' id='word_1_156' title='bbox 532 1386 560 1426; x_wconf 86' lang='lat' dir='ltr'>f.</span> <span class='ocrx_word' id='word_1_157' title='bbox 585 1386 782 1435; x_wconf 81' lang='lat' dir='ltr'>Flaccus,</span> <span class='ocrx_word' id='word_1_158' title='bbox 814 1386 866 1426; x_wconf 89' lang='lat' dir='ltr'>L.</span> <span class='ocrx_word' id='word_1_159' title='bbox 882 1387 1075 1428; x_wconf 78' lang='lat' dir='ltr'>Valerius</span> <span class='ocrx_word' id='word_1_160' title='bbox 1104 1386 1154 1427; x_wconf 87' lang='lat' dir='ltr'>C.</span> <span class='ocrx_word' id='word_1_161' title='bbox 1181 1388 1209 1428; x_wconf 89' lang='lat' dir='ltr'>f.</span> <span class='ocrx_word' id='word_1_162' title='bbox 1236 1387 1397 1442; x_wconf 87' lang='lat' dir='ltr'>Tappo.</span> 
     </span>
    </p>

    <p class='ocr_par' dir='ltr' id='par_1_9' title="bbox 198 1446 1600 1564">
     <span class='ocr_line' id='line_1_22' title="bbox 198 1446 1600 1503; baseline 0.003 -17"><span class='ocrx_word' id='word_1_163' title='bbox 198 1464 212 1492; x_wconf 85' lang='lat'>1</span> <span class='ocrx_word' id='word_1_164' title='bbox 325 1446 622 1489; x_wconf 81' lang='lat' dir='ltr'>XXXXVH.</span> <span class='ocrx_word' id='word_1_165' title='bbox 672 1448 801 1487; x_wconf 88' lang='lat' dir='ltr'>Haud</span> <span class='ocrx_word' id='word_1_166' title='bbox 826 1448 882 1488; x_wconf 90' lang='lat' dir='ltr'>ita</span> <span class='ocrx_word' id='word_1_167' title='bbox 907 1449 1035 1489; x_wconf 89' lang='lat' dir='ltr'>multo</span> <span class='ocrx_word' id='word_1_168' title='bbox 1061 1456 1169 1503; x_wconf 85' lang='lat' dir='ltr'>post,</span> <span class='ocrx_word' id='word_1_169' title='bbox 1197 1463 1289 1488; x_wconf 90' lang='lat' dir='ltr'>cum</span> <span class='ocrx_word' id='word_1_170' title='bbox 1309 1449 1390 1489; x_wconf 87' lang='lat' dir='ltr'>iam</span> <span class='ocrx_word' id='word_1_171' title='bbox 1410 1449 1600 1490; x_wconf 86' lang='lat' dir='ltr'>consula-</span> 
     </span>
     <span class='ocr_line' id='line_1_23' title="bbox 236 1508 1599 1564; baseline 0.003 -17"><span class='ocrx_word' id='word_1_172' title='bbox 236 1508 344 1548; x_wconf 88' lang='lat' dir='ltr'>rium</span> <span class='ocrx_word' id='word_1_173' title='bbox 369 1509 629 1549; x_wconf 89' lang='lat' dir='ltr'>comitiorum</span> <span class='ocrx_word' id='word_1_174' title='bbox 655 1509 867 1563; x_wconf 85' lang='lat' dir='ltr'>adpeteret</span> <span class='ocrx_word' id='word_1_175' title='bbox 894 1517 1076 1564; x_wconf 84' lang='lat' dir='ltr'>tempus,</span> <span class='ocrx_word' id='word_1_176' title='bbox 1105 1510 1154 1551; x_wconf 83' lang='lat' dir='ltr'>C.</span> <span class='ocrx_word' id='word_1_177' title='bbox 1180 1510 1353 1550; x_wconf 88' lang='lat' dir='ltr'>Laelius</span> <span class='ocrx_word' id='word_1_178' title='bbox 1380 1511 1522 1551; x_wconf 88' lang='lat' dir='ltr'>consul</span> <span class='ocrx_word' id='word_1_179' title='bbox 1549 1526 1599 1551; x_wconf 87' lang='lat' dir='ltr'>cX</span> 
     </span>
    </p>

    <p class='ocr_par' dir='ltr' id='par_1_10' title="bbox 194 1569 1599 1871">
     <span class='ocr_line' id='line_1_24' title="bbox 194 1569 1598 1613; baseline 0.003 -4"><span class='ocrx_word' id='word_1_180' title='bbox 194 1581 212 1609; x_wconf 68' lang='lat'>⁴2</span> <span class='ocrx_word' id='word_1_181' title='bbox 241 1569 377 1610; x_wconf 87' lang='lat' dir='ltr'>Gallia</span> <span class='ocrx_word' id='word_1_182' title='bbox 407 1570 585 1610; x_wconf 82' lang='lat' dir='ltr'>Romam</span> <span class='ocrx_word' id='word_1_183' title='bbox 616 1571 734 1611; x_wconf 90' lang='lat' dir='ltr'>redit.</span> <span class='ocrx_word' id='word_1_184' title='bbox 795 1571 830 1611; x_wconf 88' lang='lat' dir='ltr'>is</span> <span class='ocrx_word' id='word_1_185' title='bbox 862 1587 945 1612; x_wconf 88' lang='lat' dir='ltr'>non</span> <span class='ocrx_word' id='word_1_186' title='bbox 979 1572 1111 1612; x_wconf 88' lang='lat' dir='ltr'>solum</span> <span class='ocrx_word' id='word_1_187' title='bbox 1139 1586 1190 1611; x_wconf 82' lang='lat' dir='ltr'>ex</span> <span class='ocrx_word' id='word_1_188' title='bbox 1221 1573 1330 1613; x_wconf 87' lang='lat' dir='ltr'>facto</span> <span class='ocrx_word' id='word_1_189' title='bbox 1358 1573 1528 1613; x_wconf 88' lang='lat' dir='ltr'>absente</span> <span class='ocrx_word' id='word_1_190' title='bbox 1555 1588 1598 1613; x_wconf 86' lang='lat' dir='ltr'>se</span> 
     </span>
     <span class='ocr_line' id='line_1_25' title="bbox 239 1630 1599 1687; baseline 0.003 -16"><span class='ocrx_word' id='word_1_191' title='bbox 239 1638 406 1671; x_wconf 88' lang='lat' dir='ltr'>senatus</span> <span class='ocrx_word' id='word_1_192' title='bbox 440 1632 626 1673; x_wconf 91' lang='lat' dir='ltr'>consulto</span> <span class='ocrx_word' id='word_1_193' title='bbox 658 1632 699 1672; x_wconf 88' lang='lat' dir='ltr'>in</span> <span class='ocrx_word' id='word_1_194' title='bbox 733 1630 1068 1687; x_wconf 67' lang='lat' dir='ltr'>supplen&#39;ientum</span> <span class='ocrx_word' id='word_1_195' title='bbox 1095 1632 1327 1674; x_wconf 86' lang='lat' dir='ltr'>Cremonae</span> <span class='ocrx_word' id='word_1_196' title='bbox 1360 1641 1400 1674; x_wconf 79' lang='lat' dir='ltr'>et</span> <span class='ocrx_word' id='word_1_197' title='bbox 1423 1634 1599 1675; x_wconf 87' lang='lat' dir='ltr'>Placen-</span> 
     </span>
     <span class='ocr_line' id='line_1_26' title="bbox 238 1693 1599 1751; baseline 0.003 -19"><span class='ocrx_word' id='word_1_198' title='bbox 238 1693 317 1733; x_wconf 86' lang='lat' dir='ltr'>tiae</span> <span class='ocrx_word' id='word_1_199' title='bbox 344 1694 511 1734; x_wconf 89' lang='lat' dir='ltr'>colonos</span> <span class='ocrx_word' id='word_1_200' title='bbox 534 1694 716 1749; x_wconf 85' lang='lat' dir='ltr'>scripsit,</span> <span class='ocrx_word' id='word_1_201' title='bbox 745 1695 818 1735; x_wconf 88' lang='lat' dir='ltr'>sed</span> <span class='ocrx_word' id='word_1_202' title='bbox 840 1703 883 1735; x_wconf 87' lang='lat' dir='ltr'>ut</span> <span class='ocrx_word' id='word_1_203' title='bbox 902 1710 1035 1736; x_wconf 79' lang='lat' dir='ltr'>novae</span> <span class='ocrx_word' id='word_1_204' title='bbox 1056 1696 1241 1736; x_wconf 87' lang='lat' dir='ltr'>coloniae</span> <span class='ocrx_word' id='word_1_205' title='bbox 1263 1696 1367 1736; x_wconf 87' lang='lat' dir='ltr'>duae</span> <span class='ocrx_word' id='word_1_206' title='bbox 1391 1696 1433 1736; x_wconf 90' lang='lat' dir='ltr'>in</span> <span class='ocrx_word' id='word_1_207' title='bbox 1453 1711 1599 1751; x_wconf 81' lang='lat' dir='ltr'>agrum</span> 
     </span>
     <span class='ocr_line' id='line_1_27' title="bbox 238 1755 1598 1808; baseline 0.003 -14"><span class='ocrx_word' id='word_1_208' title='bbox 238 1755 308 1808; x_wconf 86' lang='lat' dir='ltr'>qui</span> <span class='ocrx_word' id='word_1_209' title='bbox 332 1755 533 1796; x_wconf 87' lang='lat' dir='ltr'>Boiorum</span> <span class='ocrx_word' id='word_1_210' title='bbox 565 1756 714 1797; x_wconf 84' lang='lat' dir='ltr'>fuisset</span> <span class='ocrx_word' id='word_1_211' title='bbox 745 1756 1066 1806; x_wconf 87' lang='lat' dir='ltr'>deducerentur,</span> <span class='ocrx_word' id='word_1_212' title='bbox 1104 1764 1144 1798; x_wconf 82' lang='lat' dir='ltr'>et</span> <span class='ocrx_word' id='word_1_213' title='bbox 1174 1757 1331 1798; x_wconf 87' lang='lat' dir='ltr'>rettulit</span> <span class='ocrx_word' id='word_1_214' title='bbox 1361 1765 1402 1798; x_wconf 76' lang='lat' dir='ltr'>et,</span> <span class='ocrx_word' id='word_1_215' title='bbox 1433 1766 1598 1799; x_wconf 87' lang='lat' dir='ltr'>auctore</span> 
     </span>
     <span class='ocr_line' id='line_1_28' title="bbox 238 1825 739 1871; baseline 0.004 -14"><span class='ocrx_word' id='word_1_216' title='bbox 238 1832 286 1858; x_wconf 93' lang='lat' dir='ltr'>eo</span> <span class='ocrx_word' id='word_1_217' title='bbox 312 1825 450 1871; x_wconf 88' lang='lat' dir='ltr'>patres</span> <span class='ocrx_word' id='word_1_218' title='bbox 477 1826 739 1859; x_wconf 87' lang='lat' dir='ltr'>censuerunt.</span> 
     </span>
    </p>

    <p class='ocr_par' dir='ltr' id='par_1_11' title="bbox 193 1880 1598 1997">
     <span class='ocr_line' id='line_1_29' title="bbox 193 1880 1597 1936; baseline 0.001 -15"><span class='ocrx_word' id='word_1_219' title='bbox 193 1892 211 1921; x_wconf 79' lang='lat'><strong>3</strong></span> <span class='ocrx_word' id='word_1_220' title='bbox 321 1880 486 1921; x_wconf 86' lang='lat' dir='ltr'>Eodem</span> <span class='ocrx_word' id='word_1_221' title='bbox 512 1888 697 1936; x_wconf 86' lang='lat' dir='ltr'>tempore</span> <span class='ocrx_word' id='word_1_222' title='bbox 727 1881 782 1921; x_wconf 89' lang='lat' dir='ltr'>L.</span> <span class='ocrx_word' id='word_1_223' title='bbox 808 1881 979 1921; x_wconf 86' lang='lat' dir='ltr'>Aemilii</span> <span class='ocrx_word' id='word_1_224' title='bbox 1009 1881 1210 1936; x_wconf 86' lang='lat' dir='ltr'>praetoris</span> <span class='ocrx_word' id='word_1_225' title='bbox 1241 1881 1402 1922; x_wconf 88' lang='lat' dir='ltr'>litterae</span> <span class='ocrx_word' id='word_1_226' title='bbox 1435 1881 1597 1922; x_wconf 84' lang='lat' dir='ltr'>adlatae</span> 
     </span>
     <span class='ocr_line' id='line_1_30' title="bbox 237 1942 1598 1997; baseline 0.001 -15"><span class='ocrx_word' id='word_1_227' title='bbox 237 1942 287 1983; x_wconf 93' lang='lat' dir='ltr'>de</span> <span class='ocrx_word' id='word_1_228' title='bbox 313 1942 451 1983; x_wconf 73' lang='lat' dir='ltr'>navali</span> <span class='ocrx_word' id='word_1_229' title='bbox 482 1958 624 1997; x_wconf 82' lang='lat' dir='ltr'>pugna</span> <span class='ocrx_word' id='word_1_230' title='bbox 655 1943 707 1983; x_wconf 89' lang='lat' dir='ltr'>ad</span> <span class='ocrx_word' id='word_1_231' title='bbox 732 1943 1016 1997; x_wconf 74' lang='lat' dir='ltr'>Myonnesum</span> <span class='ocrx_word' id='word_1_232' title='bbox 1047 1944 1176 1992; x_wconf 85' lang='lat' dir='ltr'>facta,</span> <span class='ocrx_word' id='word_1_233' title='bbox 1214 1951 1252 1983; x_wconf 92' lang='lat' dir='ltr'>et</span> <span class='ocrx_word' id='word_1_234' title='bbox 1278 1944 1331 1984; x_wconf 85' lang='lat' dir='ltr'>L.</span> <span class='ocrx_word' id='word_1_235' title='bbox 1360 1942 1598 1997; x_wconf 87' lang='lat' dir='ltr'>Scipionem</span> 
     </span>
    </p>

    <p class='ocr_par' dir='ltr' id='par_1_12' title="bbox 193 2004 1598 2184">
     <span class='ocr_line' id='line_1_31' title="bbox 193 2004 1596 2046; baseline 0.001 -3"><span class='ocrx_word' id='word_1_236' title='bbox 193 2015 212 2042; x_wconf 81' lang='lat'>4</span> <span class='ocrx_word' id='word_1_237' title='bbox 238 2004 450 2045; x_wconf 81' lang='lat' dir='ltr'>consulein</span> <span class='ocrx_word' id='word_1_238' title='bbox 475 2005 517 2045; x_wconf 90' lang='lat' dir='ltr'>in</span> <span class='ocrx_word' id='word_1_239' title='bbox 531 2005 681 2045; x_wconf 76' lang='lat' dir='ltr'>Asiam</span> <span class='ocrx_word' id='word_1_240' title='bbox 707 2005 932 2046; x_wconf 80' lang='lat' dir='ltr'>exercitum</span> <span class='ocrx_word' id='word_1_241' title='bbox 959 2005 1184 2046; x_wconf 87' lang='lat' dir='ltr'>traiecisse.</span> <span class='ocrx_word' id='word_1_242' title='bbox 1223 2005 1416 2046; x_wconf 83' lang='lat' dir='ltr'>victoriae</span> <span class='ocrx_word' id='word_1_243' title='bbox 1437 2005 1596 2045; x_wconf 79' lang='lat' dir='ltr'>navalis</span> 
     </span>
     <span class='ocr_line' id='line_1_32' title="bbox 237 2066 1595 2121; baseline 0.001 -15"><span class='ocrx_word' id='word_1_244' title='bbox 237 2081 335 2120; x_wconf 83' lang='lat' dir='ltr'>ergo</span> <span class='ocrx_word' id='word_1_245' title='bbox 366 2066 408 2107; x_wconf 91' lang='lat' dir='ltr'>in</span> <span class='ocrx_word' id='word_1_246' title='bbox 440 2067 549 2107; x_wconf 88' lang='lat' dir='ltr'>diem</span> <span class='ocrx_word' id='word_1_247' title='bbox 579 2082 709 2107; x_wconf 89' lang='lat' dir='ltr'>unum</span> <span class='ocrx_word' id='word_1_248' title='bbox 741 2067 986 2121; x_wconf 86' lang='lat' dir='ltr'>supplicatio</span> <span class='ocrx_word' id='word_1_249' title='bbox 1020 2068 1185 2108; x_wconf 87' lang='lat' dir='ltr'>decreta</span> <span class='ocrx_word' id='word_1_250' title='bbox 1225 2074 1305 2115; x_wconf 88' lang='lat' dir='ltr'>est,</span> <span class='ocrx_word' id='word_1_251' title='bbox 1344 2066 1385 2106; x_wconf 92' lang='lat' dir='ltr'>in</span> <span class='ocrx_word' id='word_1_252' title='bbox 1422 2067 1595 2107; x_wconf 86' lang='lat' dir='ltr'>alterum</span> 
     </span>
     <span class='ocr_line' id='line_1_33' title="bbox 237 2128 1598 2184; baseline 0.002 -17"><span class='ocrx_word' id='word_1_253' title='bbox 237 2128 366 2177; x_wconf 90' lang='lat' dir='ltr'>diem,</span> <span class='ocrx_word' id='word_1_254' title='bbox 405 2129 517 2182; x_wconf 89' lang='lat' dir='ltr'>quod</span> <span class='ocrx_word' id='word_1_255' title='bbox 542 2130 745 2170; x_wconf 79' lang='lat' dir='ltr'>exereitus</span> <span class='ocrx_word' id='word_1_256' title='bbox 772 2130 987 2170; x_wconf 80' lang='lat' dir='ltr'>Romanus</span> <span class='ocrx_word' id='word_1_257' title='bbox 1015 2137 1100 2170; x_wconf 89' lang='lat' dir='ltr'>tum</span> <span class='ocrx_word' id='word_1_258' title='bbox 1126 2128 1303 2183; x_wconf 86' lang='lat' dir='ltr'>primum</span> <span class='ocrx_word' id='word_1_259' title='bbox 1328 2129 1369 2168; x_wconf 91' lang='lat' dir='ltr'>in</span> <span class='ocrx_word' id='word_1_260' title='bbox 1395 2129 1501 2170; x_wconf 83' lang='lat' dir='ltr'>Asia</span> <span class='ocrx_word' id='word_1_261' title='bbox 1524 2145 1598 2184; x_wconf 92' lang='lat' dir='ltr'>po-</span> 
     </span>
    </p>

    <p class='ocr_par' dir='ltr' id='par_1_13' title="bbox 193 2190 1598 2369">
     <span class='ocr_line' id='line_1_34' title="bbox 193 2190 1598 2246; baseline 0.001 -15"><span class='ocrx_word' id='word_1_262' title='bbox 193 2203 211 2231; x_wconf 81' lang='grc'>5</span> <span class='ocrx_word' id='word_1_263' title='bbox 238 2190 390 2230; x_wconf 83' lang='lat' dir='ltr'>suisset</span> <span class='ocrx_word' id='word_1_264' title='bbox 415 2200 570 2240; x_wconf 86' lang='lat' dir='ltr'>castra,</span> <span class='ocrx_word' id='word_1_265' title='bbox 596 2198 642 2231; x_wconf 90' lang='lat' dir='ltr'>ut</span> <span class='ocrx_word' id='word_1_266' title='bbox 668 2206 717 2232; x_wconf 86' lang='lat' dir='ltr'>ea</span> <span class='ocrx_word' id='word_1_267' title='bbox 740 2206 806 2232; x_wconf 89' lang='lat' dir='ltr'>res</span> <span class='ocrx_word' id='word_1_268' title='bbox 832 2207 1032 2246; x_wconf 83' lang='lat' dir='ltr'>prospera</span> <span class='ocrx_word' id='word_1_269' title='bbox 1057 2199 1097 2232; x_wconf 86' lang='lat' dir='ltr'>et</span> <span class='ocrx_word' id='word_1_270' title='bbox 1121 2192 1229 2231; x_wconf 84' lang='lat' dir='ltr'>laeta</span> <span class='ocrx_word' id='word_1_271' title='bbox 1254 2191 1450 2232; x_wconf 73' lang='lat' dir='ltr'>eveniret.</span> <span class='ocrx_word' id='word_1_272' title='bbox 1489 2191 1598 2232; x_wconf 83' lang='lat' dir='ltr'>vice-</span> 
     </span>
     <span class='ocr_line' id='line_1_35' title="bbox 235 2252 1595 2308; baseline 0.002 -17"><span class='ocrx_word' id='word_1_273' title='bbox 235 2252 299 2291; x_wconf 88' lang='lat' dir='ltr'>nis</span> <span class='ocrx_word' id='word_1_274' title='bbox 326 2252 549 2293; x_wconf 81' lang='lat' dir='ltr'>maioribus</span> <span class='ocrx_word' id='word_1_275' title='bbox 576 2253 721 2294; x_wconf 88' lang='lat' dir='ltr'>hostiis</span> <span class='ocrx_word' id='word_1_276' title='bbox 747 2255 789 2293; x_wconf 90' lang='lat' dir='ltr'>in</span> <span class='ocrx_word' id='word_1_277' title='bbox 812 2254 995 2307; x_wconf 78' lang='lat' dir='ltr'>singulas</span> <span class='ocrx_word' id='word_1_278' title='bbox 1020 2253 1342 2308; x_wconf 86' lang='lat' dir='ltr'>supplicationes</span> <span class='ocrx_word' id='word_1_279' title='bbox 1366 2253 1595 2294; x_wconf 86' lang='lat' dir='ltr'>sacrificare</span> 
     </span>
     <span class='ocr_line' id='line_1_36' title="bbox 237 2314 1597 2369; baseline 0.001 -16"><span class='ocrx_word' id='word_1_280' title='bbox 237 2314 381 2354; x_wconf 84' lang='lat' dir='ltr'>consul</span> <span class='ocrx_word' id='word_1_281' title='bbox 412 2322 476 2355; x_wconf 83' lang='lat' dir='ltr'>est</span> <span class='ocrx_word' id='word_1_282' title='bbox 504 2314 657 2356; x_wconf 87' lang='lat' dir='ltr'>iussus.</span> <span class='ocrx_word' id='word_1_283' title='bbox 725 2316 821 2356; x_wconf 86' lang='lat' dir='ltr'>inde</span> <span class='ocrx_word' id='word_1_284' title='bbox 853 2315 1085 2356; x_wconf 86' lang='lat' dir='ltr'>consularia</span> <span class='ocrx_word' id='word_1_285' title='bbox 1117 2315 1280 2356; x_wconf 83' lang='lat' dir='ltr'>comitia</span> <span class='ocrx_word' id='word_1_286' title='bbox 1312 2330 1464 2369; x_wconf 84' lang='lat' dir='ltr'>magna</span> <span class='ocrx_word' id='word_1_287' title='bbox 1501 2329 1597 2356; x_wconf 91' lang='lat' dir='ltr'>con-</span> 
     </span>
    </p>

    <p class='ocr_par' dir='ltr' id='par_1_14' title="bbox 193 2375 1597 2553">
     <span class='ocr_line' id='line_1_37' title="bbox 193 2375 1597 2432; baseline 0.001 -16"><span class='ocrx_word' id='word_1_288' title='bbox 193 2388 210 2416; x_wconf 82' lang='grc'>6</span> <span class='ocrx_word' id='word_1_289' title='bbox 238 2375 417 2416; x_wconf 88' lang='lat' dir='ltr'>tentione</span> <span class='ocrx_word' id='word_1_290' title='bbox 450 2376 603 2417; x_wconf 86' lang='lat' dir='ltr'>habita.</span> <span class='ocrx_word' id='word_1_291' title='bbox 663 2377 725 2418; x_wconf 89' lang='lat' dir='ltr'>M.</span> <span class='ocrx_word' id='word_1_292' title='bbox 752 2378 958 2418; x_wconf 83' lang='lat' dir='ltr'>Aemilius</span> <span class='ocrx_word' id='word_1_293' title='bbox 990 2378 1179 2432; x_wconf 81' lang='lat' dir='ltr'>Lepidus</span> <span class='ocrx_word' id='word_1_294' title='bbox 1216 2379 1385 2432; x_wconf 85' lang='lat' dir='ltr'>petebat</span> <span class='ocrx_word' id='word_1_295' title='bbox 1421 2377 1597 2418; x_wconf 82' lang='lat' dir='ltr'>adversa</span> 
     </span>
     <span class='ocr_line' id='line_1_38' title="bbox 237 2438 1594 2495; baseline 0.002 -19"><span class='ocrx_word' id='word_1_296' title='bbox 237 2439 419 2478; x_wconf 89' lang='lat' dir='ltr'>onmium</span> <span class='ocrx_word' id='word_1_297' title='bbox 451 2438 581 2488; x_wconf 85' lang='lat' dir='ltr'>fama,</span> <span class='ocrx_word' id='word_1_298' title='bbox 621 2440 732 2492; x_wconf 87' lang='lat' dir='ltr'>quod</span> <span class='ocrx_word' id='word_1_299' title='bbox 762 2439 1018 2495; x_wconf 73' lang='lat' dir='ltr'>provinciam</span> <span class='ocrx_word' id='word_1_300' title='bbox 1051 2439 1237 2480; x_wconf 80' lang='lat' dir='ltr'>Siciliam</span> <span class='ocrx_word' id='word_1_301' title='bbox 1266 2439 1434 2493; x_wconf 87' lang='lat' dir='ltr'>petendi</span> <span class='ocrx_word' id='word_1_302' title='bbox 1472 2453 1594 2479; x_wconf 83' lang='lat' dir='ltr'>causa</span> 
     </span>
     <span class='ocr_line' id='line_1_39' title="bbox 237 2500 1593 2553; baseline 0.002 -17"><span class='ocrx_word' id='word_1_303' title='bbox 237 2512 318 2537; x_wconf 89' lang='lat' dir='ltr'>non</span> <span class='ocrx_word' id='word_1_304' title='bbox 350 2500 538 2541; x_wconf 86' lang='lat' dir='ltr'>consulto</span> <span class='ocrx_word' id='word_1_305' title='bbox 565 2508 730 2549; x_wconf 86' lang='lat' dir='ltr'>senatu,</span> <span class='ocrx_word' id='word_1_306' title='bbox 757 2512 800 2542; x_wconf 90' lang='lat' dir='ltr'>ut</span> <span class='ocrx_word' id='word_1_307' title='bbox 828 2501 905 2542; x_wconf 87' lang='lat' dir='ltr'>sibi</span> <span class='ocrx_word' id='word_1_308' title='bbox 931 2502 974 2541; x_wconf 88' lang='lat' dir='ltr'>id</span> <span class='ocrx_word' id='word_1_309' title='bbox 998 2502 1135 2542; x_wconf 88' lang='lat' dir='ltr'>facere</span> <span class='ocrx_word' id='word_1_310' title='bbox 1160 2501 1321 2548; x_wconf 89' lang='lat' dir='ltr'>liceret,</span> <span class='ocrx_word' id='word_1_311' title='bbox 1347 2500 1593 2553; x_wconf 83' lang='lat' dir='ltr'>reliquisset.</span> 
     </span>
    </p>

    <p class='ocr_par' dir='ltr' id='par_1_15' title="bbox 196 2559 1592 2614">
     <span class='ocr_line' id='line_1_40' title="bbox 196 2559 1592 2614; baseline 0.004 -14"><span class='ocrx_word' id='word_1_312' title='bbox 196 2572 208 2600; x_wconf 73' lang='grc'><em>7</em></span> <span class='ocrx_word' id='word_1_313' title='bbox 238 2560 432 2613; x_wconf 84' lang='lat' dir='ltr'>petebant</span> <span class='ocrx_word' id='word_1_314' title='bbox 453 2575 545 2601; x_wconf 89' lang='lat' dir='ltr'>cum</span> <span class='ocrx_word' id='word_1_315' title='bbox 567 2577 615 2602; x_wconf 88' lang='lat' dir='ltr'>eo</span> <span class='ocrx_word' id='word_1_316' title='bbox 629 2563 691 2603; x_wconf 84' lang='lat' dir='ltr'>M.</span> <span class='ocrx_word' id='word_1_317' title='bbox 705 2564 878 2603; x_wconf 70' lang='lat' dir='ltr'>Fulvius</span> <span class='ocrx_word' id='word_1_318' title='bbox 892 2564 1091 2612; x_wconf 81' lang='lat' dir='ltr'>Nobilior,</span> <span class='ocrx_word' id='word_1_319' title='bbox 1115 2562 1192 2603; x_wconf 89' lang='lat' dir='ltr'>Cn.</span> <span class='ocrx_word' id='word_1_320' title='bbox 1207 2562 1392 2602; x_wconf 81' lang='lat' dir='ltr'>Manlius</span> <span class='ocrx_word' id='word_1_321' title='bbox 1410 2559 1592 2614; x_wconf 55' lang='lat' dir='ltr'>[Volso]</span> 
     </span>
    </p>
   </div>
  </div>
 </body>
</html>
