1799 2900
274 134 357 176 428
588 144 740 178 LIBER
764 145 929 189 XXXX,
955 145 1055 180 5-7,
1083 147 1323 192 [11110172]

210 259 244 288 11
275 246 445 287 sociatio
478 247 613 300 gentis
647 246 734 287 eius
769 247 951 288 animum
982 249 1107 304 regis.
1174 258 1260 291 tum
1291 252 1474 294 Perseus
1513 253 1630 306 ‘quid

272 308 352 349 ista
388 308 605 362 prosunt?
642 308 787 361 inquit.
854 313 1135 364 ‘nequaquam
1172 319 1332 354 tantum
1369 314 1410 354 in
1447 315 1627 356 externis

273 369 432 410 auxiliis
467 378 530 411 est
562 370 759 425 praesidii
791 379 990 424 quantum
1016 374 1184 428 periculi
1210 374 1354 417 fraude
1387 377 1627 418 domestica.

208 445 245 474 12
270 432 525 487 proditorem
556 432 651 473 nolo
684 433 838 482 dicere,
877 443 987 475 certe
1024 437 1326 490 speculatorem
1358 439 1559 480 habemus
1586 441 1627 480 in

271 495 382 544 sinu,
409 495 546 543 euius,
579 510 630 535 ex
656 510 736 548 quo
763 496 885 536 obses
912 496 1071 538 Romae
1097 498 1186 547 fuit,
1214 514 1362 554 eorpus
1390 502 1509 542 nobis
1535 502 1628 542 red-

207 567 244 596 13
270 556 461 597 diderunt
492 557 691 606 Romani,
730 557 912 598 animum
942 559 1022 613 ipsi
1054 559 1219 602 habent.
1281 563 1464 603 omnium
1494 579 1627 618 paene

269 618 554 660 Macedonum
590 620 631 660 in
670 635 764 660 eum
802 636 873 661 ora
905 636 1107 663 conversa
1138 632 1251 672 sunt,
1290 640 1366 664 nec
1402 641 1545 679 regem
1583 642 1628 667 se

269 681 395 721 alium
417 682 531 722 aiunt
556 682 769 724 habituros
792 698 884 724 esse
906 698 1028 737 quam
1050 699 1170 738 quem
1186 686 1364 727 Romani
1386 687 1626 729 dedissent.'

204 753 243 783 14
269 743 333 784 his
359 759 433 799 per
460 760 504 785 se
529 760 655 800 aegra
680 761 799 787 mens
827 746 937 787 senis
965 747 1254 788 stimulabatur
1271 757 1310 789 et
1336 749 1473 790 animo
1494 750 1627 805 magis

267 820 392 859 quam
419 807 533 848 vultu
559 822 609 848 ea
634 808 805 848 crimina
831 809 1070 863 accipiebat.

226 878 239 906 1
352 869 429 911 VI.
477 870 604 910 Forte
630 870 834 911 lustrandi
859 871 1064 913 exereitus
1097 872 1265 913 advenit
1290 880 1473 928 tempus,
1512 873 1627 915 cuius

267 931 467 972 sollemne
499 940 563 973 est
593 932 693 973 tale:
732 942 855 988 caput
886 934 1046 974 mediae
1080 935 1192 975 canis
1218 936 1429 989 praecisae
1462 944 1500 976 et
1531 952 1627 991 pars

267 993 320 1034 ad
345 994 551 1043 dextram,
589 1009 684 1035 cum
709 995 815 1037 extis
842 996 1045 1050 posterior
1069 997 1122 1037 ad
1147 997 1309 1037 laevam
1334 998 1424 1039 viae
1450 999 1627 1053 ponitur,

222 1066 240 1095 2
266 1055 372 1096 inter
398 1056 504 1097 hanc
536 1057 712 1098 divisam
745 1057 924 1099 hostiam
956 1059 1098 1113 copiae
1130 1068 1311 1101 armatae
1344 1061 1626 1102 traducuntur.

265 1119 555 1172 praeferuntur
579 1120 713 1174 primo
745 1120 900 1174 agmini
931 1136 1046 1161 arma
1070 1120 1251 1175 insignia
1281 1122 1464 1163 omnium
1490 1124 1542 1164 ab
1568 1123 1629 1163 ul-

266 1181 366 1221 tima
403 1181 560 1235 origine
597 1182 873 1223 Blaeedoniae
910 1198 1076 1237 regum,
1115 1184 1262 1224 deinde
1299 1200 1371 1225 rex
1407 1185 1496 1239 ipse
1534 1200 1627 1226 cum

222 1251 240 1280 3
265 1241 406 1283 liberis
445 1243 648 1296 sequitur,
687 1244 877 1298 proxima
913 1253 975 1285 est
1012 1246 1127 1299 regia
1164 1245 1311 1286 cohors
1350 1247 1626 1300 custodesque

266 1304 469 1358 corporis,
496 1314 752 1359 postremum
779 1321 927 1360 agmen
948 1306 1228 1347 Macedonum
1251 1315 1386 1348 cetera
1406 1308 1626 1349 multitudo

220 1376 239 1404 4
266 1366 431 1407 claudit.
486 1367 617 1407 latera
641 1367 751 1422 regis
778 1368 858 1409 duo
884 1368 955 1408 filii
980 1368 1150 1409 iuvenes
1178 1369 1417 1423 cingebant,
1442 1370 1624 1411 Perseus

264 1427 347 1468 iam
384 1428 638 1469 tricesimum
675 1444 829 1469 annum
865 1444 1015 1483 agens,
1064 1430 1305 1471 Demetrius
1345 1431 1626 1485 quinquennio

263 1490 417 1538 minor,
456 1491 592 1531 medio
629 1491 821 1531 iuventae
857 1492 1005 1532 robore
1043 1491 1130 1540 ille,
1170 1491 1236 1532 hic
1271 1493 1390 1542 flore,
1427 1494 1626 1535 fortunati

219 1562 238 1591 5
263 1552 391 1606 patris
418 1560 580 1593 matura
607 1553 793 1601 suboles,
821 1553 855 1593 si
880 1568 998 1594 mens
1026 1569 1127 1594 sana
1153 1563 1276 1595 esset.
1336 1570 1426 1596 mos
1454 1564 1539 1596 erat
1564 1556 1627 1596 lu-

264 1613 474 1654 strationis
513 1628 630 1655 sacro
666 1623 833 1668 peraeto
877 1615 1093 1656 decurrere
1132 1616 1357 1657 exereitum
1394 1624 1433 1657 et
1470 1617 1625 1658 divisas

262 1675 453 1715 bifariam
493 1676 595 1716 duas
634 1676 743 1717 acies
782 1689 1039 1717 concurrere·
1063 1677 1114 1718 ad
1147 1678 1412 1718 simulacrum
1443 1694 1623 1734 pugnae.

218 1748 236 1777 6
261 1737 365 1791 regii
390 1737 561 1778 iuvenes
588 1738 714 1779 duces
736 1739 773 1780 01
797 1739 954 1780 ludicro
976 1739 1189 1780 certamini
1210 1740 1313 1789 dati3
1341 1748 1522 1781 ceterum
1541 1756 1625 1782 non

261 1799 399 1853 imago
431 1799 507 1840 fuit
538 1815 723 1855 pugnae,
763 1801 838 1842 sed
867 1810 1078 1854 tamquam
1110 1802 1159 1842 de
1186 1817 1314 1856 regno
1347 1803 1622 1853 dimicaretur,

261 1861 317 1902 ita
333 1870 646 1911 concurrerunt,
668 1862 879 1915 multaque
894 1863 1065 1903 vulnera
1079 1864 1250 1903 rudibus
1266 1864 1393 1911 facta,
1415 1879 1490 1905 nec
1505 1880 1621 1919 prae-

219 1935 236 1963 7
264 1932 324 1964 101
349 1924 505 1964 ferrum
530 1924 751 1978 quicquam
777 1925 908 1965 defuit
933 1925 986 1965 ad
1006 1925 1157 1966 iustam
1176 1925 1273 1966 belli
1295 1926 1488 1980 speciem.
1525 1942 1621 1981 pars

261 2001 330 2035 ea,
357 2000 462 2039 quae
483 1987 560 2027 sub
579 1987 796 2028 Demetrio
819 1995 918 2036 erat,
945 1988 1067 2042 longe
1091 1988 1277 2042 superior
1298 1988 1386 2029 fuit.
1436 1989 1478 2028 id
1499 2004 1621 2043 aegre

258 2048 441 2103 patiente
466 2049 624 2090 Perseo
649 2049 793 2090 laetari
817 2050 1041 2105 prudentes
1069 2050 1188 2090 amici
1221 2050 1307 2091 eius
1335 2065 1509 2103 eamque
1534 2067 1622 2092 rem

258 2111 393 2165 ipsam
419 2111 554 2152 dicere
581 2112 861 2166 praebituram
887 2127 1056 2153 causam
1083 2112 1325 2153 criminandi
1351 2114 1527 2154 iuvenis.

218 2184 232 2212 1
343 2173 444 2216 VII.
495 2172 745 2214 Convivium
772 2189 819 2215 00
846 2174 911 2215 die
938 2175 1159 2223 sodalium,
1187 2175 1256 2227 qui
1283 2175 1404 2215 simul
1431 2176 1621 2216 decurre—

258 2242 368 2284 rant,
395 2243 566 2289 uterque
592 2235 753 2284 habuit,
781 2252 874 2276 011111
900 2244 1070 2278 vocatus
1098 2237 1151 2277 ad
1172 2252 1317 2277 cenam
1338 2238 1388 2277 ab
1402 2238 1619 2279 Demetrio

214 2306 233 2335 2
258 2295 441 2337 Perseus
466 2306 676 2352 negasset.
725 2298 833 2339 sesto
858 2299 923 2339 die
951 2299 1131 2353 benigna
1156 2299 1343 2340 invitatio
1370 2309 1409 2340 et
1435 2300 1618 2341 hilaritas

216 2369 234 2398 3
259 2357 461 2399 iuvenalis
499 2371 695 2412 utrosque
733 2360 775 2400 in
813 2361 955 2401 vinum
992 2361 1127 2401 traxit.
1195 2362 1532 2402 commemoratio
1563 2362 1619 2403 ibi

260 2420 494 2461 certaminis
531 2421 677 2462 ludicri
710 2430 751 2462 et
780 2422 921 2463 iocosa
953 2423 1062 2463 dicta
1092 2423 1133 2463 in
1166 2423 1445 2473 adversarios,
1488 2423 1545 2464 ita
1574 2431 1618 2464 ut

215 2491 235 2520 4
259 2495 310 2520 ne
346 2482 447 2535 ipsis
486 2483 652 2535 quidem
690 2484 864 2525 ducibus
901 2484 1196 2534 abstineretur,
1233 2485 1505 2526 iactabantur.
1566 2485 1618 2525 ad

261 2541 335 2581 has
362 2544 626 2597 excipiendas
654 2560 775 2587 voces
803 2547 1038 2601 speculator
1064 2562 1114 2587 ex
1140 2547 1325 2587 convivis
1349 2547 1494 2588 Persei
1520 2546 1618 2587 mis-

263 2617 332 2643 sus
370 2618 463 2644 cum
499 2606 701 2648 incautior
744 2609 1052 2658 obversaretur,
1102 2616 1300 2663 exceptus
1338 2624 1362 2649 a
1398 2608 1616 2649 iuvenibus
