1799 2900
478 155 630 190 LIBER
654 155 822 199 XXXX,
849 156 902 190 35.
922 155 975 189 36.
1005 154 1204 199 [a.o.1so]
1439 144 1523 185 450

174 264 292 310 bant,
330 261 372 300 in
402 260 465 299 ius
499 259 785 312 dicionemque
817 266 1035 307 venerunt,
1072 257 1287 299 ulteriores
1319 257 1362 297 in
1398 256 1522 297 armis

177 331 284 364 sunt.
345 337 449 376 quae
476 336 569 362 cum
599 323 656 362 ita
682 322 780 370 sint,
814 336 891 376 ego
923 321 1005 361 iam
1035 321 1131 361 hinc
1160 320 1353 375 praedico
1384 327 1522 374 patres

175 384 415 439 conscripti,
454 399 520 424 me
547 383 729 424 exercitu
756 399 823 431 eo,
857 383 926 436 qui
951 397 1060 423 nunc
1086 391 1167 431 est,
1203 397 1290 423 rem
1315 382 1524 436 publicam

176 447 573 493 administratmum;
602 446 636 485 si
655 446 830 486 deducat
853 460 994 486 secum
1007 445 1183 485 Flaccus
1210 445 1408 499 legiones,
1434 444 1526 484 loca

174 517 322 564 pacata
347 523 412 549 me
439 509 491 548 ad
510 508 778 548 hibernacula
802 507 1003 548 lecturum
1024 521 1158 560 neque
1178 522 1332 548 novum
1354 506 1524 547 militem

174 571 432 612 :ferocissimo
459 570 566 611 hosti
592 569 875 611 obiecturum?

259 633 483 675 XXXVI.
521 634 712 687 Legatus
739 633 791 673 ad
816 647 877 681 ea,
904 646 1009 685 quac
1034 631 1311 686 interrogatus
1338 640 1436 680 erat,
1462 646 1526 671 re-

176 696 354 750 spondit,
381 711 513 748 neque
542 711 585 736 se
610 710 743 748 neque
764 708 1013 747 quemquam
1034 693 1157 733 alium
1179 693 1362 734 divinare
1388 707 1525 748 posse,

175 759 273 810 quid
293 759 334 798 in
349 758 485 798 animo
503 756 701 798 Celtiberi
721 757 922 797 haberent
943 763 1011 796 aut
1032 771 1154 810 porro
1175 756 1354 796 habituri
1375 764 1526 796 essent.

174 821 313 873 itaque
340 836 493 875 negare
519 836 602 861 non
627 835 769 874 posse,
798 819 895 872 quin
919 819 1071 859 rectius
1099 818 1151 859 sit
1177 819 1299 859 etiam
1326 819 1379 858 ad
1404 832 1527 872 paca-

175 892 237 923 tos
264 884 484 931 barbaros,
517 883 701 923 nondum
728 882 827 923 satis
855 883 1050 923 adsuetos
1076 882 1267 937 imperio,
1301 882 1526 922 exercitum

172 945 292 985 mitti.
341 960 448 986 novo
476 953 611 986 autem
639 961 691 985 an
716 952 854 985 vetere
881 944 1064 985 exercitu
1090 960 1192 999 opus
1221 945 1290 993 sit,
1319 944 1405 984 eius
1433 959 1525 984 esse

174 1008 310 1047 dicere
336 1008 404 1060 qui
427 1008 531 1048 scire
556 1008 700 1062 possit,
728 1021 808 1060 qua
832 1007 913 1047 fide
930 1006 1131 1047 Celtiberi
1155 1007 1195 1047 in
1220 1021 1323 1062 pace
1343 1007 1528 1047 mansuri

175 1069 268 1118 sint,
297 1070 418 1109 simul
445 1078 483 1110 et
510 1071 580 1123 qui
604 1070 705 1110 illud
731 1070 991 1124 exploratum
1018 1069 1186 1117 habeat,
1215 1069 1425 1122 quieturos
1451 1069 1527 1108 mi-

173 1133 287 1181 lites,
316 1133 349 1172 si
376 1133 527 1173 (liutius
553 1133 594 1173 in
621 1133 833 1187 provincia
859 1133 1128 1172 retineantur.
1191 1132 1225 1173 si
1251 1147 1302 1172 ex
1328 1148 1389 1181 eo,
1417 1133 1526 1185 quod

173 1202 244 1234 aut
268 1195 373 1234 inter
400 1210 443 1235 se
468 1195 690 1246 loquantur
716 1202 785 1234 aut
812 1194 1208 1234 subclamationibus
1237 1194 1346 1248 apud
1373 1194 1529 1233 contio-

172 1264 340 1297 nantem
365 1257 657 1310 imperatorem
684 1256 937 1310 signifieent,
965 1255 1063 1308 quid
1090 1255 1269 1296 sentiant
1295 1256 1528 1296 coniectan-

173 1319 271 1358 dum
297 1318 361 1367 sit,
386 1319 524 1373 palam
550 1318 798 1359 vociferatos
822 1333 927 1362 esse.
955 1326 1025 1358 aut
1049 1318 1341 1372 imperatorem
1366 1318 1409 1358 in
1434 1334 1528 1372 pro-

173 1381 308 1420 vincia
343 1388 573 1421 retenturos
614 1390 683 1420 aut
715 1394 806 1419 cum
839 1395 887 1420 eo
918 1380 960 1420 in
992 1380 1155 1421 Italiam
1192 1388 1388 1421 venturos
1421 1396 1526 1421 esse.

173 1442 514 1496 disceptationem
540 1443 645 1483 inter
669 1450 902 1496 praetorem
928 1442 1194 1496 legatumque
1222 1443 1439 1483 consulum
1463 1458 1527 1483 rc-

172 1504 270 1545 latio
295 1505 532 1559 interrupit,
566 1504 635 1557 qui
661 1519 756 1544 suas
785 1504 921 1544 ornari
947 1505 1181 1559 provincias
1208 1504 1449 1558 priusquam
1477 1505 1527 1545 de

172 1567 374 1621 praetoris
413 1567 596 1606 exercitu
634 1575 826 1620 ageretur
864 1580 1042 1619 aequum
1081 1568 1320 1607 censebant.
1391 1581 1525 1607 novus

173 1629 306 1669 omnis
334 1629 538 1669 exercitus
571 1628 810 1669 consulibus
843 1636 905 1669 est
939 1629 1148 1677 decretus,
1187 1628 1308 1669 binae
1340 1629 1526 1683 legiones

173 1691 388 1732 Romanae
427 1705 518 1730 cum
558 1706 632 1731 suo
670 1691 853 1743 equitatu
891 1699 929 1731 et
974 1691 1131 1731 socium
1168 1691 1310 1730 Latini
1347 1691 1524 1732 nominis

174 1761 351 1805 quantus
373 1768 536 1807 semper
556 1769 767 1801 numerus,
791 1753 1025 1805 quindecim
1045 1753 1158 1793 milia
1176 1753 1374 1807 peditum,
1397 1754 1526 1794 octin-

174 1815 287 1869 genti
319 1816 490 1867 equites.
552 1829 645 1855 cum
678 1816 756 1855 1100
788 1815 970 1855 exercitu
996 1815 1186 1869 Apuanis
1219 1815 1449 1869 Liguribus
1482 1824 1527 1856 ut

174 1877 327 1917 bellum
353 1877 552 1918 inferrent
578 1878 819 1917 mandatum
840 1885 915 1918 est.
952 1877 1002 1918 P.
1020 1876 1215 1918 Cornelio
1237 1886 1275 1918 et
1290 1877 1351 1918 M.
1366 1878 1527 1919 Baebio

173 1947 442 1993 prorogatum
462 1939 679 1994 imperium
700 1940 884 1992 iussique
912 1940 1146 1993 provincias
1169 1939 1366 1988 obtinere,
1396 1940 1527 1980 donec

174 2002 364 2042 consules
392 2002 622 2051 venissent3
650 2010 737 2041 tum
762 2002 1022 2055 imperatum,
1050 2011 1092 2041 ut
1115 2001 1286 2042 dimisso
1307 2016 1429 2053 quem
1455 2002 1527 2042 lia-

174 2063 318 2103 berent
343 2064 525 2103 exercitu
549 2071 853 2104 reverterentur
875 2064 1067 2105 Romam.
1122 2064 1172 2104 dc
1199 2063 1264 2103 Ti.
1292 2063 1526 2118 Sempronii

175 2124 322 2164 deinde
348 2125 530 2165 exercitu
556 2135 693 2166 actum
724 2134 799 2166 cst.
861 2141 1012 2166 novam
1045 2125 1251 2179 legionem
1284 2125 1320 2165 ei
1346 2125 1526 2178 quinque

174 2186 332 2226 milium
353 2194 391 2226 et
414 2187 681 2227 ducentorum
703 2189 887 2242 peditum
909 2203 1000 2227 cum
1023 2188 1229 2240 equitibus
1250 2188 1528 2241 quadringen-

175 2248 226 2288 tis
253 2249 443 2289 eonsules
465 2250 643 2290 scribere
665 2250 779 2297 iussi,
807 2258 845 2290 et
871 2250 981 2290 mille
1006 2260 1221 2304 praeterea
1244 2249 1429 2303 peditum
1443 2250 1529 2290 Ro-

176 2325 404 2359 manorum,
432 2311 731 2365 quinquaginta
757 2312 935 2364 equites,
964 2321 1003 2352 et
1029 2312 1152 2351 sociis
1180 2311 1358 2351 nominis
1385 2312 1526 2352 Latini

175 2372 377 2426 imperare
405 2380 564 2426 septem
596 2373 708 2413 milia
738 2374 942 2428 peditum,
970 2382 1175 2414 trecentos
1203 2373 1375 2426 equites,
1432 2388 1526 2414 cum

176 2434 253 2474 1100
285 2435 465 2475 exercitu
497 2435 562 2475 Ti.
591 2435 883 2489 Sempronium
920 2437 978 2476 ire
1014 2436 1057 2476 in
1088 2436 1338 2491 Hispaniam
1374 2437 1529 2491 placuit

176 2495 418 2536 citeriorem.
459 2496 512 2548 Q.
535 2497 685 2537 Fulvio
712 2499 973 2552 permissum,
999 2506 1045 2538 ut
1071 2498 1139 2551 qui
1165 2499 1314 2539 milites
1338 2508 1431 2539 ante
1452 2498 1525 2553 Sp.

174 2559 449 2607 Postumium,
478 2559 531 2610 Q.
546 2559 753 2600 Marcium
774 2561 964 2602 consules
986 2561 1096 2601 cives
1110 2561 1290 2602 Romani
1313 2562 1464 2602 sociive
1485 2562 1527 2602 in

175 2620 426 2674 Hispaniam
452 2622 719 2676 transportati
745 2631 903 2671 essent,
932 2630 973 2664 et
996 2630 1210 2678 praetcrea
1236 2623 1526 2679 supplemento

1552 331 1589 361 11

1553 828 1570 856 Na

1555 2511 1596 2540 10
