1799 2900
466 155 620 189 LIBER
644 156 849 200 xxxnn,
875 156 906 190 5.
928 156 958 190 6.
987 155 1184 199 [a.,C.195]
1428 146 1509 188 129

157 274 260 313 quae
297 258 356 299 rei
393 259 610 313 augendae
643 273 769 299 eausa
800 259 1111 312 conquirantur,
1150 266 1191 300 et
1227 258 1329 300 haec
1360 265 1401 299 et
1431 259 1512 300 alia

157 336 248 362 esse
282 321 385 366 scio,
424 329 465 360 et
488 320 551 361 M.
580 319 785 361 Catonem
817 329 1020 362 oratorem
1046 336 1129 362 non
1161 320 1295 361 solum
1327 335 1510 375 gravem,

157 383 230 423 sed
260 382 467 423 interdum
499 382 623 423 etiam
649 390 806 423 trucem
832 398 924 423 esse
959 382 1110 423 scimus
1138 397 1301 432 omnes,
1334 396 1426 422 cum
1451 382 1513 423 in·-

155 444 277 499 genio
311 444 363 485 sit
392 444 517 485 mitis.
579 460 676 484 nam
707 445 806 497 quid
838 445 1004 484 tandem
1034 444 1133 485 novi
1158 451 1371 485 matronae
1402 444 1513 486 fece-

155 514 251 548 runt
277 507 387 560 quod
412 507 650 560 frequentes
682 507 725 547 in
750 521 875 547 causa
902 507 953 547 ad
980 522 1023 547 se
1048 507 1279 561 pertinente
1305 507 1345 547 in
1377 507 1512 562 publi-

156 583 248 609 011111
273 569 590 624 processerunt?
626 583 853 621 numquam
879 575 971 608 ante
998 569 1076 609 1100
1097 576 1260 623 tempus
1280 568 1322 608 in
1347 568 1511 623 publico

156 631 461 685 adparuerunt?
487 638 578 671 tuas
600 631 799 671 adversus
826 638 865 670 te
881 630 1079 685 Origines
1105 631 1330 672 revolvam.
1370 631 1509 686 accipe

156 692 344 746 quotiens
370 693 413 733 id
432 693 617 741 fecerint,
645 701 686 733 et
706 692 873 745 quidem
895 707 1058 747 semper
1082 693 1190 734 bono
1210 693 1389 748 publico.
1428 693 1510 733 iam

156 770 180 795 a.
204 755 423 810 principio,
449 762 649 809 regnante
675 755 875 803 Romulo,
910 769 1003 795 cum
1030 754 1236 809 Capitolio
1263 756 1314 796 ab
1342 755 1509 796 Sabinis

156 824 275 871 capto
300 817 436 858 medio
457 817 498 857 in
524 817 613 857 foro
634 816 764 871 signis
786 817 958 857 conlatis
986 816 1260 866 dimicaretur,
1287 832 1423 858 nonne
1448 817 1511 857 in-

156 886 342 920 tercursu
374 888 654 920 matronarum
684 879 790 919 inter
822 879 930 920 acies
958 879 1059 919 duas
1092 879 1294 933 proelium
1321 880 1510 920 sedatum

156 942 244 981 est?
281 941 404 994 quid?
440 942 608 996 regibus
641 941 796 982 exactis
831 955 924 981 cum
958 940 1181 982 Coriolano
1211 941 1374 982 Marcio
1406 942 1509 982 duce

154 1003 339 1056 legiones
354 1003 604 1045 Volscorum
619 1010 753 1043 eastra
775 1003 826 1043 ad
846 1002 1035 1055 quintum
1054 1002 1235 1056 lapidem
1256 1002 1508 1056 posuissent,

155 1079 291 1105 nonne
316 1064 359 1104 id
390 1079 558 1119 agmen,
591 1079 672 1117 quo
705 1064 852 1104 obruta
882 1063 985 1104 haec
1009 1065 1107 1103 urbs
1135 1072 1264 1112 esset,
1296 1071 1509 1105 matronae

155 1127 416 1166 averterunt?
447 1126 530 1166 iam
559 1126 660 1166 urbe
687 1133 807 1180 capta
833 1141 856 1166 a
884 1124 1031 1173 Gallis,
1065 1140 1145 1178 quo
1170 1125 1387 1179 redempta
1410 1127 1509 1166 urbs

154 1188 241 1228 est?
265 1202 413 1241 nempe
440 1202 585 1227 aurum
615 1194 827 1227 matronae
861 1201 1068 1226 consensu
1092 1186 1277 1227 omnium
1301 1186 1344 1226 111
1373 1187 1508 1240 publi-

152 1262 245 1288 cum
283 1249 555 1289 contulerunt.
626 1248 816 1303 proximo
853 1249 981 1297 bello,
1019 1263 1070 1289 ne
1108 1248 1277 1302 antiqua
1306 1256 1505 1303 repetam,

151 1325 287 1351 nonne
313 1318 365 1360 et,
392 1325 485 1351 cum
511 1311 688 1365 pecunia
712 1326 817 1366 opus
844 1311 939 1360 fuit,
967 1311 1184 1351 viduarum
1209 1311 1410 1366 pecuniae
1437 1311 1509 1351 ad-

150 1371 342 1413 iuverunt
379 1373 581 1414 aerarium
619 1381 678 1423 et,
728 1388 822 1414 cum
860 1373 915 1413 dii
953 1387 1116 1426 quoque
1160 1373 1258 1414 novi
1297 1373 1350 1414 ad
1387 1388 1510 1427 opem

151 1434 366 1475 ferendam
415 1436 549 1476 dubiis
598 1436 722 1476 rebus
772 1442 1106 1483 accerserentur,
1155 1442 1369 1476 matronae
1417 1435 1508 1476 uni-

152 1511 297 1537 versae
335 1496 387 1537 ad
422 1512 535 1537 mare
572 1498 784 1552 profectae
818 1504 914 1538 sunt
949 1497 1001 1538 ad
1032 1506 1206 1538 matrem
1230 1498 1403 1538 Idaeam
1440 1511 1508 1537 ac-

152 1557 411 1612 cipiendam?
449 1558 692 1608 dissimiles,
731 1559 888 1612 inquis,
929 1574 1079 1600 causae
1116 1567 1224 1600 sunt.
1295 1574 1372 1600 1100
1408 1559 1508 1599 1111111

153 1633 299 1660 causas
322 1635 498 1673 aequare
524 1621 783 1675 propositum
803 1629 879 1669 est,
905 1621 1006 1661 nihil
1026 1620 1123 1662 novi
1148 1621 1304 1662 factum
1328 1636 1507 1675 purgare

153 1682 252 1722 satis
280 1690 355 1723 est.
405 1690 586 1723 ceterum
613 1684 724 1736 quod
748 1683 791 1723 in
815 1684 939 1724 rebus
966 1684 1018 1723 ad
1044 1683 1176 1724 omnis
1203 1684 1356 1738 pariter
1384 1684 1506 1731 viros,

152 1744 327 1784 feminas
359 1745 663 1799 pertinentibus
696 1745 847 1786 fecisse
880 1760 949 1786 eas
982 1760 1104 1785 nemo
1140 1746 1312 1785 miratus
1345 1753 1427 1794 est,
1465 1744 1509 1784 in

152 1822 277 1848 causa
301 1808 465 1863 proprie
492 1809 545 1849 ad
575 1809 686 1863 ipsas
718 1808 948 1863 pertinente
974 1809 1172 1848 miramur
1196 1808 1372 1849 fecisse?
1409 1808 1508 1861 quid

152 1877 289 1910 autem
315 1870 526 1911 fecerunt?
564 1871 784 1925 superbas,
821 1885 887 1911 1110
920 1870 1011 1911 dius
1046 1870 1188 1918 fidius,
1229 1884 1348 1910 aures
1382 1869 1508 1910 habe-

150 1946 255 1980 mus,
283 1931 330 1980 si,
357 1946 451 1973 cum
477 1933 633 1973 domini
659 1947 873 1973 servorum
899 1948 981 1973 non
1007 1932 1222 1973 fastidiant
1246 1945 1405 1987 preces,
1430 1947 1507 1972 nos

150 1993 288 2048 rogari
314 1994 365 2034 ab
391 1994 576 2035 honestis
604 1994 769 2035 feminis
796 1994 1073 2049 indignamur.

234 2056 312 2098 VI.
361 2057 496 2099 Venio
522 2071 632 2097 nunc
657 2057 710 2097 ad
735 2057 789 2105 id,
816 2057 866 2097 de
893 2072 973 2109 quo
1000 2057 1147 2110 agitur.
1179 2056 1223 2096 in
1247 2070 1327 2109 quo
1354 2056 1507 2111 duplex

151 2117 332 2158 consulis
354 2118 484 2159 oratio
510 2119 605 2159 fuit:
631 2135 729 2159 nam
754 2125 795 2160 ct
818 2119 955 2173 legem
981 2119 1106 2158 ullam
1127 2118 1294 2159 omnino
1316 2117 1509 2171 abrogari

151 2185 215 2218 est
250 2178 510 2233 indignatus,
549 2188 590 2221 et
626 2196 717 2221 eam
756 2181 977 2235 praecipue
1013 2180 1150 2234 legem
1180 2194 1286 2232 quae
1322 2180 1507 2220 luxuriae

150 2239 362 2280 muliebris
388 2242 640 2283 coercendae
666 2256 792 2282 eausa
823 2242 908 2282 lata
933 2249 1056 2282 esset.
1118 2249 1158 2282 et
1182 2241 1252 2282 illa
1277 2241 1506 2282 communis

150 2316 224 2356 pro
250 2301 410 2355 legibus
444 2303 534 2343 visa
565 2304 794 2344 consularis
823 2303 953 2344 oratio
980 2311 1062 2353 est,
1100 2311 1141 2344 et
1171 2304 1273 2344 haec
1305 2303 1505 2344 adversus

150 2364 354 2404 luxuriam
380 2366 653 2407 severissimis
679 2367 862 2408 moribus
890 2367 1175 2408 conveniebat.
1235 2367 1373 2421 itaque
1398 2367 1506 2422 peri-

151 2426 288 2466 culum
324 2435 405 2476 est,
442 2427 521 2468 nisi
554 2427 651 2481 quid
682 2429 724 2468 in
754 2436 927 2482 utraque
953 2445 996 2470 re
1022 2429 1118 2470 vani
1151 2430 1203 2471 sit
1229 2429 1504 2478 docuerimus,

149 2503 201 2528 ne
227 2488 317 2541 quis
345 2504 457 2530 error
482 2489 600 2530 vobis
628 2490 894 2532 obfundatur.
951 2506 1028 2546 ego
1055 2491 1164 2532 enim
1190 2506 1312 2545 quem
1339 2491 1391 2532 ad
1415 2506 1503 2532 mo-

150 2549 248 2589 dum
274 2564 325 2590 ex
343 2550 393 2590 iis
418 2550 594 2605 legibus,
622 2566 726 2605 quae
748 2567 832 2594 non
857 2552 899 2592 in
919 2560 1081 2607 tempus
1106 2553 1285 2607 aliquod,
1314 2554 1388 2595 sed
1412 2567 1506 2607 per-

150 2618 298 2666 petuae
334 2611 520 2653 utilitatis
558 2627 684 2654 causa
721 2613 763 2654 in
799 2621 1012 2655 aeternum
1049 2615 1157 2656 latae
1195 2623 1310 2664 sunt,
1351 2615 1505 2655 nullam

220 2678 282 2704 Livi
298 2678 350 2704 rol.
367 2678 414 2705 ΙΙΙ.
1265 2682 1285 2715 9

1540 459 1555 486 7

1535 1261 1575 1290 10

1537 1572 1574 1600 11

1536 1694 1575 1723 1‘)

1558 1715 1575 1723 u

1536 1820 1575 1850 13
