1799 2900
192 1060 207 1088 Ἀ]

190 1616 208 1645 ΚΟ

189 2300 208 2328 <5¹

241 124 321 167 158
466 129 621 164 LIBER
648 128 856 172 xxxml,
882 127 1007 162 40.41.
1037 129 1368 172 [a.u.e.55.‘›.5‹50]

237 235 478 290 compulsus
511 240 711 286 tyrannus
743 231 1028 285 Pythagoram
1060 247 1202 273 rursus
1235 240 1441 273 oratorem
1471 231 1598 274 misit.

237 313 360 352 quem
387 294 608 348 Quinctius
634 294 767 348 primo
790 301 1035 348 aspernatus
1063 294 1264 334 excedere
1290 295 1436 335 castris
1462 294 1596 343 iussit,

238 360 332 401 dein
366 358 607 413 suppliciter
638 364 823 397 orantem
857 356 1180 409 advolutumque
1218 358 1396 411 genibus
1430 358 1598 397 tandem

237 421 406 463 audivit.
478 419 613 474 prima
650 418 780 459 oratio
818 418 896 458 fuit
933 418 1073 458 omnia
1114 419 1389 473 permittentis
1429 419 1597 459 arbitrio

236 485 540 531 Romanorulm
569 481 664 521 dein
690 495 784 520 cum
810 496 858 521 ea
884 480 997 520 velut
1024 496 1130 521 vana
1149 488 1187 521 et
1215 481 1303 521 sinc
1325 483 1475 522 effectu
1497 481 1599 521 nihil

235 546 501 601 proficerent,
529 560 577 585 eo
604 544 783 584 deducta
808 550 871 583 cst
896 558 982 591 res,
1009 550 1054 582 ut
1077 543 1126 583 iis
1153 544 1465 585 condicionibus
1492 558 1598 597 quac

236 624 287 648 cx
313 607 465 662 scripto
486 606 631 662 paucis
658 614 752 646 ante
773 605 918 645 diebus
941 605 1075 646 editae
1095 615 1212 647 erant
1236 606 1419 648 indutiae
1438 607 1597 655 fierent,

235 670 495 724 pecuniaque
521 677 562 710 ct
587 669 755 710 obsides
783 667 954 722 accepti.

321 734 437 775 Dum
465 734 730 788 obpugnatur
756 739 970 785 tyrannus,
997 730 1148 784 Argivi
1174 731 1327 772 nuntiis
1354 732 1444 772 aliis
1470 747 1599 786 prope

237 811 361 850 super
394 796 496 836 alios
523 794 829 843 :alim-entibus,
863 802 1022 834 tantum
1048 809 1130 833 non
1161 793 1243 833 iam
1275 802 1436 848 captam
1464 794 1600 834 Lacc-

237 859 484 899 daemonem
510 872 616 905 csse,
644 856 770 897 crecti
795 864 835 897 ct
860 855 952 910 ipsi,
981 855 1103 895 simul
1130 870 1178 895 eo
1205 856 1316 908 quod
1330 856 1597 910 Pythagoras

236 935 330 960 cum
374 928 491 975 parte
529 918 787 959 validissima
827 918 1024 973 praesidii
1062 927 1317 966 excesserat,
1362 926 1601 972 contempta

236 982 442 1037 paucitate
465 997 608 1022 eorum
629 981 697 1034 qui
724 981 765 1020 in
791 995 884 1021 arce
905 989 1034 1029 erant,
1062 980 1166 1021 duce
1181 980 1398 1036 Archippo
1419 981 1600 1034 quodam

234 1044 490 1098 praesidium
521 1043 783 1098 expulerunt.
844 1042 1125 1083 Timocratem
1150 1042 1462 1091 Pellenensem,
1503 1042 1600 1095 quia

235 1107 459 1147 clementer
495 1107 752 1161 praefuerat,
791 1105 932 1145 vivum
966 1105 1046 1145 fide
1079 1105 1176 1145 data
1202 1105 1442 1146 emiserunt.
1503 1104 1600 1145 huic

236 1168 416 1208 lactitiae
433 1167 654 1219 Quinctius
683 1167 923 1221 supervenit
947 1181 1050 1221 pace
1077 1167 1174 1208 data
1200 1176 1375 1220 tyranno
1397 1166 1599 1207 dimissis-

237 1246 316 1283 que
349 1231 400 1270 ab
426 1230 747 1270 Lacedaemone
774 1230 963 1270 Eumene
995 1237 1035 1269 ct
1059 1229 1222 1270 Rhodis
1255 1238 1295 1270 et
1320 1230 1372 1270 L.
1401 1229 1598 1281 Quinctio

236 1294 362 1333 fratre
389 1293 441 1332 ad
467 1292 658 1332 classem.

324 1354 557 1394 XXXXL
608 1354 745 1394 Laeta
771 1353 914 1393 civitas
947 1352 1260 1393 celeberrimum
1286 1353 1487 1393 festorum
1513 1352 1598 1393 die-

235 1431 326 1456 rum
353 1430 399 1456 ac
420 1415 557 1456 nobile
582 1415 786 1455 ludicrum
801 1416 1067 1459 Nemeorum,
1095 1414 1160 1454 dic
1183 1422 1289 1455 stata
1314 1423 1481 1469 propter
1500 1414 1596 1455 belli

235 1478 345 1518 mala
368 1477 729 1532 praetermissum,
762 1477 804 1516 in
831 1477 1057 1516 adventum
1082 1476 1264 1516 Romani
1290 1476 1496 1516 exercitus
1524 1477 1598 1516 du-

235 1540 377 1593 cisque
402 1540 641 1580 indixerunt
673 1539 1046 1593 praefeceruntque
1072 1538 1180 1578 ludis
1214 1538 1352 1592 ipsum
1377 1538 1599 1592 imperato-

235 1617 335 1641 rem.
406 1601 537 1641 multa
575 1609 693 1641 erant
730 1615 836 1653 quae
880 1600 1078 1654 gaudium
1119 1600 1396 1640 cumularent:
1439 1599 1599 1640 reducti

235 1663 346 1703 cives
385 1664 437 1703 ab
475 1663 797 1703 Lacedaemone
836 1670 971 1711 erant,
1017 1676 1121 1714 quos
1165 1676 1297 1716 nuper
1332 1661 1598 1716 Pythagoras

237 1740 423 1778 quosque
457 1733 551 1765 ante
577 1725 709 1765 Nabis
743 1725 973 1765 abduxerat
984 1741 993 1773 ;
1027 1724 1235 1765 redierant
1267 1724 1336 1777 qui
1367 1734 1463 1780 post
1488 1739 1599 1766 com-

233 1797 394 1842 pcrtam
421 1803 444 1828 a
468 1787 715 1842 Pythagora
749 1787 1075 1828 coniurationem
1109 1794 1149 1827 et
1181 1787 1307 1827 caede
1337 1787 1420 1826 iam
1452 1795 1599 1842 coepta

234 1852 487 1904 cffiigcrant3
525 1850 759 1891 libertatem
796 1865 848 1890 cx
889 1850 1016 1904 longo
1054 1849 1272 1890 intervallo
1310 1848 1596 1901 libertatisque

234 1922 424 1953 auctores
457 1912 693 1960 Romanos,
734 1912 883 1965 quibus
917 1926 1043 1952 causa
1077 1911 1256 1952 bellandi
1294 1926 1388 1951 cum
1421 1919 1596 1964 tyranno

233 1975 313 2029 ipsi
339 1975 530 2023 fuissent,
557 1975 794 2015 cernebant.
857 1981 1007 2014 testata
1033 1988 1196 2027 quoquc
1229 1974 1319 2028 ipso
1344 1974 1596 2013 Nemeorum

234 2039 299 2078 die
342 2052 444 2078 voce
493 2036 709 2092 praeconis
753 2037 923 2077 libertas
969 2045 1032 2076 est
1068 2035 1337 2090 Argivorum.
1412 2034 1595 2075 Achaeis

233 2108 434 2153 quantum
470 2100 649 2140 restituti
678 2099 787 2153 Argi
823 2099 866 2139 in
902 2113 1119 2139 commune
1151 2097 1338 2138 Achaiae
1376 2097 1595 2138 concilium

232 2162 413 2203 lactitiae
440 2162 704 2210 adferebant,
732 2169 891 2201 tantum
918 2176 1039 2201 serva
1065 2161 1362 2201 Lacedaemon
1387 2159 1529 2200 relicta
1555 2166 1595 2199 et

233 2224 351 2265 lateri
384 2225 614 2265 adhaerens
648 2232 848 2277 tyrannus
880 2239 963 2263 non
1002 2223 1208 2263 sincerum
1242 2222 1441 2277 gaudium
1477 2236 1596 2276 prae—

236 2286 408 2335 bcbant3
435 2286 578 2327 Aetoli
605 2301 702 2326 vcro
729 2301 821 2326 cam
845 2300 931 2325 rem
958 2285 1150 2325 omnibus
1178 2284 1360 2325 conciliis
1393 2284 1594 2324 lacerare:

235 2362 328 2387 cum
359 2349 556 2403 Philippo
593 2364 676 2389 non
714 2356 809 2388 ante
842 2347 1022 2388 desitum
1059 2347 1204 2387 bellari
1241 2361 1364 2399 quam
1402 2345 1593 2386 omnibus

235 2411 455 2450 excederet
487 2411 689 2451 Graeciae
721 2410 911 2458 urbibus3
953 2417 1128 2463 tyranno
1159 2410 1344 2450 relictam
1378 2407 1594 2448 Laccdae-

235 2486 419 2519 moncm,
452 2488 593 2526 regem
622 2481 758 2513 autem
784 2473 1036 2526 legitimum,
1077 2472 1144 2525 qui
1176 2472 1217 2512 in
1242 2471 1451 2520 Romanis*
1471 2469 1593 2510 fuerit

235 2533 401 2581 castris,
439 2544 682 2587 ceterosque
715 2536 995 2576 nobilissimos
1023 2535 1133 2575 cives
1167 2535 1207 2575 in
1239 2534 1362 2574 exilio
1396 2534 1592 2580 victuros,

234 2594 406 2635 Nabidis
422 2595 712 2638 dominationis
729 2597 948 2638 satellitem
963 2597 1118 2637 factum
1132 2596 1331 2651 populum
1341 2596 1591 2636 Romanum.
