1799 2900
195 790 211 818 (i

193 1410 210 1437 9

172 1595 210 1623 10

171 1658 206 1686 11

172 1841 208 1872 12

170 2090 209 2119 13

171 2340 209 2369 1-1

241 106 323 148 298
545 112 698 147 11131111
724 113 926 156 xxxvn,
954 113 1008 147 45.
1037 117 1085 157 [a.
1100 125 1133 148 u.
1150 126 1179 148 c.
1193 113 1276 157 5111]

239 218 453 271 Megisten
490 225 624 264 erant,
661 216 703 255 in
741 225 890 256 terram
923 232 1116 272 egressus
1150 232 1243 258 eum
1275 219 1418 272 paucis
1450 219 1595 260 itinere

243 279 425 335 pedestri
453 277 618 331 Syriam
643 277 758 332 petit.
819 278 948 319 Asiae
976 279 1162 320 civitates
1189 280 1230 320 in
1260 281 1386 321 fidem
1413 280 1594 321 consulis

242 342 527 393 dicionemque
566 339 709 394 populi
745 340 924 380 Romani
963 355 1054 381 sese
1091 342 1321 384 tradebant.
1392 342 1595 384 Sardibus

240 405 320 444 iam
347 401 491 443 consul
518 408 616 441 erat.
667 416 714 441 eo
741 409 781 441 et
805 402 854 442 P.
884 400 1025 456 Scipio
1051 403 1102 443 ab
1126 403 1270 453 Elaea,
1298 419 1389 445 eum
1417 405 1594 459 primum

240 465 324 520 pati
349 464 534 504 laborem
560 463 651 503 viae
676 463 822 518 potuit,
850 464 974 505 venit.

326 525 415 567 Sub
447 526 557 566 idem
594 527 680 566 fere
718 534 881 580 tempus
914 527 1160 567 caduceator
1192 529 1243 568 ab
1275 529 1487 570 Antiocho
1523 544 1596 584 per

238 590 287 630 P.
317 588 556 643 Scipionem
583 604 607 629 a
633 588 801 629 consule
833 588 935 642 petit
966 589 1302 644 impetravitque,
1335 600 1377 631 ut
1411 599 1594 632 oratores

240 651 400 691 mittere
431 651 572 691 liceret
602 650 704 704 regi.
765 664 921 705 paucos
947 660 1041 704 post
1067 651 1154 692 (1105
1182 653 1356 702 Zeuxis,
1384 654 1452 706 qui
1477 669 1596 708 prae-

240 714 371 753 fectus
397 713 561 766 Lydiae
587 713 734 761 fuerat,
762 720 801 753 et
828 713 1050 767 Antipater
1081 713 1219 754 fratris
1245 714 1352 755 filius
1380 723 1594 756 venerunt.

240 776 280 815 hi
307 776 421 830 prius
436 776 626 816 Eumene
642 783 858 823 convento,
887 790 1009 828 quem
1028 784 1196 830 propter
1211 784 1351 817 vetera
1371 778 1597 818 certamina

239 854 432 879 aversum
463 838 643 879 maxime
671 853 693 878 a
718 852 820 893 pace
847 838 1069 879 eredebant
1098 853 1203 886 esse,
1232 846 1272 879 et
1296 839 1520 893 placatiore
1546 854 1594 880 00

239 909 279 941 et
305 916 380 941 sua
405 908 442 941 et
469 901 580 955 regis
608 915 680 955 spe
706 900 887 948 invento,
915 909 1002 940 tum
1015 900 1064 940 P.
1083 899 1323 954 Scipionem
1345 909 1383 942 et
1408 916 1482 956 per
1501 916 1595 942 eum

239 963 451 1003 consulem
491 963 697 1012 adierunt3
735 963 1003 1018 praebitoque
1034 962 1084 1003 iis
1122 963 1358 1017 petentibus
1390 964 1596 1016 frequenti

241 1025 412 1066 consilio
440 1026 490 1066 ad
516 1026 713 1065 mandata
740 1026 913 1073 edenda,
943 1030 1042 1066 ‘non
1071 1034 1154 1066 tam
1181 1026 1280 1078 quid
1304 1026 1383 1080 ipsi
1410 1026 1594 1066 dieamus

239 1087 458 1127 habemus'
496 1087 628 1140 inquit
656 1087 809 1127 Zeuxis
849 1092 992 1140 ‘quam
1018 1103 1041 1127 a
1066 1088 1183 1128 vobis
1211 1089 1466 1140 quaerimus,
1508 1088 1594 1128 Ro-

237 1149 367 1197 mani,
395 1164 474 1202 quo
500 1150 663 1203 piaculo
689 1150 855 1203 expiare
882 1165 1063 1190 errorem
1087 1150 1212 1203 regis,
1238 1164 1384 1204 pacem
1410 1149 1592 1190 veniam-

239 1225 317 1263 que
355 1210 574 1265 impetrare
612 1226 635 1251 a
666 1211 889 1252 victoribus
927 1212 1150 1265 possimus.
1217 1211 1397 1251 maximo
1431 1226 1593 1266 semper

238 1273 374 1313 animo
412 1273 531 1314 vietis
569 1273 736 1326 regibus
775 1273 1023 1327 populisque
1060 1273 1292 1327 ignovistis.
1360 1282 1513 1325 quanto
1551 1273 1593 1313 id

238 1335 391 1375 maiore
412 1344 451 1375 et
468 1335 692 1389 placatiore
713 1335 849 1375 animo
865 1335 981 1375 decet
998 1350 1069 1375 vos
1093 1336 1228 1375 facere
1248 1335 1289 1375 in
1309 1335 1386 1375 hae
1407 1335 1591 1383 victoria,

238 1412 342 1450 quae
374 1412 447 1437 vos
482 1397 669 1437 dominos
697 1397 805 1436 orbis
833 1408 1034 1437 terrarum
1066 1397 1187 1437 fecit?
1234 1397 1380 1451 positis
1414 1397 1495 1437 iam
1521 1397 1592 1437 ad-

237 1474 382 1500 versus
416 1474 559 1499 01111105
592 1460 786 1499 mortales
820 1459 1133 1506 certaminibus,
1173 1459 1284 1499 haud
1316 1474 1435 1500 secus
1468 1474 1592 1513 quam

237 1521 336 1561 deos
375 1521 588 1561 consulere
622 1531 661 1560 et
698 1535 867 1574 parcere
905 1536 978 1561 vos
1016 1521 1159 1575 generi
1190 1520 1370 1562 humano
1403 1521 1590 1575 oportet.'

236 1583 317 1623 iam
343 1591 437 1623 ante
470 1597 594 1635 quam
625 1583 753 1637 legati
779 1582 986 1631 venirent,
1026 1583 1237 1622 decretum
1263 1590 1367 1632 erat,
1401 1583 1498 1635 quid
1528 1597 1594 1623 re-

236 1645 520 1699 sponderetur,
580 1645 832 1699 respondere
858 1645 1108 1684 Africanum
1132 1645 1299 1698 placuit.
1354 1645 1389 1685 is
1415 1645 1457 1685 in
1483 1645 1591 1685 hune

235 1707 404 1748 modum
430 1707 592 1747 loeutus
619 1707 760 1747 fertur.
806 1707 1003 1747 ‘Romani
1029 1722 1080 1747 ex
1106 1707 1154 1747 iis
1184 1722 1289 1760 quae
1314 1707 1355 1747 111
1382 1707 1505 1747 deum
1531 1707 1594 1747 111-

234 1770 469 1810 mortalium
494 1777 700 1824 potestate
723 1778 851 1818 erant,
879 1786 925 1810 ca
947 1770 1147 1810 habemus
1163 1784 1268 1822 quae
1295 1769 1351 1809 dii
1371 1769 1592 1819 dederunt3

236 1832 408 1880 animos,
436 1833 506 1885 qui
531 1840 698 1873 nostrae
719 1832 869 1873 mentis
898 1840 1006 1881 sunt,
1034 1832 1203 1873 eosdem
1228 1832 1271 1872 in
1290 1832 1402 1872 omni
1426 1832 1593 1872 fortuna

235 1895 443 1949 gessimus
469 1895 750 1949 gei-imusque,
776 1910 910 1948 neque
931 1910 1002 1936 eos
1030 1895 1237 1936 secundae
1262 1910 1329 1935 res
1356 1895 1591 1935 extulerunt

235 1971 311 1997 nee
338 1957 538 1997 adversae
556 1958 806 1998 minuerunt.
845 1958 932 1998 01115
958 1957 1030 2005 rei,
1056 1964 1100 1997 ut
1121 1957 1223 1998 alios
1245 1957 1445 2005 omittam,
1471 1957 1591 1996 Han-

234 2020 415 2061 nibalem
440 2028 625 2061 vestrum
652 2022 769 2062 vobis
803 2029 951 2061 testem
978 2020 1118 2060 darem
1144 2020 1224 2060 nisi
1254 2035 1328 2060 vos
1353 2019 1466 2074 ipsos
1493 2019 1590 2059 dare

234 2098 415 2137 possem.
475 2090 698 2137 postquam
724 2083 959 2123 traiecimus
986 2082 1322 2136 Hellespontum,
1349 2082 1589 2136 priusquam

236 2152 371 2185 eastra
395 2145 522 2199 regia,
550 2146 791 2200 priusquam
810 2146 942 2185 aciem
963 2144 1212 2193 videremus,
1241 2158 1334 2184 eum
1359 2142 1590 2184 eommunis

234 2206 351 2247 Mars
379 2216 418 2248 et
443 2207 624 2248 incertus
651 2207 746 2248 belli
773 2217 945 2248 eventus
970 2214 1092 2255 esset,
1121 2207 1171 2246 de
1197 2220 1299 2260 paee
1320 2205 1438 2246 vobis
1465 2219 1592 2260 agen-

235 2269 343 2310 tibus
371 2285 473 2323 quas
499 2286 620 2326 pares
647 2271 814 2325 paribus
842 2270 1077 2311 ferebamus
1105 2268 1389 2316 condiciones,
1422 2268 1590 2309 easdem

234 2346 343 2371 1111110
379 2333 555 2374 victores
593 2333 712 2373 victis
744 2332 928 2373 ferimus.
989 2332 1161 2385 Europa
1208 2330 1430 2378 abstinete,
1484 2329 1592 2371 Asia

235 2394 345 2433 omni
371 2408 475 2446 quae
501 2395 558 2435 eis
576 2395 760 2435 Taurum
780 2403 963 2435 montem
985 2401 1048 2434 est
1068 2392 1267 2433 decedite.
1305 2407 1380 2446 pro
1406 2391 1590 2445 inpensis

236 2454 382 2495 deinde
407 2457 449 2496 in
474 2457 629 2497 bellum
660 2457 780 2497 factis
807 2455 1042 2510 quindecim
1067 2454 1181 2495 milia
1207 2454 1408 2494 talentum
1431 2451 1587 2493 Euboi-

236 2530 375 2557 corum
403 2518 570 2566 dabitis,
610 2519 839 2573 quingenta
863 2517 1118 2572 praesentia,
1156 2517 1237 2558 duo
1263 2516 1376 2556 milia
1401 2522 1441 2556 et
1472 2513 1589 2567 quin-

236 2587 373 2631 genta,
400 2594 492 2619 cum
520 2592 686 2621 senatus
711 2581 973 2635 populusque
991 2580 1207 2620 Romanus
1230 2593 1376 2633 pacem
1403 2590 1586 2630 compro-
