1799 2900
257 169 338 210 266
536 175 687 210 LissER
710 175 912 219 xxxvii,
938 177 969 209 9.
990 178 1042 210 10.
1071 179 1120 220 [a.
1136 176 1309 220 u.e.564]

257 279 379 320 factio
411 285 514 327 erat,
552 292 656 330 quae
691 277 855 332 plebem
890 277 932 317 in
968 278 1223 319 contionibus
1257 279 1309 319 ad
1339 279 1591 319 Antiochum

214 357 232 383 4
257 341 462 388 trahebat3
497 347 663 379 senatus
689 347 729 379 et
753 339 970 392 optimates
1001 339 1043 379 in
1067 340 1257 380 Romana
1282 341 1475 381 societate
1501 355 1593 395 per-

257 401 447 442 standum
479 401 720 449 censebant,
754 400 993 440 defectionis
1020 409 1206 442 auctores
1238 402 1328 456 plus
1356 403 1464 456 apud
1489 402 1593 441 mul-

213 478 231 506 5
257 462 471 503 titudinem
497 461 724 501 valuerunt.
783 461 942 509 Rhodi,
970 476 1048 514 quo
1075 463 1205 516 magis
1232 472 1436 503 cessatum
1460 463 1592 517 priore

256 531 411 564 aestate
458 531 568 570 erat,
617 537 664 563 eo
708 522 905 562 maturius
949 523 1204 575 aequinoctio
1247 538 1373 564 verno
1417 524 1592 564 eundem

253 586 559 626 Pausistratum
585 584 727 624 classis
758 584 1012 638 praefectum
1038 599 1129 624 cum
1163 600 1235 625 sex
1261 594 1300 626 et
1331 585 1497 639 triginta
1521 599 1593 624 na·-

212 661 229 691 6
256 648 375 688 vibus
405 647 616 688 miserunt.
675 647 757 687 iam
782 646 930 686 Livius
956 661 979 686 a
1004 645 1131 686 Canis
1163 661 1255 686 cum
1281 648 1449 701 triginta
1478 647 1593 687 navi-

256 710 332 749 bus
359 716 398 749 et
429 716 587 762 septem
613 707 957 760 quadriremibus,
989 722 1090 759 quas
1123 722 1262 747 secum
1286 708 1495 748 Eumenes
1520 723 1591 748 rex

255 770 501 818 adduxerat,
528 770 847 823 Hellespontum
870 769 1055 823 petebat,
1089 776 1129 808 ut
1156 769 1207 808 ad
1239 769 1453 809 transitum
1478 784 1593 809 excr-

256 833 373 881 citus,
401 846 522 884 quem
548 839 655 872 terra
680 838 897 871 venturum
922 831 1178 885 opinabatur,
1204 839 1466 884 praepararet
1490 845 1594 883 quae

214 905 229 934 7
256 910 358 949 opus
385 902 535 934 essent.
594 893 636 933 in
661 901 842 947 portum,
869 907 989 945 quem
1017 901 1164 932 vocant
1187 893 1464 940 Achaeorum,
1491 893 1594 932 clas-

256 971 342 996 sem
372 955 548 1009 primum
581 955 774 1002 advertit3
810 954 905 994 inde
937 954 1060 993 Ilium
1096 954 1279 994 escendit.
1315 953 1594 1006 sacrificioque

253 1018 469 1057 Minervae
495 1017 604 1057 facto
634 1015 861 1070 legationes
892 1016 1085 1056 finitimas
1119 1017 1169 1055 ab
1194 1016 1396 1056 Elaeunte
1422 1023 1461 1056 et
1485 1015 1594 1055 Dar-

255 1079 360 1118 dano
382 1078 635 1126 etRhoeteo,
662 1078 858 1117 tradentis
878 1077 919 1117 in
938 1077 1060 1117 fidem
1081 1077 1255 1116 civitatis
1279 1092 1388 1125 suas,
1414 1076 1591 1130 benigne

210 1149 228 1178 8
255 1140 427 1188 audivit3
464 1140 558 1179 inde
596 1139 647 1179 ad
677 1138 939 1192 Hellesponti
975 1139 1114 1178 fauces
1152 1138 1336 1191 navigat,
1375 1147 1414 1178 et
1451 1138 1591 1178 decem

254 1201 427 1241 navibus
458 1201 499 1240 in
530 1200 703 1240 statione
735 1208 876 1240 contra
900 1201 1082 1253 Abydon
1112 1200 1262 1239 relictis
1295 1208 1430 1240 cetera
1459 1200 1591 1239 classe

212 1272 229 1302 9
255 1262 296 1302 in
320 1262 531 1315 Europam
557 1262 608 1301 ad
636 1260 787 1301 Seston
812 1261 1132 1314 01⁷)pugnandam
1158 1261 1325 1300 traiecit.
1365 1260 1445 1299 iam
1471 1261 1592 1300 sube-

253 1323 418 1363 untibus
456 1323 621 1363 armatis
658 1337 796 1362 muros
834 1322 1000 1362 fanatici
1033 1321 1141 1362 Galli
1178 1322 1354 1375 primum
1387 1335 1479 1361 cum
1511 1321 1591 1361 sol-

254 1384 378 1424 lemni
396 1384 537 1424 habitu
556 1392 649 1424 ante
675 1392 834 1437 portam
848 1383 1080 1431 obcurrunt,
1107 1383 1223 1422 iussu
1243 1397 1286 1422 se
1307 1382 1447 1422 matris
1469 1383 1591 1422 desim

253 1446 429 1485 famulos
457 1445 556 1485 deae
582 1445 720 1485 venire
745 1451 973 1484 memorant
993 1445 1043 1483 ad
1069 1444 1318 1497 precandum
1343 1444 1590 1491 Romanum,

192 1517 229 1546 10
254 1514 298 1545 ut
322 1515 505 1560 parceret
531 1507 746 1546 moenibus
771 1505 955 1557 urbique.
1003 1519 1123 1544 nemo
1150 1519 1288 1544 eorum
1316 1505 1489 1544 violatus
1516 1512 1590 1545 est.

252 1582 349 1607 mox
380 1567 595 1607 universus
628 1574 793 1606 senatus
820 1580 911 1605 cum
943 1566 1251 1619 magistratibus
1279 1566 1330 1605 ad
1361 1566 1590 1606 dedendam

192 1640 224 1668 11
251 1629 393 1668 urbem
419 1628 631 1682 processit.
674 1628 769 1667 inde
788 1627 987 1680 Abydum
1012 1627 1180 1666 traiecta
1206 1627 1363 1666 classis.
1405 1626 1475 1667 ubi
1499 1640 1592 1666 cum

253 1689 459 1743 temptatis
486 1704 558 1743 per
577 1688 793 1741 conloquia
812 1688 958 1728 animis
985 1688 1085 1727 nihil
1110 1688 1244 1741 pacati
1263 1688 1591 1742 responderetur,

253 1750 304 1790 ad
330 1750 678 1804 obpugnationem
706 1765 797 1790 sese
823 1749 1109 1803 expediebant.

211 1824 226 1853 1
336 1811 396 1852 X.
443 1812 558 1851 Dum
583 1811 685 1851 haec
708 1811 750 1851 in
775 1812 1050 1865 Hellesponto
1076 1818 1285 1864 geruntur,
1311 1810 1591 1863 Polyxenidas

251 1873 388 1927 regius
421 1873 653 1927 praefectus
679 1896 734 1901 —
764 1880 849 1912 erat
886 1884 1021 1912 autem
1053 1871 1169 1912 exsul
1199 1871 1388 1911 Rhodius
1413 1895 1469 1900 —-
1499 1885 1590 1911 cum

253 1935 434 1974 audisset
464 1935 691 1988 profectam
717 1935 768 1975 ab
794 1934 914 1974 domo
946 1933 1205 1988 popularium
1232 1947 1397 1972 suorum
1417 1932 1592 1972 classem

209 2008 226 2037 ‘2
253 2003 293 2036 et
315 1995 617 2036 Pausistratum
642 1996 895 2050 praefectum
921 1996 1096 2048 superbe
1122 1994 1321 2046 quaedam
1348 2001 1387 2033 et
1412 2001 1592 2033 contem-

251 2057 352 2111 ptim
394 2057 436 2097 in
473 2072 516 2097 se
554 2057 858 2098 contionantem
896 2056 1068 2104 dixisse,
1111 2056 1330 2109 praecipuo
1371 2054 1591 2095 certamine

253 2118 376 2158 animi
408 2119 605 2159 adversus
637 2134 730 2159 eum
769 2127 931 2172 sumpto
967 2117 1066 2157 nihil
1104 2117 1214 2156 aliud
1245 2117 1331 2157 dies
1369 2124 1592 2168 noctesque

252 2180 435 2234 agitabat
463 2180 597 2220 animo
624 2194 747 2232 quam
771 2188 815 2219 ut
841 2180 966 2219 verba
990 2179 1210 2233 magnifica
1234 2178 1320 2218 eius
1346 2179 1469 2218 rebus
1497 2191 1593 2218 con-

208 2253 226 2282 3
253 2240 415 2280 futaret.
447 2241 569 2281 mittit
595 2241 646 2280 ad
671 2256 764 2281 eum
790 2241 994 2280 hominem
1022 2247 1062 2280 et
1086 2239 1143 2278 illi
1167 2247 1322 2287 notum,
1349 2239 1418 2291 qui
1441 2239 1593 2279 diceret

252 2310 291 2341 et
322 2317 365 2342 se
389 2303 646 2343 Pausistrato
679 2303 914 2357 patriaeque
947 2317 1043 2342 suae
1068 2316 1219 2356 magno
1244 2302 1354 2349 usui,
1393 2301 1427 2341 si
1459 2301 1591 2349 liceat,

211 2374 227 2401 4
253 2364 339 2403 fore
370 2372 409 2404 et
440 2380 464 2404 a.
486 2365 744 2405 Pausistrato
777 2379 820 2405 se
846 2364 1003 2404 restitui
1029 2363 1070 2402 in
1101 2363 1274 2417 patriam
1300 2376 1436 2416 posse.
1497 2376 1590 2402 cum

253 2437 428 2475 quonam
458 2426 579 2465 modo
612 2441 659 2466 ea
690 2425 775 2466 fieri
811 2433 980 2479 possent
1009 2424 1276 2464 mirabundus
1307 2423 1589 2478 Pausistratus

254 2494 600 2537 percunctaretur,
633 2487 756 2527 fidem
780 2486 936 2540 petenti
967 2485 1079 2526 dedit
1110 2486 1294 2539 agendae
1320 2484 1589 2525 communiter

210 2555 227 2584 5
254 2544 308 2583 rci
335 2554 403 2585 aut
427 2548 627 2601 tegendae
654 2549 828 2588 silentio.
865 2556 950 2587 tum
971 2547 1244 2587 internuntius
1265 2547 1406 2600 aperit,
1432 2545 1588 2599 regiam

254 2604 424 2645 classem
452 2615 520 2647 aut
544 2615 672 2648 totam
697 2616 768 2648 aut
790 2608 986 2649 maiorem
1006 2607 1092 2648 eius
1117 2616 1274 2661 partem
1288 2605 1586 2660 Polyxenidam
