1799 2900
469 67 622 101 LIBER
646 67 890 112 XXXVIIII,
915 68 970 103 28.
999 70 1047 112 [a.
1063 66 1197 111 (3.185]
1429 57 1510 98 397

156 186 284 229 prope
298 171 398 212 urbe
417 170 627 211 revocavit
649 171 791 211 consul
812 178 852 212 et
871 171 1075 212 abducere
1095 170 1234 226 copias
1254 169 1349 210 inde
1365 169 1512 224 coegit.

156 234 210 274 ad
234 233 354 274 huius
382 232 581 273 solacium
611 232 783 273 iniuriae
808 233 1056 287 permissum
1082 242 1162 282 est,
1199 240 1245 273 ut
1269 231 1513 272 Thessaliae
1539 243 1559 273 4

156 295 515 347 Perrhaebiaeque
553 302 593 334 ct
623 295 908 335 Athamanum
944 295 1171 350 reciperem
1207 294 1411 347 quaedam
1447 307 1514 334 ca-

159 358 276 399 stella
300 356 434 411 magis
461 371 585 409 quam
616 357 753 398 urbes.
814 372 863 398 ea
889 372 1051 410 quoquc
1081 357 1173 411 ipsa
1198 371 1271 397 vos
1302 355 1422 404 mihi,
1460 355 1514 407 Q.

159 418 333 468 Caecili,
360 433 515 473 paucos
542 426 637 458 ante
663 419 750 459 dies
778 419 1004 460 ademistis.
1041 434 1116 473 pro
1142 434 1225 459 non
1246 417 1370 458 dubio
1391 417 1515 472 paulo

158 489 272 529 ante,
300 481 334 521 si
361 480 437 520 diis
463 480 618 535 placet,
649 480 775 534 legati
800 481 1001 521 Eumenis
1030 481 1267 529 sumebant,
1294 494 1399 533 quae
1425 479 1516 519 An-

158 542 283 584 tiochi
309 542 492 590 fuerunt,
530 543 765 583 Eumenem
796 542 966 595 aequius
993 557 1085 583 esse
1111 557 1235 595 quam
1260 556 1325 582 me
1350 541 1516 582 habere.

157 603 201 644 id
225 619 303 658 ego
331 604 455 658 longe
482 604 598 644 aliter
623 604 759 644 iudico
786 619 892 645 esse.
951 605 1164 644 Eumenes
1197 603 1307 644 enim
1331 618 1414 643 non
1438 601 1518 642 nisi

158 666 355 706 vicissent
380 666 578 714 Romani,
614 666 688 706 sed
713 666 791 706 nisi
817 666 971 706 bellum
996 666 1246 720 gessissent,
1285 679 1451 705 manere
1476 663 1518 703 in

158 742 288 782 regno
315 742 389 768 suo
415 743 498 768 non
523 727 668 782 potuit.
706 728 844 781 itaque
870 728 938 768 ille
964 735 1149 768 vestrum
1167 727 1360 767 meritum
1378 726 1516 774 habet,

158 804 242 830 non
275 804 348 829 vos
380 789 503 829 illius.
563 789 643 829 mci
676 796 812 829 autem
843 789 961 843 regni
993 798 1152 829 tantum
1185 789 1326 829 aberat
1361 796 1406 828 ut
1436 787 1521 828 ulla

159 866 255 906 pars
281 851 323 891 in
349 851 584 892 discrimine
610 851 751 901 fuerit,
790 859 835 892 ut
866 852 944 892 tria
974 852 1087 891 milia
1112 851 1312 892 talentum
1337 857 1378 891 et
1402 850 1520 903 quin-

161 914 359 967 quaginta
385 921 513 953 tectas
539 928 667 954 naves
701 921 741 953 et
766 928 909 954 omnes
938 912 1139 954 Graeciae
1171 913 1378 961 civitates,
1416 926 1519 965 quas

160 984 282 1015 antea
317 976 564 1024 tenuissem,
602 975 864 1030 pollicentem
900 975 1006 1016 ultro
1043 975 1300 1015 Antiochum
1336 974 1379 1014 in
1413 988 1521 1014 mer-

160 1037 305 1077 cedem
337 1036 545 1077 societatis
579 1037 655 1077 sim
688 1043 953 1091 aspernatus3
991 1036 1237 1089 hostemque
1269 1036 1305 1077 ei
1336 1050 1402 1076 me
1428 1049 1520 1076 esse

159 1098 273 1152 prius
300 1098 425 1138 etiam
450 1112 573 1150 quam
592 1098 668 1138 M’.
692 1098 852 1138 Acilius
880 1098 1103 1138 exercitum
1127 1097 1169 1137 in
1185 1096 1405 1137 Graeciam
1425 1096 1522 1136 trai-

161 1168 271 1200 ceret
295 1159 472 1213 praetuli
497 1166 537 1199 et
564 1173 657 1199 cum
684 1174 732 1199 eo
758 1159 927 1199 consule
953 1159 1049 1199 belli
1075 1166 1254 1212 partem,
1282 1171 1521 1211 quamcum-

162 1235 241 1274 que
267 1220 368 1261 mihi
394 1221 619 1275 delegavit,
652 1220 778 1275 gessi.
839 1229 880 1261 et
905 1220 1139 1273 insequenti
1165 1219 1325 1260 consuli
1349 1218 1402 1259 L.
1432 1217 1522 1259 Sci-

160 1283 292 1338 pioni,
331 1297 424 1323 cum
456 1290 564 1323 terra
590 1283 804 1323 statuisset
836 1283 986 1323 ducere
1018 1282 1244 1322 exercitum
1277 1281 1329 1321 ad
1355 1280 1522 1321 Helles-

160 1352 353 1400 pontum,
391 1359 474 1385 non
498 1344 575 1385 iter
600 1352 759 1385 tantum
784 1359 858 1399 per
882 1359 1058 1399 regnum
1083 1352 1270 1385 nostrum
1296 1342 1409 1391 dedi,
1449 1342 1523 1382 sed

163 1407 251 1447 vias
277 1406 401 1447 etiam
426 1406 601 1455 munivi,
633 1415 780 1461 pontes
807 1406 905 1456 feci,
939 1414 1193 1448 commeatus
1218 1405 1408 1459 praebui,
1446 1418 1523 1444 nec

162 1484 236 1523 per
265 1468 559 1509 Macedoniam
591 1476 769 1518 tantum,
809 1469 883 1509 sed
918 1484 992 1523 per
1017 1468 1241 1508 Thraciam
1272 1466 1414 1515 etiam,
1451 1466 1523 1506 ubi

163 1531 268 1570 inter
293 1537 430 1571 cetera
454 1545 536 1583 pax
561 1544 725 1583 quoque
750 1530 1001 1585 praestanda
1027 1545 1050 1570 a
1074 1529 1262 1570 barbaris
1289 1536 1386 1569 erat.
1447 1542 1522 1582 pro

163 1593 241 1634 hoc
267 1593 402 1633 studio
428 1607 520 1634 meo
546 1608 646 1646 erga
672 1608 758 1642 vos,
785 1608 836 1633 ne
857 1592 991 1633 dicam
1013 1591 1177 1641 merito,
1203 1598 1340 1631 utrum
1361 1589 1523 1630 adicere

164 1670 258 1703 vos,
295 1655 493 1703 Romani,
533 1655 687 1708 aliquid
724 1662 763 1695 et
800 1654 1051 1709 amplificare
1089 1661 1129 1694 et
1165 1667 1317 1707 augere
1349 1666 1524 1706 regnum

163 1731 302 1756 meum
333 1716 615 1756 munificentia
650 1724 789 1756 vestra
818 1717 1054 1770 oportebat,
1099 1730 1151 1755 an
1187 1729 1291 1768 quae
1328 1713 1525 1754 haberem

165 1786 235 1818 aut
260 1793 352 1819 meo
377 1778 464 1818 iure
491 1786 561 1818 aut
590 1778 793 1819 beneficio
825 1786 963 1818 vestro
995 1778 1172 1831 eripere,
1208 1776 1250 1815 id
1282 1775 1391 1828 quod
1415 1789 1525 1815 nunc

165 1839 325 1880 facitis?
372 1840 655 1880 Macedonum
686 1839 893 1888 civitates,
933 1854 1034 1892 quas
1060 1838 1177 1893 regni
1203 1837 1284 1878 mei
1308 1836 1438 1877 fuisse
1463 1837 1525 1877 fa-

165 1902 326 1951 temini,
363 1917 446 1943 non
481 1902 766 1943 restituuntur.
824 1903 1057 1950 Eumenes,
1096 1908 1310 1953 tamquam
1346 1899 1399 1939 ad
1435 1898 1526 1938 An-

166 1964 348 2005 tiochum
381 1965 644 2018 spoliandum
674 1980 740 2005 me
771 1965 884 2005 venit
915 1973 975 2013 et,
1015 1963 1049 2004 si
1080 1963 1157 2003 diis
1189 1963 1343 2017 placet,
1382 1961 1525 2002 decem

165 2027 398 2081 legatorum
429 2028 640 2068 decretum
672 2027 903 2068 calumniae
934 2025 1305 2081 inpudentissimae
1336 2031 1527 2079 praeten-

168 2088 246 2137 dit,
283 2088 325 2128 in
356 2103 436 2141 quo
467 2090 646 2130 maxime
678 2098 719 2130 et
747 2089 881 2129 refelli
912 2096 953 2129 et
983 2087 1152 2142 coargui
1187 2094 1338 2141 potest.
1398 2085 1527 2125 diser-

168 2150 327 2191 tissime
354 2151 462 2191 enim
487 2151 811 2206 planissimeque
831 2150 873 2190 in
894 2166 942 2191 eo
964 2150 1162 2205 scriptum
1183 2155 1263 2197 est,
1292 2147 1527 2189 Chersone-

169 2226 260 2251 sum
293 2219 333 2252 et
364 2212 678 2266 Lysimachiam
708 2212 889 2252 Eumeni
921 2212 1019 2252 dari.
1080 2211 1152 2252 ubi
1182 2210 1350 2250 tandem
1379 2210 1526 2249 Aenus

169 2280 209 2313 et
232 2273 436 2314 Maronea
467 2281 508 2314 et
532 2274 734 2314 Thraciae
767 2274 953 2314 civitates
986 2273 1218 2327 adscriptae
1250 2271 1368 2311 sunt?
1417 2269 1528 2323 quod

170 2336 221 2375 ab
246 2335 325 2375 illis
352 2350 402 2376 ne
428 2336 638 2390 postulare
665 2336 831 2388 quidem
856 2344 919 2376 est
941 2350 1085 2383 ausus,
1112 2334 1154 2373 id
1173 2333 1285 2388 apud
1304 2348 1397 2381 vos,
1424 2340 1528 2372 tam-

169 2410 293 2448 quam
318 2396 370 2436 ab
395 2396 475 2437 illis
501 2397 800 2451 impetraverit,
828 2396 1054 2437 obtinebit?
1091 2410 1171 2448 quo
1197 2395 1239 2434 in
1264 2408 1435 2434 numero
1460 2408 1527 2434 me

169 2457 281 2512 apud
316 2473 390 2499 vos
423 2473 516 2499 esse
548 2459 704 2507 velitis,
740 2459 880 2499 refert.
942 2458 977 2499 si
1007 2466 1218 2511 tamquam
1249 2456 1461 2497 inimicum
1487 2462 1528 2496 et

170 2519 329 2560 hostem
357 2519 547 2562 insectari
574 2520 833 2575 propositum
860 2527 940 2569 est,
978 2520 1138 2575 pergite
1169 2527 1214 2559 ut
1246 2518 1439 2574 coepistis
1465 2517 1527 2558 fa-

1546 799 1563 828 6

1552 1539 1592 1570 10

1552 1849 1588 1878 11

1554 2096 1593 2124 12

1554 2405 1593 2435 13
