1799 2900
489 153 642 188 LIBER
664 153 854 197 xxxin,
879 152 934 187 41.
953 153 1007 188 42.
1036 155 1085 197 [a.
1101 152 1140 187 0.
1156 152 1236 196 196]
1464 143 1542 183 117

195 258 425 301 faciendam
462 257 564 297 nihil
599 264 846 297 novaturum
876 271 1019 311 regem
1051 258 1100 297 de
1132 256 1328 297 societate
1359 263 1542 310 agerent.

194 336 308 363 oram
338 320 470 360 Asiae
500 319 644 373 legens
676 319 863 373 pervenit
895 319 937 359 in
962 319 1159 373 Lyciam,
1191 318 1439 370 Patarisque
1476 331 1544 357 co-

192 383 308 436 gnito
330 382 468 421 vivere
488 381 789 429 Ptolemaeum,
816 380 1039 435 navigandi
1060 380 1225 433 quidem
1246 380 1288 419 in
1301 381 1545 433 Aegyptum

193 443 394 484 omissum
426 442 642 483 consilium
676 450 756 491 est3
796 441 983 496 Cyprum
1019 442 1146 482 nihilo
1182 441 1317 482 minus
1356 441 1543 489 tendens,
1570 454 1588 484 6

194 520 287 546 011111
313 503 654 545 Chelidoniarum
685 503 1017 557 pronumturium
1049 510 1304 558 superasset,
1336 502 1546 557 paulisper

195 567 395 608 seditione
421 566 625 620 remigum
650 574 711 606 est
737 573 920 606 retentus
947 565 988 605 in
1008 565 1259 620 Pamphylia
1283 565 1391 605 circa
1409 565 1546 618 Eury-

194 629 430 669 medontem
456 642 632 668 amnem.
692 627 789 667 inde
820 628 1053 681 profectum
1078 642 1172 668 eum
1198 626 1250 666 ad
1281 626 1416 680 capita
1441 639 1545 678 quae

194 698 342 731 vocant
371 689 464 729 Sari
495 689 675 729 fluminis
707 689 831 730 foeda
861 696 1086 743 tempestas
1120 689 1264 729 adorta
1294 702 1422 743 prope
1454 701 1547 727 011111

195 751 306 793 0111111
344 751 475 791 classe
514 751 721 791 demersit.
793 751 945 791 multae
983 752 1158 799 fractae,
1201 750 1355 790 multae
1393 749 1547 790 eiectae

195 828 335 861 naves,
363 813 515 852 multae
534 812 590 852 ita
615 813 787 853 haustae
809 813 923 862 mari,
949 820 993 852 ut
1019 827 1140 853 nemo
1160 811 1201 852 in
1222 820 1372 852 terram
1393 818 1546 852 enaret.

195 890 348 929 magna
374 875 435 914 vis
462 874 675 914 hominum
700 874 756 914 ibi
781 874 952 923 interiit,
984 889 1066 915 non
1092 874 1297 928 remigum
1323 875 1445 914 modo
1471 874 1547 914 nii-
1572 885 1591 916 S

194 937 393 989 litumque
418 936 583 991 ignotae
610 937 773 983 turbae,
807 937 880 976 sed
906 935 1031 976 etiam
1057 936 1283 990 insignium
1308 936 1419 989 regis
1447 936 1548 975 ami-

198 1013 350 1039 corum.
412 998 607 1038 conlectis
639 996 822 1050 reliquiis
848 998 1073 1051 naufragii,
1113 1012 1204 1038 cum
1230 1012 1296 1037 res
1322 1013 1404 1038 non
1431 998 1472 1038 in
1498 1013 1546 1038 00
1574 1009 1591 1037 9

196 1068 354 1109 essent,
392 1068 436 1100 ut
469 1058 655 1113 Cyprum
693 1066 930 1113 temptaret,
975 1059 1111 1099 minus
1150 1059 1345 1113 opulento
1384 1060 1548 1113 agmine

196 1137 319 1175 quam
343 1122 554 1176 profectus
581 1130 667 1161 erat
694 1121 928 1161 Seleuciam
958 1121 1090 1161 rediit.
1151 1120 1207 1160 ibi
1234 1121 1407 1161 subduci
1432 1121 1548 1161 navi-

195 1185 271 1223 bus
310 1183 434 1223 iussis
472 1206 527 1210 —
563 1181 646 1221 iam
683 1182 793 1221 0111111
830 1190 869 1222 01
907 1181 1038 1222 hiems
1075 1182 1260 1221 instabat
1290 1206 1345 1209 ——
1381 1181 1470 1236 ipse
1507 1182 1549 1221 in

197 1245 368 1285 hiberna
416 1244 685 1285 Antiochiam
733 1243 951 1284 concessit.
1029 1243 1071 1284 in
1119 1243 1197 1285 1100
1247 1251 1355 1284 statu
1403 1258 1549 1298 regum

196 1314 312 1348 erant>
347 1321 427 1347 res.

279 1367 534 1408 XXXXH.
572 1367 733 1408 Romae
753 1382 802 1408 00
827 1367 1006 1422 primum
1032 1382 1139 1408 anno
1161 1367 1323 1408 tresviri
1349 1366 1547 1422 epulones
1578 1380 1590 1408 1

195 1430 298 1471 facti
321 1429 370 1471 C.
396 1430 584 1470 Licinius
611 1430 813 1470 Lucullus
847 1429 1036 1470 tribunus
1062 1429 1215 1484 plebis,
1244 1429 1312 1482 qui
1338 1429 1473 1483 legem
1500 1429 1550 1468 de

197 1492 384 1532 creandis
412 1491 474 1532 his
501 1492 669 1540 tulerat,
702 1500 741 1532 01
766 1492 816 1532 P.
842 1491 1027 1531 Manlius
1055 1500 1093 1532 01
1118 1491 1167 1531 P.
1194 1491 1368 1532 Porcius
1395 1491 1549 1530 Laeca.

196 1553 246 1593 iis
277 1553 501 1593 triumviris
532 1553 631 1593 item
665 1562 706 1593 ut
738 1553 1002 1607 pontificibus
1034 1553 1126 1607 lege
1160 1553 1302 1593 datum
1334 1559 1395 1592 est
1427 1559 1550 1606 togae

197 1622 434 1669 praetextae
472 1614 687 1654 habendae
724 1614 800 1655 ius.
865 1615 939 1654 sed
974 1629 1172 1668 magnum
1210 1621 1418 1653 certamen
1458 1627 1550 1652 cum
1577 1627 1594 1656 -2

198 1676 388 1717 omnibus
421 1676 704 1716 sacerdotibus
733 1691 780 1716 eo
808 1691 914 1716 anno
940 1675 1017 1715 fuit
1049 1675 1338 1727 quaestoribus
1365 1675 1549 1721 urbanis,

199 1738 252 1790 Q.
277 1737 409 1778 Fabio
447 1737 637 1778 Labeoni
677 1745 715 1778 01
752 1738 804 1778 L.
837 1737 1023 1777 Aurelio.
1095 1736 1271 1790 pecunia
1307 1751 1410 1790 opus
1449 1743 1549 1783 erat,
1577 1751 1594 1780 3

199 1799 309 1852 quod
330 1799 514 1839 ultimam
536 1799 777 1854 pensionem
797 1799 997 1854 pecuniae
1016 1799 1057 1837 in
1080 1798 1232 1837 bellum
1254 1798 1439 1837 conlatae
1460 1812 1552 1851 per-

200 1861 303 1901 solvi
333 1861 542 1915 placuerat
574 1860 758 1915 privatis.
809 1869 1049 1913 quaestores
1077 1859 1127 1899 ab
1161 1859 1386 1913 auguribus
1418 1858 1553 1912 ponti-
1579 1874 1597 1902 4

200 1922 427 1975 ficibusque
454 1922 564 1975 quod
595 1922 846 1976 stipendium
876 1936 949 1975 per
980 1921 1250 1961 bellumnon
1282 1919 1553 1960 contulissent

198 1985 407 2039 petebant.
468 1985 519 2025 ab
547 1985 829 2025 sacerdotibus
862 1984 1014 2024 tribuni
1039 1983 1172 2038 plebis
1204 1983 1455 2035 nequiquam
1480 1982 1553 2023 ad-

198 2046 357 2101 pellati,
396 2046 663 2099 omniumque
701 2062 919 2094 annorum,
969 2060 1042 2100 per
1080 2060 1182 2098 quos
1220 2059 1303 2085 non
1340 2045 1550 2093 dederant,

199 2117 388 2148 exactum
422 2117 496 2149 est.
558 2109 703 2148 eodem
738 2123 844 2148 anno
877 2108 957 2147 duo
983 2107 1133 2148 mortui
1163 2107 1398 2161 pontifices·,
1437 2106 1553 2146 novi-
1578 2121 1596 2150 5

200 2184 278 2222 que
315 2169 357 2209 111
390 2185 531 2209 eorum
567 2170 703 2210 locum
737 2170 932 2218 subfecti,
971 2170 1033 2209 M.
1065 2169 1292 2208 BIarcellus
1331 2168 1474 2208 consul
1510 2167 1552 2207 in

199 2231 334 2271 locum
368 2230 416 2271 C.
446 2230 667 2285 Semproni
704 2231 922 2279 Tuditani,
962 2231 1031 2283 qui
1068 2238 1232 2285 praetor
1268 2230 1308 2269 in
1347 2229 1553 2284 Hispania

201 2292 455 2341 decesserat,
488 2300 528 2332 ct
552 2293 605 2332 L.
630 2293 825 2334 Valerius
850 2293 1027 2333 Flaccus
1060 2292 1101 2331 in
1132 2292 1268 2332 locuni
1293 2292 1355 2331 M.
1384 2290 1553 2332 Corneli

201 2352 393 2407 Cethegi.
455 2362 495 2394 01
520 2354 573 2404 Q.
599 2354 756 2394 Fabius
782 2354 996 2394 Maximus
1023 2369 1155 2408 augur
1180 2362 1365 2394 mortuus
1392 2362 1453 2393 est
1481 2353 1550 2392 ad·
1578 2367 1595 2396 63

200 2415 368 2455 modum
394 2415 656 2463 adolescens,
688 2415 930 2469 priusquam
960 2416 1090 2455 ullum
1115 2417 1403 2470 magistratum
1430 2429 1552 2468 cape-

199 2486 279 2526 ret3
306 2491 381 2517 nec
407 2492 456 2517 eo
481 2492 587 2517 anno
615 2493 744 2531 augur
769 2477 810 2516 in
836 2477 923 2517 eius
948 2477 1083 2517 locum
1111 2485 1173 2518 est
1200 2478 1425 2518 subfectus.

286 2537 465 2579 Comitia
490 2539 584 2578 inde
610 2539 843 2579 consularia
867 2539 1006 2579 habita
1027 2554 1046 2579 a
1063 2539 1124 2580 M.
1138 2539 1341 2579 BIarcello
1367 2539 1548 2579 consule.
1579 2552 1595 2580 7

201 2601 326 2642 creati
353 2601 541 2642 eonsules
568 2602 621 2642 L.
648 2601 841 2644 Valerius
867 2601 1044 2642 Flaccus
1072 2608 1111 2642 et
1136 2601 1198 2642 M.
1224 2602 1398 2642 Porcius
1427 2600 1546 2642 Cato.

1573 641 1589 669 &l
