1799 2900
169 519 187 536 ἢ

169 641 187 669 3

168 764 187 792 4

169 1075 187 1102 0⁷1

169 1567 187 1595 10

169 2311 185 2339 *l

166 2370 186 2399 α)

218 85 297 127 168
440 94 592 127 LIBER
618 92 826 137 xxme,
847 93 992 127 54—56.
1014 96 1061 137 [a.
1077 105 1111 128 u.
1127 105 1156 129 c.
1171 95 1246 129 560.
1261 95 1342 138 561]

216 197 320 238 adeo
350 196 450 237 nihil
489 202 646 235 motum
678 210 729 236 ex
767 195 935 248 antiquo
971 197 1185 251 probabile
1223 206 1305 247 est3
1346 199 1568 248 veteribus,

215 259 294 299 nisi
321 273 425 311 quae
451 272 550 297 usus
577 257 790 298 evidenter
816 258 964 312 arguit,
992 259 1090 298 stari
1115 259 1286 300 malunt.

301 321 396 361 LV.
443 319 655 374 Principio
683 320 791 368 anni,
819 334 898 373 quo
925 321 978 361 L.
1006 320 1244 370 Cornelius,
1278 322 1331 373 Q.
1358 322 1570 363 Blinucius

215 382 405 422 consules
433 381 611 430 fuerunt,
640 390 771 423 terrae
797 391 933 423 motus
960 383 1016 423 ita
1037 383 1167 424 crebri
1193 385 1500 433 nuntiabantur,
1528 395 1572 425 ut

214 460 297 484 11011
328 444 387 484 rei
419 451 579 484 tantum
611 444 762 499 ipsius,
802 445 875 486 scd
907 445 1102 485 feriarum
1135 460 1296 499 quoquc
1323 447 1375 486 ob
1400 447 1442 486 id
1468 447 1571 487 indi-

215 514 373 545 ctarum
415 505 605 546 homines
649 506 852 555 taederet3
900 522 998 547 nam
1040 522 1174 560 neque
1213 517 1381 548 senatus
1428 508 1570 549 haberi

212 582 347 620 neque
377 582 443 608 res
480 567 648 623 publica
684 567 963 608 administrari
999 576 1161 623 poterat
1199 570 1468 610 sacrificando
1501 585 1571 610 ex-

213 629 449 684 piandoque
492 629 703 684 occupatis
747 630 1001 671 consulibus.
1074 638 1284 685 postremo
1327 631 1570 672 decemviris

213 691 325 731 adire
362 690 490 731 libros
528 691 673 740 iussis,
712 706 764 731 ex
799 706 1002 746 responso
1034 707 1177 733 eorum
1215 692 1462 746 supplicatio
1499 708 1572 748 per

214 752 395 792 triduum
426 753 517 793 fuit.
578 753 763 794 coronati
796 753 849 793 ad
880 753 1018 794 omnia
1048 753 1280 807 pulvinaria
1312 754 1572 808 supplicave-

213 822 320 863 runt,
348 815 610 868 edictumque
631 823 706 864 est,
733 822 778 855 ut
797 830 954 865 omnes,
977 816 1045 869 qui
1066 831 1117 856 ex
1135 830 1218 856 una
1244 816 1398 856 familia
1419 824 1571 866 essent,

215 876 495 931 supplicarent
521 876 687 932 pariter.
718 877 819 918 item
844 892 896 918 ex
921 877 1164 919 auctoritate
1191 886 1358 918 senatus
1379 879 1570 919 eonsules

214 938 449 987 edixerunt,
487 953 539 979 ne
571 938 683 992 quis,
722 953 802 992 quo
829 939 894 979 die
927 946 1059 980 terrae
1084 947 1199 980 motu
1230 940 1418 981 nuntiato
1443 940 1571 981 feriae

213 1000 392 1041 indictae
430 1008 588 1048 essent,
628 1016 676 1042 eo
716 1001 781 1041 die
819 1001 945 1041 alium
987 1008 1121 1042 terrae
1155 1009 1316 1042 motum
1350 1003 1570 1042 nuntiaret.

213 1062 448 1116 provincias
481 1063 630 1104 deinde
662 1063 854 1103 consules
886 1063 1021 1118 prius,
1060 1072 1148 1104 tum
1179 1072 1391 1118 praetores
1425 1064 1570 1105 sortiti.

216 1122 411 1164 Cornelio
428 1123 577 1173 Gallia,
604 1125 792 1165 BIinucio
814 1125 996 1179 Ligures
1025 1133 1269 1175 evenerunt3
1297 1126 1429 1167 sortiti
1453 1141 1572 1180 prae-

214 1194 324 1225 tores
358 1184 406 1225 C.
437 1184 678 1226 Scribonius
716 1187 938 1235 urbanam,
975 1187 1038 1227 M.
1065 1187 1258 1229 Valerius
1295 1187 1570 1241 peregrinam,

214 1247 267 1287 L.
296 1246 515 1287 Cornelius
544 1246 748 1295 Siciliam,
776 1247 830 1288 L.
856 1248 1032 1288 Porcius
1061 1247 1310 1296 Sardiniam,
1340 1248 1388 1289 C.
1415 1249 1571 1289 Flami-

214 1308 306 1349 nius
333 1308 584 1363 Hispaniam
616 1309 865 1359 citeriorem,
897 1310 959 1351 M.
985 1310 1159 1351 Fulvius
1185 1311 1435 1365 Hispaniam
1466 1312 1570 1352 ulte-

214 1369 375 1411 riorem.

299 1432 419 1474 LVI.
467 1432 580 1472 Nihil
617 1447 666 1473 eo
698 1448 806 1473 anno
842 1433 939 1473 belli
977 1435 1292 1488 expectantibus
1330 1435 1569 1475 consulibus

214 1493 373 1533 litterae
404 1493 466 1533 M.
496 1492 616 1534 Cinci
640 1519 697 1523 —
721 1495 956 1549 praefectus
988 1495 1023 1535 is
1054 1495 1166 1535 Pisis
1202 1503 1287 1535 erat
1313 1520 1368 1524 —
1394 1496 1569 1545 adlatae,

215 1555 422 1609 Ligurum
443 1555 590 1609 viginti
614 1555 728 1596 milia
754 1564 1004 1596 armatorum
1031 1556 1312 1598 coniuratione
1338 1572 1412 1612 per
1433 1557 1571 1598 omnia

214 1616 485 1657 conciliabula
528 1617 747 1658 universae
785 1618 920 1672 gentis
959 1618 1070 1658 facta
1106 1619 1350 1660 Lunensem
1393 1620 1571 1674 primum

213 1693 359 1732 agrum
391 1678 684 1733 depopulatos,
722 1679 924 1720 Pisanum
950 1680 1098 1720 deinde
1129 1680 1253 1721 finem
1285 1689 1569 1735 transgressos

214 1755 380 1781 omnem
405 1755 520 1781 oram
546 1740 670 1781 maris
698 1757 959 1796 peragrasse.
1008 1742 1146 1794 itaque
1171 1742 1383 1783 Blinucius
1412 1744 1569 1791 consul,

212 1801 276 1841 cui
302 1801 483 1856 Ligures
511 1802 723 1856 provincia
748 1810 962 1851 evenerat,
989 1818 1040 1843 ex
1066 1804 1307 1845 auctoritate
1335 1812 1502 1845 senatus
1527 1804 1570 1844 in

211 1872 346 1904 rostra
371 1864 557 1905 escendit:
583 1873 623 1905 et
648 1864 794 1914 edixit,
821 1873 866 1906 ut
891 1864 1077 1919 legiones
1104 1866 1208 1906 duae
1234 1867 1436 1914 urbanae,
1464 1881 1568 1919 quae

212 1925 422 1980 superiore
460 1941 568 1967 anno
588 1927 859 1981 ⁸conscriptae
893 1934 1052 1974 essent,
1089 1936 1186 1981 post
1223 1927 1331 1967 diem
1364 1928 1566 1968 decimum

210 1988 353 2028 Arreti
378 1981 666 2029 adessentsin
699 2004 841 2029 earum
872 1989 1009 2030 locum
1036 2004 1079 2029 se
1106 1989 1208 2030 duas
1235 1990 1420 2044 legiones
1446 1990 1568 2030 urba-

211 2065 285 2090 nas
313 2050 574 2105 scripturum.
635 2050 734 2091 item
760 2051 883 2091 sociis
910 2057 948 2091 et
974 2050 1129 2091 Latino
1155 2051 1323 2099 nomini,
1351 2051 1568 2106 magistra-

212 2111 320 2152 tibus
347 2112 578 2167 legatisque
605 2127 759 2161 eorum,
787 2112 855 2165 qui
875 2112 1027 2152 milites
1055 2112 1152 2153 darc
1179 2113 1398 2161 debebant,
1426 2113 1566 2161 edixit,

211 2180 255 2213 ut
278 2174 320 2213 in
337 2172 544 2228 Capitolio
572 2189 615 2215 se
641 2174 814 2214 adirent.
851 2173 900 2214 iis
923 2173 1158 2227 quindecim
1184 2175 1297 2214 milia
1322 2174 1508 2228 peditum
1529 2182 1567 2215 ct

211 2235 459 2289 quingentos
492 2236 670 2288 equites,
702 2251 776 2291 pro
809 2251 980 2277 numero
1013 2236 1211 2289 cuiusque
1244 2236 1469 2285 iuniorum,
1508 2236 1568 2276 di—

213 2297 375 2351 scripsit
402 2304 440 2338 et
465 2297 560 2339 inde
587 2313 638 2338 ex
655 2296 863 2352 Capitolio
882 2298 1070 2353 protinus
1096 2298 1153 2338 ire
1180 2299 1232 2338 ad
1257 2307 1418 2353 portam
1445 2310 1496 2345 et,
1522 2305 1566 2338 ut

212 2366 485 2399 maturaretur
521 2375 606 2408 res,
652 2360 857 2415 proficisci
895 2361 947 2400 ad
984 2360 1179 2400 dilectum
1214 2360 1346 2400 iussit.
1417 2359 1566 2401 Fulvio

209 2420 498 2473 Flaminioque
536 2428 653 2462 terna
688 2422 802 2462 milia
837 2422 1123 2462 Romanorum
1159 2421 1365 2476 peditum,
1404 2422 1563 2462 centeni

211 2480 368 2533 equites
400 2481 442 2521 in
480 2483 812 2537 supplementum
851 2491 890 2524 01
928 2483 1053 2537 quina
1088 2484 1200 2524 milia
1233 2484 1390 2524 socium
1421 2483 1563 2525 Latini

211 2542 387 2582 nominis
426 2550 464 2583 et
503 2544 649 2585 duceni
687 2545 845 2598 equites
884 2546 1056 2595 decreti,
1093 2546 1414 2598 mandatumque
1445 2559 1562 2599 prae·
