1799 2900
465 103 618 137 LIBER
642 102 843 147 xxxvii,
870 103 924 136 31.
945 102 998 135 32.
1027 104 1074 144 [a.
1091 101 1127 135 c,
1145 100 1225 143 190]
1439 89 1518 131 287

171 210 381 264 regionem
412 222 555 248 versos
586 213 729 261 portus
761 206 990 246 tutissimos
1021 205 1158 246 habet.
1219 203 1289 257 qui
1324 203 1366 243 in
1402 202 1523 243 meri-
1550 215 1589 246 10

171 273 279 312 diem
303 269 455 324 vergit,
481 269 534 309 ab
558 283 602 309 re
629 268 836 323 adpellant
850 267 1168 316 Naustathmon,
1196 267 1291 320 quia
1311 265 1522 320 ingentem

170 334 253 374 vim
278 332 447 373 navium
472 331 599 386 capit,
628 331 729 371 alter
754 345 882 385 prope
907 330 1044 384 ipsum
1069 330 1299 383 Lamptera
1324 336 1398 368 est.

253 394 459 435 XXXII.
508 395 601 435 Hos
627 401 769 448 portus
797 393 1025 433 tutissimos
1053 407 1145 432 cum
1171 398 1413 445 occupasset
1438 390 1524 430 Ro·
1554 404 1564 431 1

170 472 292 497 mana
317 456 482 505 classis,
519 455 762 510 priusquam
792 462 862 494 aut
896 454 1017 495 scalis
1049 462 1117 494 aut
1144 453 1336 508 operibus
1361 452 1526 493 moenia

171 518 484 573 adgrederetur,
533 517 756 557 mittendos
795 516 953 556 censuit
989 523 1153 570 praetor
1189 516 1259 568 qui
1293 514 1524 570 principum

170 580 569 635 magistratuumque
595 579 754 619 animos
781 585 1042 632 temptarent.
1096 585 1318 632 postquam
1344 575 1526 617 obstina-

171 651 234 684 tos
255 642 369 689 vidit,
397 641 556 682 duobus
579 640 699 681 simul
718 640 819 681 locis
841 641 1082 695 obpugnare
1103 648 1165 680 est
1186 639 1366 679 adortus.
1399 638 1527 678 altera
1552 650 1569 679 2

170 719 266 759 pars
292 703 531 756 infrequens
559 701 754 743 aedificiis
787 709 891 750 erat,
929 701 1083 755 templa
1115 701 1238 741 deum
1271 700 1525 752 aliquantum

171 766 368 807 tenebant
392 765 470 806 loci
480 781 490 814 3
529 780 578 805 ea
601 765 714 819 prius
741 764 868 804 ariete
894 764 1059 804 admoto
1085 770 1252 816 quatere
1278 776 1416 802 muros
1444 770 1527 801 tur-
1553 773 1571 801 3

172 842 319 880 resque
345 827 498 881 coepit3
537 827 633 867 dein
664 840 755 866 cum
787 841 835 866 eo
867 825 1085 866 multitudo
1118 825 1356 865 obcurreret
1379 823 1432 863 ad
1457 822 1528 862 de-

172 889 443 938 fendendum,
481 889 609 929 altera
645 902 807 941 quoque
838 896 953 942 parte
985 887 1175 927 admotus
1208 886 1335 934 aries3
1375 892 1414 925 et
1445 884 1525 924 iam
1554 892 1573 919 4

170 951 375 1004 utrimque
402 951 689 991 sternebantur
713 949 831 989 muri.
893 949 944 988 ad
976 963 1150 1000 quorum
1181 961 1323 987 casum
1349 961 1443 986 cum
1468 946 1528 985 in-

172 1022 312 1068 petum
343 1012 522 1053 Romani
554 1011 704 1051 milites
735 1026 808 1064 per
838 1010 971 1064 ipsam
1012 1017 1192 1062 stragem
1224 1009 1432 1048 ruinarum
1467 1007 1528 1047 fa-

173 1083 329 1123 cerent,
368 1075 435 1114 alii
469 1073 591 1114 scalis
624 1072 747 1113 etiam
777 1086 995 1112 ascensum
1026 1071 1067 1110 in
1100 1085 1239 1111 muros
1266 1078 1527 1124 temptarent,

173 1139 275 1178 adeo
300 1137 506 1178 obstinate
531 1135 719 1176 restitere
745 1134 959 1189 oppidani,
987 1143 1029 1173 ut
1057 1133 1176 1173 facile
1197 1133 1414 1187 adpareret
1435 1131 1528 1185 plus
1556 1141 1574 1170 5

171 1200 213 1240 111
232 1199 355 1240 armis
379 1207 418 1239 et
438 1198 586 1238 virtute
609 1212 732 1250 quam
751 1197 794 1237 in
812 1192 1029 1237 moenibus
1052 1195 1191 1236 auxilii
1211 1209 1317 1235 esse.
1362 1201 1528 1234 coactus
1557 1203 1574 1231 6

172 1276 270 1316 ergo
296 1260 478 1315 periculo
506 1259 681 1299 militum
708 1267 872 1313 praetor
897 1257 1081 1312 receptui
1107 1257 1198 1297 cani
1223 1256 1355 1304 iussit,
1382 1271 1433 1296 ne
1459 1255 1530 1296 ob-

171 1323 297 1364 iceret
320 1324 508 1363 incautos
530 1321 762 1362 furentibus
787 1321 1076 1375 desperatione
1096 1333 1143 1360 ac
1162 1319 1288 1359 rabie.
1327 1318 1530 1372 dirempto
1559 1328 1574 1355 ῖ

172 1385 345 1440 proelio,
384 1400 435 1425 nc
467 1392 552 1425 tum
585 1384 752 1437 quidem
784 1384 836 1424 ad
868 1383 1047 1436 quictem
1080 1382 1206 1430 versi,
1245 1381 1318 1422 sed
1350 1380 1531 1433 undique

172 1462 315 1489 omnes
354 1447 407 1487 ad
444 1446 667 1487 munienda
703 1454 744 1486 et
785 1445 1049 1487 obmolienda
1091 1458 1196 1497 quae
1238 1443 1366 1483 ruinis
1405 1450 1533 1483 strata

173 1517 288 1551 erant
315 1516 621 1550 concurrerunt.
671 1508 767 1548 huic
793 1508 907 1562 operi
927 1507 1094 1547 intentis
1117 1505 1355 1560 supervenit
1371 1504 1423 1556 Q.
1439 1505 1530 1544 Δη-
1556 1511 1574 1541 S

173 1572 324 1619 tonius,
351 1585 375 1611 a
399 1578 587 1625 praetore
613 1570 786 1619 missus,
815 1570 884 1623 qui
910 1569 1113 1623 castigata
1137 1567 1365 1623 pertinacia
1390 1582 1532 1608 corum

172 1633 372 1674 maiorem
397 1646 537 1672 curam
561 1632 763 1672 Romanis
796 1646 918 1684 quam
949 1630 1029 1671 illis
1063 1630 1300 1671 ostenderet
1330 1643 1441 1676 esse,
1479 1642 1531 1668 nc

173 1695 215 1735 in
239 1694 463 1749 pernicicm
488 1694 601 1734 urbis
627 1701 901 1748 pugnaretur:
929 1692 963 1732 si
983 1691 1185 1732 absistere
1206 1691 1343 1731 furore
1364 1689 1530 1737 vellent,
1557 1698 1574 1728 9

173 1764 423 1812 potestatem
447 1756 496 1796 iis
524 1756 610 1796 dari
636 1756 781 1796 eadem
807 1754 1067 1803 condicione,
1094 1768 1174 1806 qua
1200 1753 1313 1808 prius
1341 1751 1391 1792 C.
1419 1751 1533 1791 Livii

174 1819 217 1859 in
252 1819 377 1859 fidem
414 1818 644 1866 venissent,
689 1832 732 1858 sc
769 1817 972 1857 tradendi.
1034 1816 1137 1856 haec
1175 1829 1268 1855 cum
1306 1813 1531 1861 audissent,
1563 1822 1600 1850 10

175 1881 356 1934 quinque
383 1880 540 1921 dierum
568 1880 701 1935 spatio
724 1880 776 1920 ad
797 1878 1109 1919 deliberandum
1130 1884 1306 1931 sumpto,
1334 1882 1534 1930 temptata

175 1943 338 1984 interim
371 1957 443 1997 spe
476 1943 616 1982 auxilii
648 1943 700 1983 ab
731 1941 960 1988 Antiocho,
999 1947 1220 1995 postquam
1256 1937 1381 1993 legati
1418 1936 1535 1977 missi

177 2005 229 2046 ad
252 2020 396 2059 regem
420 2004 519 2044 nihil
546 2005 589 2044 in
614 2020 662 2045 eo
688 2019 780 2045 esse
806 2002 1003 2058 praesidii
1026 2002 1288 2049 rettulerant,
1327 2010 1415 2040 tum
1439 2013 1534 2053 por-

177 2079 239 2107 tas
277 2074 526 2121 aperuerunt
563 2067 690 2121 pacti,
729 2081 781 2106 ne
818 2065 918 2119 quid
948 2064 1097 2106 hostile
1128 2070 1379 2118 paterentur.
1441 2075 1535 2100 cum
1563 2070 1599 2098 11

178 2128 297 2182 signa
322 2128 363 2167 in
387 2129 533 2168 urbem
557 2129 807 2169 inferrentur
833 2136 874 2168 et
897 2127 1207 2182 pronuntiasset
1233 2132 1398 2180 praetor
1422 2121 1535 2177 parci

179 2205 223 2231 se
249 2190 397 2230 deditis
424 2190 548 2238 velle,
587 2191 740 2231 clamor
771 2189 954 2242 undiquc
979 2196 1043 2229 est
1074 2188 1280 2235 sublatus,
1318 2185 1533 2239 indignum

178 2251 339 2292 facinus
361 2266 470 2299 esse,
496 2252 797 2299 Phocaeensis,
824 2266 1050 2304 numquam
1070 2251 1174 2290 fidos
1196 2249 1344 2296 socios,
1372 2261 1535 2301 semper

179 2312 352 2353 infestos
379 2313 530 2361 hostis,
556 2313 709 2367 inpune
736 2313 915 2353 eludere.
971 2313 1022 2352 ab
1047 2312 1125 2351 hac
1150 2325 1250 2351 voce
1277 2309 1388 2349 velut
1415 2309 1533 2362 signo
1562 2317 1600 2346 12

180 2390 203 2415 a
220 2382 409 2429 praetore
436 2375 531 2415 dato
558 2375 610 2414 ad
634 2374 906 2428 diripiendam
931 2374 1075 2414 urbem
1101 2372 1259 2426 passim
1285 2371 1532 2411 discurrunt.

180 2437 385 2477 Aemilius
406 2437 538 2491 primo
558 2437 750 2477 resistere
771 2443 811 2476 et
829 2451 900 2476 iet
904 2450 1023 2476 ocare
1044 2434 1237 2482 dicendo,
1265 2440 1424 2488 captas,
1451 2447 1534 2472 non

180 2499 339 2539 deditas
366 2498 485 2552 diripi
510 2499 632 2539 urbes
660 2504 699 2538 et
724 2497 766 2537 in
790 2497 853 2537 his
880 2504 1019 2537 tamen
1043 2495 1320 2550 imperatoris,
1352 2509 1434 2535 non
1459 2494 1535 2533 mi-

179 2560 296 2600 litum
328 2559 541 2600 arbitrium
578 2574 683 2601 esse.
743 2566 964 2614 postquam
994 2558 1054 2598 ira
1085 2565 1124 2598 et
1161 2572 1210 2597 ax
1215 2556 1332 2597 ⁸iritia
1361 2555 1532 2610 imperio
1562 2565 1602 2597 13
