<?xml version="1.0" encoding="UTF-8"?>
<!DOCTYPE html PUBLIC "-//W3C//DTD XHTML 1.0 Transitional//EN"
    "http://www.w3.org/TR/xhtml1/DTD/xhtml1-transitional.dtd">
<html xmlns="http://www.w3.org/1999/xhtml" xml:lang="en" lang="en">
 <head>
  <title>
</title>
<meta http-equiv="Content-Type" content="text/html;charset=utf-8" />
  <meta name='ocr-system' content='tesseract 3.04.00' />
  <meta name='ocr-capabilities' content='ocr_page ocr_carea ocr_par ocr_line ocrx_word'/>
</head>
<body>
  <div class='ocr_page' id='page_1' title='image "./aburbeconditalib03livyuoft_0315.png"; bbox 0 0 1799 2900; ppageno 0'>
   <div class='ocr_carea' id='block_1_1' title="bbox 507 91 1524 145">
    <p class='ocr_par' dir='ltr' id='par_1_1' title="bbox 507 91 1524 145">
     <span class='ocr_line' id='line_1_1' title="bbox 507 91 1524 145; baseline -0.003 -10"><span class='ocrx_word' id='word_1_1' title='bbox 507 101 659 135; x_wconf 80' lang='lat' dir='ltr'><strong>LIBER</strong></span> <span class='ocrx_word' id='word_1_2' title='bbox 685 101 869 145; x_wconf 77' lang='lat' dir='ltr'>xxxvi,</span> <span class='ocrx_word' id='word_1_3' title='bbox 901 102 949 136; x_wconf 83' lang='lat'>17.</span> <span class='ocrx_word' id='word_1_4' title='bbox 978 102 1180 145; x_wconf 77' lang='lat' dir='ltr'>[a.c.191]</span> <span class='ocrx_word' id='word_1_5' title='bbox 1440 91 1524 133; x_wconf 78' lang='lat'>235</span> 
     </span>
    </p>
   </div>
   <div class='ocr_carea' id='block_1_2' title="bbox 160 204 1522 2556">
    <p class='ocr_par' dir='ltr' id='par_1_2' title="bbox 160 204 1522 2556">
     <span class='ocr_line' id='line_1_2' title="bbox 165 204 1522 253; baseline -0.002 -6"><span class='ocrx_word' id='word_1_6' title='bbox 165 205 327 247; x_wconf 85' lang='lat' dir='ltr'>Aetolis</span> <span class='ocrx_word' id='word_1_7' title='bbox 354 204 468 253; x_wconf 80' lang='lat' dir='ltr'>vidit,</span> <span class='ocrx_word' id='word_1_8' title='bbox 493 204 556 245; x_wconf 77' lang='lat' dir='ltr'>M,</span> <span class='ocrx_word' id='word_1_9' title='bbox 577 205 774 245; x_wconf 86' lang='lat' dir='ltr'>Porcium</span> <span class='ocrx_word' id='word_1_10' title='bbox 797 204 1001 247; x_wconf 87' lang='lat' dir='ltr'>Catonem</span> <span class='ocrx_word' id='word_1_11' title='bbox 1028 213 1068 246; x_wconf 86' lang='lat' dir='ltr'>et</span> <span class='ocrx_word' id='word_1_12' title='bbox 1092 205 1146 246; x_wconf 90' lang='lat' dir='ltr'>L.</span> <span class='ocrx_word' id='word_1_13' title='bbox 1161 205 1376 248; x_wconf 84' lang='lat' dir='ltr'>Valerium</span> <span class='ocrx_word' id='word_1_14' title='bbox 1400 204 1522 245; x_wconf 85' lang='lat' dir='ltr'>Flac-</span> 
     </span>
     <span class='ocr_line' id='line_1_3' title="bbox 163 266 1522 322; baseline 0 -14"><span class='ocrx_word' id='word_1_15' title='bbox 163 283 257 308; x_wconf 87' lang='lat' dir='ltr'>cum</span> <span class='ocrx_word' id='word_1_16' title='bbox 282 266 510 307; x_wconf 87' lang='lat' dir='ltr'>consularis</span> <span class='ocrx_word' id='word_1_17' title='bbox 536 266 697 321; x_wconf 78' lang='lat' dir='ltr'>legatos</span> <span class='ocrx_word' id='word_1_18' title='bbox 724 282 817 307; x_wconf 90' lang='lat' dir='ltr'>cum</span> <span class='ocrx_word' id='word_1_19' title='bbox 842 268 950 308; x_wconf 84' lang='lat' dir='ltr'>binis</span> <span class='ocrx_word' id='word_1_20' title='bbox 977 268 1143 308; x_wconf 89' lang='lat' dir='ltr'>milibus</span> <span class='ocrx_word' id='word_1_21' title='bbox 1171 267 1424 308; x_wconf 84' lang='lat' dir='ltr'>delectorum</span> <span class='ocrx_word' id='word_1_22' title='bbox 1450 282 1522 322; x_wconf 90' lang='lat' dir='ltr'>pe-</span> 
     </span>
     <span class='ocr_line' id='line_1_4' title="bbox 163 328 1521 378; baseline 0 -9"><span class='ocrx_word' id='word_1_23' title='bbox 163 330 294 370; x_wconf 85' lang='lat' dir='ltr'>ditum</span> <span class='ocrx_word' id='word_1_24' title='bbox 320 328 373 368; x_wconf 90' lang='lat' dir='ltr'>ad</span> <span class='ocrx_word' id='word_1_25' title='bbox 399 328 570 368; x_wconf 85' lang='lat' dir='ltr'>castella</span> <span class='ocrx_word' id='word_1_26' title='bbox 594 329 854 378; x_wconf 76' lang='lat' dir='ltr'>Aetolorum,</span> <span class='ocrx_word' id='word_1_27' title='bbox 880 330 1078 370; x_wconf 78' lang='lat' dir='ltr'>Flaccum</span> <span class='ocrx_word' id='word_1_28' title='bbox 1105 329 1146 369; x_wconf 90' lang='lat' dir='ltr'>in</span> <span class='ocrx_word' id='word_1_29' title='bbox 1172 329 1457 370; x_wconf 85' lang='lat' dir='ltr'>Rhoduntiam</span> <span class='ocrx_word' id='word_1_30' title='bbox 1481 336 1521 370; x_wconf 88' lang='lat' dir='ltr'>et</span> 
     </span>
     <span class='ocr_line' id='line_1_5' title="bbox 162 389 1520 446; baseline -0.001 -14"><span class='ocrx_word' id='word_1_31' title='bbox 162 391 399 439; x_wconf 80' lang='lat' dir='ltr'>Tichiunta,</span> <span class='ocrx_word' id='word_1_32' title='bbox 417 389 623 431; x_wconf 86' lang='lat' dir='ltr'>Catonem</span> <span class='ocrx_word' id='word_1_33' title='bbox 637 390 679 431; x_wconf 89' lang='lat' dir='ltr'>in</span> <span class='ocrx_word' id='word_1_34' title='bbox 695 391 994 432; x_wconf 84' lang='lat' dir='ltr'>Callidromum</span> <span class='ocrx_word' id='word_1_35' title='bbox 1009 392 1146 432; x_wconf 86' lang='lat' dir='ltr'>mittit.</span> <span class='ocrx_word' id='word_1_36' title='bbox 1175 392 1263 446; x_wconf 89' lang='lat' dir='ltr'>ipse</span> <span class='ocrx_word' id='word_1_37' title='bbox 1280 391 1520 446; x_wconf 82' lang='lat' dir='ltr'>priusquam</span> 
     </span>
     <span class='ocr_line' id='line_1_6' title="bbox 163 453 1522 507; baseline -0.001 -13"><span class='ocrx_word' id='word_1_38' title='bbox 163 453 215 494; x_wconf 87' lang='lat' dir='ltr'>ad</span> <span class='ocrx_word' id='word_1_39' title='bbox 241 453 405 493; x_wconf 79' lang='lat' dir='ltr'>hostem</span> <span class='ocrx_word' id='word_1_40' title='bbox 432 453 572 507; x_wconf 89' lang='lat' dir='ltr'>copias</span> <span class='ocrx_word' id='word_1_41' title='bbox 600 453 858 502; x_wconf 80' lang='lat' dir='ltr'>admoveret,</span> <span class='ocrx_word' id='word_1_42' title='bbox 892 463 1061 494; x_wconf 74' lang='lat' dir='ltr'>vocatos</span> <span class='ocrx_word' id='word_1_43' title='bbox 1087 454 1129 494; x_wconf 88' lang='lat' dir='ltr'>in</span> <span class='ocrx_word' id='word_1_44' title='bbox 1156 453 1390 494; x_wconf 88' lang='lat' dir='ltr'>contionem</span> <span class='ocrx_word' id='word_1_45' title='bbox 1415 453 1522 493; x_wconf 86' lang='lat' dir='ltr'>mili-</span> 
     </span>
     <span class='ocr_line' id='line_1_7' title="bbox 163 516 1520 571; baseline -0.001 -14"><span class='ocrx_word' id='word_1_46' title='bbox 163 523 224 557; x_wconf 86' lang='lat' dir='ltr'>tes</span> <span class='ocrx_word' id='word_1_47' title='bbox 256 516 400 570; x_wconf 84' lang='lat' dir='ltr'>paucis</span> <span class='ocrx_word' id='word_1_48' title='bbox 433 523 497 556; x_wconf 82' lang='lat' dir='ltr'>est</span> <span class='ocrx_word' id='word_1_49' title='bbox 529 516 759 557; x_wconf 86' lang='lat' dir='ltr'>adlocutus.</span> <span class='ocrx_word' id='word_1_50' title='bbox 822 517 1061 571; x_wconf 84' lang='lat' dir='ltr'>‘plerosque</span> <span class='ocrx_word' id='word_1_51' title='bbox 1099 516 1283 557; x_wconf 89' lang='lat' dir='ltr'>omnium</span> <span class='ocrx_word' id='word_1_52' title='bbox 1316 517 1520 563; x_wconf 83' lang='lat' dir='ltr'>ordinum,</span> 
     </span>
     <span class='ocr_line' id='line_1_8' title="bbox 161 577 1521 632; baseline 0 -14"><span class='ocrx_word' id='word_1_53' title='bbox 161 578 328 627; x_wconf 80' lang='lat' dir='ltr'>milites,</span> <span class='ocrx_word' id='word_1_54' title='bbox 355 577 461 618; x_wconf 90' lang='lat' dir='ltr'>inter</span> <span class='ocrx_word' id='word_1_55' title='bbox 486 593 560 619; x_wconf 71' lang='lat' dir='ltr'>vos</span> <span class='ocrx_word' id='word_1_56' title='bbox 588 593 680 619; x_wconf 85' lang='lat' dir='ltr'>esse</span> <span class='ocrx_word' id='word_1_57' title='bbox 706 579 840 627; x_wconf 68' lang='lat' dir='ltr'>video,</span> <span class='ocrx_word' id='word_1_58' title='bbox 868 579 937 632; x_wconf 84' lang='lat' dir='ltr'>qui</span> <span class='ocrx_word' id='word_1_59' title='bbox 962 579 1004 618; x_wconf 90' lang='lat' dir='ltr'>in</span> <span class='ocrx_word' id='word_1_60' title='bbox 1030 578 1107 618; x_wconf 88' lang='lat' dir='ltr'>hac</span> <span class='ocrx_word' id='word_1_61' title='bbox 1133 579 1276 619; x_wconf 89' lang='lat' dir='ltr'>eadem</span> <span class='ocrx_word' id='word_1_62' title='bbox 1309 578 1521 632; x_wconf 85' lang='lat' dir='ltr'>provincia</span> 
     </span>
     <span class='ocr_line' id='line_1_9' title="bbox 162 640 1520 695; baseline -0.001 -14"><span class='ocrx_word' id='word_1_63' title='bbox 162 641 213 682; x_wconf 85' lang='lat' dir='ltr'>T.</span> <span class='ocrx_word' id='word_1_64' title='bbox 241 640 414 693; x_wconf 82' lang='lat' dir='ltr'>Quincti</span> <span class='ocrx_word' id='word_1_65' title='bbox 445 641 570 681; x_wconf 87' lang='lat' dir='ltr'>ductu</span> <span class='ocrx_word' id='word_1_66' title='bbox 596 641 863 695; x_wconf 88' lang='lat' dir='ltr'>auspicioque</span> <span class='ocrx_word' id='word_1_67' title='bbox 893 641 1182 682; x_wconf 80' lang='lat' dir='ltr'>militaveritis.</span> <span class='ocrx_word' id='word_1_68' title='bbox 1242 640 1520 681; x_wconf 84' lang='lat' dir='ltr'>Macedonico</span> 
     </span>
     <span class='ocr_line' id='line_1_10' title="bbox 163 702 1519 757; baseline -0.001 -14"><span class='ocrx_word' id='word_1_69' title='bbox 163 703 271 743; x_wconf 84' lang='lat' dir='ltr'>bello</span> <span class='ocrx_word' id='word_1_70' title='bbox 304 703 653 757; x_wconf 81' lang='lat' dir='ltr'>inexuperabilior</span> <span class='ocrx_word' id='word_1_71' title='bbox 685 703 813 744; x_wconf 90' lang='lat' dir='ltr'>saltus</span> <span class='ocrx_word' id='word_1_72' title='bbox 848 703 900 743; x_wconf 89' lang='lat' dir='ltr'>ad</span> <span class='ocrx_word' id='word_1_73' title='bbox 932 718 1096 743; x_wconf 83' lang='lat' dir='ltr'>amnem</span> <span class='ocrx_word' id='word_1_74' title='bbox 1121 704 1261 743; x_wconf 88' lang='lat' dir='ltr'>Aoum</span> <span class='ocrx_word' id='word_1_75' title='bbox 1293 702 1371 743; x_wconf 86' lang='lat' dir='ltr'>fuit</span> <span class='ocrx_word' id='word_1_76' title='bbox 1396 717 1519 755; x_wconf 87' lang='lat' dir='ltr'>quam</span> 
     </span>
     <span class='ocr_line' id='line_1_11' title="bbox 163 764 1520 819; baseline -0.001 -14"><span class='ocrx_word' id='word_1_77' title='bbox 163 765 248 805; x_wconf 88' lang='lat' dir='ltr'>hic:</span> <span class='ocrx_word' id='word_1_78' title='bbox 287 765 438 819; x_wconf 82' lang='lat' dir='ltr'>quippe</span> <span class='ocrx_word' id='word_1_79' title='bbox 475 773 619 819; x_wconf 86' lang='lat' dir='ltr'>portae</span> <span class='ocrx_word' id='word_1_80' title='bbox 658 775 754 806; x_wconf 86' lang='lat' dir='ltr'>sunt</span> <span class='ocrx_word' id='word_1_81' title='bbox 791 765 869 806; x_wconf 85' lang='lat' dir='ltr'>hae</span> <span class='ocrx_word' id='word_1_82' title='bbox 907 775 947 806; x_wconf 85' lang='lat' dir='ltr'>et</span> <span class='ocrx_word' id='word_1_83' title='bbox 984 780 1090 805; x_wconf 88' lang='lat' dir='ltr'>unus</span> <span class='ocrx_word' id='word_1_84' title='bbox 1129 766 1235 805; x_wconf 86' lang='lat' dir='ltr'>inter</span> <span class='ocrx_word' id='word_1_85' title='bbox 1273 765 1353 805; x_wconf 86' lang='lat' dir='ltr'>duo</span> <span class='ocrx_word' id='word_1_86' title='bbox 1392 764 1520 804; x_wconf 82' lang='lat' dir='ltr'>maria</span> 
     </span>
     <span class='ocr_line' id='line_1_12' title="bbox 163 826 1518 874; baseline -0.001 -7"><span class='ocrx_word' id='word_1_87' title='bbox 163 827 314 867; x_wconf 88' lang='lat' dir='ltr'>clausis</span> <span class='ocrx_word' id='word_1_88' title='bbox 341 827 532 867; x_wconf 88' lang='lat' dir='ltr'>omnibus</span> <span class='ocrx_word' id='word_1_89' title='bbox 560 827 672 867; x_wconf 76' lang='lat' dir='ltr'>velut</span> <span class='ocrx_word' id='word_1_90' title='bbox 697 827 897 868; x_wconf 86' lang='lat' dir='ltr'>naturalis</span> <span class='ocrx_word' id='word_1_91' title='bbox 924 826 1120 867; x_wconf 80' lang='lat' dir='ltr'>transitus</span> <span class='ocrx_word' id='word_1_92' title='bbox 1149 835 1230 874; x_wconf 84' lang='lat' dir='ltr'>est,</span> <span class='ocrx_word' id='word_1_93' title='bbox 1269 826 1518 867; x_wconf 83' lang='lat' dir='ltr'>munitiones</span> 
     </span>
     <span class='ocr_line' id='line_1_13' title="bbox 163 889 1520 943; baseline -0.001 -14"><span class='ocrx_word' id='word_1_94' title='bbox 163 898 203 930; x_wconf 80' lang='lat' dir='ltr'>et</span> <span class='ocrx_word' id='word_1_95' title='bbox 227 889 328 929; x_wconf 93' lang='lat' dir='ltr'>locis</span> <span class='ocrx_word' id='word_1_96' title='bbox 356 889 719 943; x_wconf 86' lang='lat' dir='ltr'>opportunioribus</span> <span class='ocrx_word' id='word_1_97' title='bbox 753 898 849 929; x_wconf 89' lang='lat' dir='ltr'>tunc</span> <span class='ocrx_word' id='word_1_98' title='bbox 882 890 1048 930; x_wconf 80' lang='lat' dir='ltr'>fuerunt</span> <span class='ocrx_word' id='word_1_99' title='bbox 1079 897 1117 929; x_wconf 89' lang='lat' dir='ltr'>et</span> <span class='ocrx_word' id='word_1_100' title='bbox 1149 889 1369 929; x_wconf 68' lang='lat' dir='ltr'>validiores</span> <span class='ocrx_word' id='word_1_101' title='bbox 1402 889 1520 943; x_wconf 91' lang='lat' dir='ltr'>inpo-</span> 
     </span>
     <span class='ocr_line' id='line_1_14' title="bbox 164 950 1519 1000; baseline -0.001 -9"><span class='ocrx_word' id='word_1_102' title='bbox 164 951 285 1000; x_wconf 74' lang='lat' dir='ltr'>sitae,</span> <span class='ocrx_word' id='word_1_103' title='bbox 324 951 526 991; x_wconf 80' lang='lat' dir='ltr'>exercitus</span> <span class='ocrx_word' id='word_1_104' title='bbox 554 951 733 991; x_wconf 90' lang='lat' dir='ltr'>hostium</span> <span class='ocrx_word' id='word_1_105' title='bbox 765 951 833 991; x_wconf 90' lang='lat' dir='ltr'>ille</span> <span class='ocrx_word' id='word_1_106' title='bbox 860 958 899 991; x_wconf 88' lang='lat' dir='ltr'>et</span> <span class='ocrx_word' id='word_1_107' title='bbox 924 965 1096 991; x_wconf 90' lang='lat' dir='ltr'>numero</span> <span class='ocrx_word' id='word_1_108' title='bbox 1122 951 1252 990; x_wconf 83' lang='lat' dir='ltr'>maior</span> <span class='ocrx_word' id='word_1_109' title='bbox 1279 959 1318 990; x_wconf 81' lang='lat' dir='ltr'>et</span> <span class='ocrx_word' id='word_1_110' title='bbox 1344 950 1519 990; x_wconf 78' lang='lat' dir='ltr'>milituln</span> 
     </span>
     <span class='ocr_line' id='line_1_15' title="bbox 162 1012 1518 1068; baseline -0.001 -14"><span class='ocrx_word' id='word_1_111' title='bbox 162 1028 314 1068; x_wconf 82' lang='lat' dir='ltr'>genere</span> <span class='ocrx_word' id='word_1_112' title='bbox 347 1013 557 1065; x_wconf 86' lang='lat' dir='ltr'>aliquanto</span> <span class='ocrx_word' id='word_1_113' title='bbox 589 1013 751 1053; x_wconf 88' lang='lat' dir='ltr'>melior:</span> <span class='ocrx_word' id='word_1_114' title='bbox 791 1013 943 1067; x_wconf 84' lang='lat' dir='ltr'>quippe</span> <span class='ocrx_word' id='word_1_115' title='bbox 981 1013 1063 1052; x_wconf 90' lang='lat' dir='ltr'>illic</span> <span class='ocrx_word' id='word_1_116' title='bbox 1094 1012 1350 1053; x_wconf 82' lang='lat' dir='ltr'>Macedones</span> <span class='ocrx_word' id='word_1_117' title='bbox 1385 1013 1518 1052; x_wconf 84' lang='lat' dir='ltr'>Thra-</span> 
     </span>
     <span class='ocr_line' id='line_1_16' title="bbox 163 1075 1519 1128; baseline -0.001 -13"><span class='ocrx_word' id='word_1_118' title='bbox 163 1089 313 1128; x_wconf 86' lang='lat' dir='ltr'>cesque</span> <span class='ocrx_word' id='word_1_119' title='bbox 346 1082 386 1115; x_wconf 83' lang='lat' dir='ltr'>et</span> <span class='ocrx_word' id='word_1_120' title='bbox 416 1075 531 1128; x_wconf 69' lang='lat' dir='ltr'>Illyri</span> <span class='ocrx_word' id='word_1_121' title='bbox 570 1083 703 1123; x_wconf 84' lang='lat' dir='ltr'>erant,</span> <span class='ocrx_word' id='word_1_122' title='bbox 743 1075 1026 1115; x_wconf 76' lang='lat' dir='ltr'>ferocissimae</span> <span class='ocrx_word' id='word_1_123' title='bbox 1064 1089 1208 1114; x_wconf 88' lang='lat' dir='ltr'>omnes</span> <span class='ocrx_word' id='word_1_124' title='bbox 1246 1082 1414 1127; x_wconf 67' lang='lat' dir='ltr'>gentes,</span> <span class='ocrx_word' id='word_1_125' title='bbox 1452 1075 1519 1114; x_wconf 89' lang='lat' dir='ltr'>hic</span> 
     </span>
     <span class='ocr_line' id='line_1_17' title="bbox 164 1135 1519 1191; baseline -0.001 -14"><span class='ocrx_word' id='word_1_126' title='bbox 164 1136 259 1191; x_wconf 69' lang='lat' dir='ltr'>Syri</span> <span class='ocrx_word' id='word_1_127' title='bbox 280 1146 318 1177; x_wconf 86' lang='lat' dir='ltr'>et</span> <span class='ocrx_word' id='word_1_128' title='bbox 333 1136 509 1176; x_wconf 71' lang='lat' dir='ltr'>Asiatici</span> <span class='ocrx_word' id='word_1_129' title='bbox 526 1135 676 1176; x_wconf 84' lang='lat' dir='ltr'>Graeci</span> <span class='ocrx_word' id='word_1_130' title='bbox 704 1145 812 1184; x_wconf 87' lang='lat' dir='ltr'>sunt,</span> <span class='ocrx_word' id='word_1_131' title='bbox 840 1136 1041 1176; x_wconf 76' lang='lat' dir='ltr'>vilissima</span> <span class='ocrx_word' id='word_1_132' title='bbox 1066 1150 1220 1190; x_wconf 81' lang='lat' dir='ltr'>genera</span> <span class='ocrx_word' id='word_1_133' title='bbox 1246 1135 1458 1175; x_wconf 86' lang='lat' dir='ltr'>hominum</span> <span class='ocrx_word' id='word_1_134' title='bbox 1480 1144 1519 1176; x_wconf 83' lang='lat' dir='ltr'>ct</span> 
     </span>
     <span class='ocr_line' id='line_1_18' title="bbox 163 1197 1517 1246; baseline -0.001 -7"><span class='ocrx_word' id='word_1_135' title='bbox 163 1199 351 1239; x_wconf 81' lang='lat' dir='ltr'>servituti</span> <span class='ocrx_word' id='word_1_136' title='bbox 381 1206 497 1246; x_wconf 82' lang='lat' dir='ltr'>nata3</span> <span class='ocrx_word' id='word_1_137' title='bbox 535 1213 607 1238; x_wconf 83' lang='lat' dir='ltr'>rex</span> <span class='ocrx_word' id='word_1_138' title='bbox 646 1198 714 1238; x_wconf 90' lang='lat' dir='ltr'>illc</span> <span class='ocrx_word' id='word_1_139' title='bbox 752 1198 1114 1245; x_wconf 82' lang='lat' dir='ltr'>bellicosissimus,</span> <span class='ocrx_word' id='word_1_140' title='bbox 1155 1197 1404 1238; x_wconf 82' lang='lat' dir='ltr'>exercitatus</span> <span class='ocrx_word' id='word_1_141' title='bbox 1436 1197 1517 1238; x_wconf 85' lang='lat' dir='ltr'>iam</span> 
     </span>
     <span class='ocr_line' id='line_1_19' title="bbox 161 1260 1519 1313; baseline 0.001 -13"><span class='ocrx_word' id='word_1_142' title='bbox 161 1261 256 1301; x_wconf 90' lang='lat' dir='ltr'>inde</span> <span class='ocrx_word' id='word_1_143' title='bbox 277 1261 329 1300; x_wconf 86' lang='lat' dir='ltr'>ab</span> <span class='ocrx_word' id='word_1_144' title='bbox 343 1260 510 1300; x_wconf 81' lang='lat' dir='ltr'>iuventa</span> <span class='ocrx_word' id='word_1_145' title='bbox 528 1260 713 1301; x_wconf 86' lang='lat' dir='ltr'>finitimis</span> <span class='ocrx_word' id='word_1_146' title='bbox 731 1260 940 1301; x_wconf 79' lang='lat' dir='ltr'>Thracum</span> <span class='ocrx_word' id='word_1_147' title='bbox 962 1270 1084 1313; x_wconf 81' lang='lat' dir='ltr'>atque</span> <span class='ocrx_word' id='word_1_148' title='bbox 1100 1260 1336 1313; x_wconf 66' lang='lat' dir='ltr'>Illyriorum</span> <span class='ocrx_word' id='word_1_149' title='bbox 1358 1268 1397 1300; x_wconf 84' lang='lat' dir='ltr'>et</span> <span class='ocrx_word' id='word_1_150' title='bbox 1411 1261 1519 1301; x_wconf 82' lang='lat' dir='ltr'>circa</span> 
     </span>
     <span class='ocr_line' id='line_1_20' title="bbox 162 1322 1520 1371; baseline 0.001 -9"><span class='ocrx_word' id='word_1_151' title='bbox 162 1323 344 1363; x_wconf 88' lang='lat' dir='ltr'>omnium</span> <span class='ocrx_word' id='word_1_152' title='bbox 360 1322 597 1363; x_wconf 82' lang='lat' dir='ltr'>adcolarum</span> <span class='ocrx_word' id='word_1_153' title='bbox 613 1323 745 1371; x_wconf 82' lang='lat' dir='ltr'>bellis,</span> <span class='ocrx_word' id='word_1_154' title='bbox 773 1323 851 1371; x_wconf 85' lang='lat' dir='ltr'>hic,</span> <span class='ocrx_word' id='word_1_155' title='bbox 873 1331 917 1363; x_wconf 89' lang='lat' dir='ltr'>ut</span> <span class='ocrx_word' id='word_1_156' title='bbox 937 1323 1059 1363; x_wconf 79' lang='lat' dir='ltr'>aliani</span> <span class='ocrx_word' id='word_1_157' title='bbox 1074 1337 1237 1364; x_wconf 87' lang='lat' dir='ltr'>omnen]</span> <span class='ocrx_word' id='word_1_158' title='bbox 1254 1323 1380 1363; x_wconf 75' lang='lat' dir='ltr'>vitani</span> <span class='ocrx_word' id='word_1_159' title='bbox 1401 1324 1520 1363; x_wconf 85' lang='lat' dir='ltr'>omit-</span> 
     </span>
     <span class='ocr_line' id='line_1_21' title="bbox 161 1385 1517 1440; baseline -0.001 -14"><span class='ocrx_word' id='word_1_160' title='bbox 161 1394 259 1434; x_wconf 87' lang='lat' dir='ltr'>tam,</span> <span class='ocrx_word' id='word_1_161' title='bbox 285 1386 319 1426; x_wconf 90' lang='lat' dir='ltr'>is</span> <span class='ocrx_word' id='word_1_162' title='bbox 335 1394 397 1426; x_wconf 86' lang='lat' dir='ltr'>est</span> <span class='ocrx_word' id='word_1_163' title='bbox 412 1385 493 1439; x_wconf 86' lang='lat' dir='ltr'>qui,</span> <span class='ocrx_word' id='word_1_164' title='bbox 520 1400 613 1426; x_wconf 89' lang='lat' dir='ltr'>cum</span> <span class='ocrx_word' id='word_1_165' title='bbox 635 1386 685 1426; x_wconf 86' lang='lat' dir='ltr'>ad</span> <span class='ocrx_word' id='word_1_166' title='bbox 707 1386 969 1426; x_wconf 88' lang='lat' dir='ltr'>inferendum</span> <span class='ocrx_word' id='word_1_167' title='bbox 990 1385 1143 1440; x_wconf 85' lang='lat' dir='ltr'>populo</span> <span class='ocrx_word' id='word_1_168' title='bbox 1158 1385 1349 1425; x_wconf 83' lang='lat' dir='ltr'>Romano</span> <span class='ocrx_word' id='word_1_169' title='bbox 1364 1385 1517 1426; x_wconf 89' lang='lat' dir='ltr'>bellum</span> 
     </span>
     <span class='ocr_line' id='line_1_22' title="bbox 162 1447 1518 1502; baseline 0 -14"><span class='ocrx_word' id='word_1_170' title='bbox 162 1463 213 1489; x_wconf 86' lang='lat' dir='ltr'>ex</span> <span class='ocrx_word' id='word_1_171' title='bbox 239 1448 344 1488; x_wconf 83' lang='lat' dir='ltr'>Asia</span> <span class='ocrx_word' id='word_1_172' title='bbox 375 1447 417 1487; x_wconf 87' lang='lat' dir='ltr'>in</span> <span class='ocrx_word' id='word_1_173' title='bbox 447 1448 661 1502; x_wconf 87' lang='lat' dir='ltr'>Europam</span> <span class='ocrx_word' id='word_1_174' title='bbox 694 1448 930 1496; x_wconf 78' lang='lat' dir='ltr'>transisset,</span> <span class='ocrx_word' id='word_1_175' title='bbox 968 1447 1069 1487; x_wconf 86' lang='lat' dir='ltr'>nihil</span> <span class='ocrx_word' id='word_1_176' title='bbox 1094 1447 1404 1488; x_wconf 85' lang='lat' dir='ltr'>memorabilius</span> <span class='ocrx_word' id='word_1_177' title='bbox 1430 1456 1518 1488; x_wconf 86' lang='lat' dir='ltr'>toto</span> 
     </span>
     <span class='ocr_line' id='line_1_23' title="bbox 162 1509 1520 1565; baseline 0 -15"><span class='ocrx_word' id='word_1_178' title='bbox 162 1518 346 1564; x_wconf 88' lang='lat' dir='ltr'>tempore</span> <span class='ocrx_word' id='word_1_179' title='bbox 384 1509 649 1550; x_wconf 91' lang='lat' dir='ltr'>hibernorum</span> <span class='ocrx_word' id='word_1_180' title='bbox 686 1510 864 1565; x_wconf 79' lang='lat' dir='ltr'>gesserit</span> <span class='ocrx_word' id='word_1_181' title='bbox 900 1524 1025 1562; x_wconf 87' lang='lat' dir='ltr'>quam</span> <span class='ocrx_word' id='word_1_182' title='bbox 1056 1510 1166 1562; x_wconf 86' lang='lat' dir='ltr'>quod</span> <span class='ocrx_word' id='word_1_183' title='bbox 1205 1509 1355 1550; x_wconf 89' lang='lat' dir='ltr'>amoris</span> <span class='ocrx_word' id='word_1_184' title='bbox 1393 1524 1520 1550; x_wconf 87' lang='lat' dir='ltr'>causa</span> 
     </span>
     <span class='ocr_line' id='line_1_24' title="bbox 162 1571 1518 1626; baseline -0.001 -14"><span class='ocrx_word' id='word_1_185' title='bbox 162 1586 213 1612; x_wconf 84' lang='lat' dir='ltr'>ex</span> <span class='ocrx_word' id='word_1_186' title='bbox 240 1572 362 1612; x_wconf 88' lang='lat' dir='ltr'>domo</span> <span class='ocrx_word' id='word_1_187' title='bbox 387 1571 548 1625; x_wconf 81' lang='lat' dir='ltr'>privata</span> <span class='ocrx_word' id='word_1_188' title='bbox 575 1580 614 1612; x_wconf 87' lang='lat' dir='ltr'>et</span> <span class='ocrx_word' id='word_1_189' title='bbox 640 1572 804 1612; x_wconf 91' lang='lat' dir='ltr'>obscuri</span> <span class='ocrx_word' id='word_1_190' title='bbox 831 1571 955 1612; x_wconf 85' lang='lat' dir='ltr'>ctiam</span> <span class='ocrx_word' id='word_1_191' title='bbox 986 1572 1091 1612; x_wconf 89' lang='lat' dir='ltr'>inter</span> <span class='ocrx_word' id='word_1_192' title='bbox 1116 1572 1327 1626; x_wconf 87' lang='lat' dir='ltr'>popularis</span> <span class='ocrx_word' id='word_1_193' title='bbox 1354 1573 1518 1626; x_wconf 81' lang='lat' dir='ltr'>generis</span> 
     </span>
     <span class='ocr_line' id='line_1_25' title="bbox 161 1633 1518 1688; baseline 0 -15"><span class='ocrx_word' id='word_1_194' title='bbox 161 1648 333 1674; x_wconf 83' lang='lat' dir='ltr'>uxorem</span> <span class='ocrx_word' id='word_1_195' title='bbox 359 1633 477 1673; x_wconf 83' lang='lat' dir='ltr'>duxit</span> <span class='ocrx_word' id='word_1_196' title='bbox 502 1641 541 1673; x_wconf 85' lang='lat' dir='ltr'>et</span> <span class='ocrx_word' id='word_1_197' title='bbox 567 1649 698 1674; x_wconf 79' lang='lat' dir='ltr'>novus</span> <span class='ocrx_word' id='word_1_198' title='bbox 725 1634 916 1681; x_wconf 86' lang='lat' dir='ltr'>maritus,</span> <span class='ocrx_word' id='word_1_199' title='bbox 944 1634 1057 1674; x_wconf 83' lang='lat' dir='ltr'>velut</span> <span class='ocrx_word' id='word_1_200' title='bbox 1083 1633 1296 1687; x_wconf 74' lang='lat' dir='ltr'>saginatus</span> <span class='ocrx_word' id='word_1_201' title='bbox 1324 1634 1518 1688; x_wconf 87' lang='lat' dir='ltr'>nuptiali-</span> 
     </span>
     <span class='ocr_line' id='line_1_26' title="bbox 164 1695 1518 1750; baseline 0.001 -15"><span class='ocrx_word' id='word_1_202' title='bbox 164 1697 238 1736; x_wconf 89' lang='lat' dir='ltr'>bus</span> <span class='ocrx_word' id='word_1_203' title='bbox 266 1695 397 1744; x_wconf 89' lang='lat' dir='ltr'>cenis,</span> <span class='ocrx_word' id='word_1_204' title='bbox 424 1696 477 1735; x_wconf 89' lang='lat' dir='ltr'>ad</span> <span class='ocrx_word' id='word_1_205' title='bbox 500 1711 683 1750; x_wconf 71' lang='lat' dir='ltr'>pugnam</span> <span class='ocrx_word' id='word_1_206' title='bbox 709 1696 924 1750; x_wconf 81' lang='lat' dir='ltr'>processit.</span> <span class='ocrx_word' id='word_1_207' title='bbox 987 1711 1148 1736; x_wconf 90' lang='lat' dir='ltr'>summa</span> <span class='ocrx_word' id='word_1_208' title='bbox 1173 1696 1319 1736; x_wconf 75' lang='lat' dir='ltr'>virium</span> <span class='ocrx_word' id='word_1_209' title='bbox 1348 1696 1518 1750; x_wconf 82' lang='lat' dir='ltr'>speique</span> 
     </span>
     <span class='ocr_line' id='line_1_27' title="bbox 162 1757 1516 1813; baseline 0 -15"><span class='ocrx_word' id='word_1_210' title='bbox 162 1758 249 1798; x_wconf 87' lang='lat' dir='ltr'>eius</span> <span class='ocrx_word' id='word_1_211' title='bbox 265 1757 305 1797; x_wconf 90' lang='lat' dir='ltr'>in</span> <span class='ocrx_word' id='word_1_212' title='bbox 320 1757 484 1798; x_wconf 75' lang='lat' dir='ltr'>Aetolis</span> <span class='ocrx_word' id='word_1_213' title='bbox 505 1758 594 1807; x_wconf 83' lang='lat' dir='ltr'>fuit,</span> <span class='ocrx_word' id='word_1_214' title='bbox 621 1768 745 1813; x_wconf 78' lang='lat' dir='ltr'>gente</span> <span class='ocrx_word' id='word_1_215' title='bbox 767 1758 993 1798; x_wconf 70' lang='lat' dir='ltr'>vanissima</span> <span class='ocrx_word' id='word_1_216' title='bbox 1014 1768 1054 1798; x_wconf 87' lang='lat' dir='ltr'>et</span> <span class='ocrx_word' id='word_1_217' title='bbox 1073 1758 1369 1812; x_wconf 76' lang='lat' dir='ltr'>ingratissima,</span> <span class='ocrx_word' id='word_1_218' title='bbox 1385 1766 1429 1798; x_wconf 84' lang='lat' dir='ltr'>ut</span> <span class='ocrx_word' id='word_1_219' title='bbox 1443 1773 1516 1799; x_wconf 71' lang='lat' dir='ltr'>vos</span> 
     </span>
     <span class='ocr_line' id='line_1_28' title="bbox 161 1820 1518 1875; baseline 0 -15"><span class='ocrx_word' id='word_1_220' title='bbox 161 1821 273 1875; x_wconf 86' lang='lat' dir='ltr'>prius</span> <span class='ocrx_word' id='word_1_221' title='bbox 301 1820 459 1874; x_wconf 85' lang='lat' dir='ltr'>experti</span> <span class='ocrx_word' id='word_1_222' title='bbox 485 1821 602 1869; x_wconf 86' lang='lat' dir='ltr'>estis,</span> <span class='ocrx_word' id='word_1_223' title='bbox 636 1835 745 1861; x_wconf 88' lang='lat' dir='ltr'>nunc</span> <span class='ocrx_word' id='word_1_224' title='bbox 770 1820 1005 1861; x_wconf 85' lang='lat' dir='ltr'>Antiochus</span> <span class='ocrx_word' id='word_1_225' title='bbox 1033 1820 1253 1874; x_wconf 82' lang='lat' dir='ltr'>experitur.</span> <span class='ocrx_word' id='word_1_226' title='bbox 1314 1835 1411 1860; x_wconf 89' lang='lat' dir='ltr'>nam</span> <span class='ocrx_word' id='word_1_227' title='bbox 1443 1835 1518 1861; x_wconf 89' lang='lat' dir='ltr'>nec</span> 
     </span>
     <span class='ocr_line' id='line_1_29' title="bbox 161 1882 1518 1937; baseline 0.001 -15"><span class='ocrx_word' id='word_1_228' title='bbox 161 1883 400 1935; x_wconf 87' lang='lat' dir='ltr'>frequentes</span> <span class='ocrx_word' id='word_1_229' title='bbox 438 1891 722 1923; x_wconf 83' lang='lat' dir='ltr'>convenerunt</span> <span class='ocrx_word' id='word_1_230' title='bbox 758 1897 835 1924; x_wconf 88' lang='lat' dir='ltr'>nec</span> <span class='ocrx_word' id='word_1_231' title='bbox 872 1882 1073 1923; x_wconf 87' lang='lat' dir='ltr'>contineri</span> <span class='ocrx_word' id='word_1_232' title='bbox 1110 1882 1151 1922; x_wconf 90' lang='lat' dir='ltr'>in</span> <span class='ocrx_word' id='word_1_233' title='bbox 1190 1882 1335 1922; x_wconf 87' lang='lat' dir='ltr'>castris</span> <span class='ocrx_word' id='word_1_234' title='bbox 1373 1892 1518 1937; x_wconf 88' lang='lat' dir='ltr'>potue-</span> 
     </span>
     <span class='ocr_line' id='line_1_30' title="bbox 160 1945 1518 2001; baseline 0.001 -16"><span class='ocrx_word' id='word_1_235' title='bbox 160 1954 269 1993; x_wconf 86' lang='lat' dir='ltr'>runt,</span> <span class='ocrx_word' id='word_1_236' title='bbox 296 1954 335 1986; x_wconf 90' lang='lat' dir='ltr'>et</span> <span class='ocrx_word' id='word_1_237' title='bbox 360 1945 402 1985; x_wconf 90' lang='lat' dir='ltr'>in</span> <span class='ocrx_word' id='word_1_238' title='bbox 422 1946 622 1987; x_wconf 86' lang='lat' dir='ltr'>seditione</span> <span class='ocrx_word' id='word_1_239' title='bbox 649 1946 728 2001; x_wconf 87' lang='lat' dir='ltr'>ipsi</span> <span class='ocrx_word' id='word_1_240' title='bbox 754 1946 859 1987; x_wconf 87' lang='lat' dir='ltr'>inter</span> <span class='ocrx_word' id='word_1_241' title='bbox 880 1961 971 1987; x_wconf 88' lang='lat' dir='ltr'>sese</span> <span class='ocrx_word' id='word_1_242' title='bbox 1000 1954 1107 1994; x_wconf 84' lang='lat' dir='ltr'>sunt,</span> <span class='ocrx_word' id='word_1_243' title='bbox 1135 1953 1173 1986; x_wconf 87' lang='lat' dir='ltr'>et</span> <span class='ocrx_word' id='word_1_244' title='bbox 1195 1960 1287 1985; x_wconf 92' lang='lat' dir='ltr'>cum</span> <span class='ocrx_word' id='word_1_245' title='bbox 1304 1947 1518 2001; x_wconf 73' lang='lat' dir='ltr'>Hypatam</span> 
     </span>
     <span class='ocr_line' id='line_1_31' title="bbox 162 2007 1516 2063; baseline 0.001 -17"><span class='ocrx_word' id='word_1_246' title='bbox 162 2007 358 2047; x_wconf 86' lang='lat' dir='ltr'>tuendam</span> <span class='ocrx_word' id='word_1_247' title='bbox 396 2008 728 2061; x_wconf 85' lang='lat' dir='ltr'>Heracleamque</span> <span class='ocrx_word' id='word_1_248' title='bbox 767 2008 1129 2063; x_wconf 84' lang='lat' dir='ltr'>depoposcissent‚</span> <span class='ocrx_word' id='word_1_249' title='bbox 1169 2016 1358 2048; x_wconf 87' lang='lat' dir='ltr'>neutrum</span> <span class='ocrx_word' id='word_1_250' title='bbox 1398 2008 1516 2048; x_wconf 88' lang='lat' dir='ltr'>tutati</span> 
     </span>
     <span class='ocr_line' id='line_1_32' title="bbox 161 2069 1518 2124; baseline 0.001 -15"><span class='ocrx_word' id='word_1_251' title='bbox 161 2069 403 2124; x_wconf 83' lang='lat' dir='ltr'>refugerunt</span> <span class='ocrx_word' id='word_1_252' title='bbox 427 2070 470 2109; x_wconf 91' lang='lat' dir='ltr'>in</span> <span class='ocrx_word' id='word_1_253' title='bbox 495 2069 593 2124; x_wconf 81' lang='lat' dir='ltr'>iuga</span> <span class='ocrx_word' id='word_1_254' title='bbox 618 2070 840 2119; x_wconf 87' lang='lat' dir='ltr'>montium,</span> <span class='ocrx_word' id='word_1_255' title='bbox 873 2086 969 2124; x_wconf 88' lang='lat' dir='ltr'>pars</span> <span class='ocrx_word' id='word_1_256' title='bbox 997 2070 1229 2110; x_wconf 87' lang='lat' dir='ltr'>Heracleae</span> <span class='ocrx_word' id='word_1_257' title='bbox 1262 2070 1518 2110; x_wconf 84' lang='lat' dir='ltr'>incluserunt</span> 
     </span>
     <span class='ocr_line' id='line_1_33' title="bbox 163 2131 1516 2186; baseline 0 -15"><span class='ocrx_word' id='word_1_258' title='bbox 163 2145 268 2171; x_wconf 81' lang='lat' dir='ltr'>sese.</span> <span class='ocrx_word' id='word_1_259' title='bbox 339 2146 412 2171; x_wconf 84' lang='lat' dir='ltr'>rex</span> <span class='ocrx_word' id='word_1_260' title='bbox 448 2131 538 2186; x_wconf 89' lang='lat' dir='ltr'>ipse</span> <span class='ocrx_word' id='word_1_261' title='bbox 576 2133 794 2173; x_wconf 87' lang='lat' dir='ltr'>confessus</span> <span class='ocrx_word' id='word_1_262' title='bbox 838 2147 1044 2185; x_wconf 83' lang='lat' dir='ltr'>nusquam</span> <span class='ocrx_word' id='word_1_263' title='bbox 1082 2146 1213 2184; x_wconf 88' lang='lat' dir='ltr'>aequo</span> <span class='ocrx_word' id='word_1_264' title='bbox 1252 2147 1397 2186; x_wconf 87' lang='lat' dir='ltr'>campo</span> <span class='ocrx_word' id='word_1_265' title='bbox 1434 2148 1516 2173; x_wconf 89' lang='lat' dir='ltr'>non</span> 
     </span>
     <span class='ocr_line' id='line_1_34' title="bbox 162 2193 1516 2249; baseline 0.001 -17"><span class='ocrx_word' id='word_1_266' title='bbox 162 2193 285 2233; x_wconf 87' lang='lat' dir='ltr'>modo</span> <span class='ocrx_word' id='word_1_267' title='bbox 312 2194 508 2247; x_wconf 80' lang='lat' dir='ltr'>congredi</span> <span class='ocrx_word' id='word_1_268' title='bbox 534 2209 577 2234; x_wconf 89' lang='lat' dir='ltr'>se</span> <span class='ocrx_word' id='word_1_269' title='bbox 605 2194 657 2234; x_wconf 88' lang='lat' dir='ltr'>ad</span> <span class='ocrx_word' id='word_1_270' title='bbox 683 2209 867 2249; x_wconf 80' lang='lat' dir='ltr'>pugnam</span> <span class='ocrx_word' id='word_1_271' title='bbox 893 2194 1062 2243; x_wconf 85' lang='lat' dir='ltr'>audere,</span> <span class='ocrx_word' id='word_1_272' title='bbox 1090 2195 1163 2234; x_wconf 91' lang='lat' dir='ltr'>sed</span> <span class='ocrx_word' id='word_1_273' title='bbox 1188 2209 1240 2234; x_wconf 90' lang='lat' dir='ltr'>ne</span> <span class='ocrx_word' id='word_1_274' title='bbox 1267 2202 1401 2234; x_wconf 86' lang='lat' dir='ltr'>castra</span> <span class='ocrx_word' id='word_1_275' title='bbox 1427 2194 1516 2247; x_wconf 87' lang='lat' dir='ltr'>qui-</span> 
     </span>
     <span class='ocr_line' id='line_1_35' title="bbox 163 2254 1515 2310; baseline 0.002 -16"><span class='ocrx_word' id='word_1_276' title='bbox 163 2255 256 2294; x_wconf 88' lang='lat' dir='ltr'>dem</span> <span class='ocrx_word' id='word_1_277' title='bbox 287 2254 329 2294; x_wconf 92' lang='lat' dir='ltr'>in</span> <span class='ocrx_word' id='word_1_278' title='bbox 360 2263 500 2308; x_wconf 86' lang='lat' dir='ltr'>aperto</span> <span class='ocrx_word' id='word_1_279' title='bbox 532 2271 706 2310; x_wconf 84' lang='lat' dir='ltr'>ponere,</span> <span class='ocrx_word' id='word_1_280' title='bbox 745 2256 888 2296; x_wconf 86' lang='lat' dir='ltr'>relicta</span> <span class='ocrx_word' id='word_1_281' title='bbox 919 2256 1030 2297; x_wconf 91' lang='lat' dir='ltr'>omni</span> <span class='ocrx_word' id='word_1_282' title='bbox 1062 2264 1156 2296; x_wconf 88' lang='lat' dir='ltr'>ante</span> <span class='ocrx_word' id='word_1_283' title='bbox 1184 2270 1227 2296; x_wconf 88' lang='lat' dir='ltr'>se</span> <span class='ocrx_word' id='word_1_284' title='bbox 1258 2256 1428 2310; x_wconf 81' lang='lat' dir='ltr'>regione</span> <span class='ocrx_word' id='word_1_285' title='bbox 1453 2272 1515 2305; x_wconf 87' lang='lat' dir='ltr'>ea,</span> 
     </span>
     <span class='ocr_line' id='line_1_36' title="bbox 163 2317 1517 2373; baseline 0.001 -17"><span class='ocrx_word' id='word_1_286' title='bbox 163 2331 286 2370; x_wconf 87' lang='lat' dir='ltr'>quam</span> <span class='ocrx_word' id='word_1_287' title='bbox 313 2332 357 2357; x_wconf 89' lang='lat' dir='ltr'>se</span> <span class='ocrx_word' id='word_1_288' title='bbox 383 2317 502 2358; x_wconf 90' lang='lat' dir='ltr'>nobis</span> <span class='ocrx_word' id='word_1_289' title='bbox 529 2332 577 2358; x_wconf 90' lang='lat' dir='ltr'>ac</span> <span class='ocrx_word' id='word_1_290' title='bbox 590 2318 786 2373; x_wconf 89' lang='lat' dir='ltr'>Philippo</span> <span class='ocrx_word' id='word_1_291' title='bbox 807 2318 1013 2358; x_wconf 85' lang='lat' dir='ltr'>ademisse</span> <span class='ocrx_word' id='word_1_292' title='bbox 1040 2317 1306 2372; x_wconf 76' lang='lat' dir='ltr'>gloriabatur,</span> <span class='ocrx_word' id='word_1_293' title='bbox 1334 2318 1517 2358; x_wconf 80' lang='lat' dir='ltr'>condidit</span> 
     </span>
     <span class='ocr_line' id='line_1_37' title="bbox 163 2378 1514 2432; baseline 0 -13"><span class='ocrx_word' id='word_1_294' title='bbox 163 2394 207 2419; x_wconf 87' lang='lat' dir='ltr'>se</span> <span class='ocrx_word' id='word_1_295' title='bbox 232 2378 339 2418; x_wconf 91' lang='lat' dir='ltr'>intra</span> <span class='ocrx_word' id='word_1_296' title='bbox 364 2393 501 2432; x_wconf 87' lang='lat' dir='ltr'>rupes,</span> <span class='ocrx_word' id='word_1_297' title='bbox 529 2394 579 2419; x_wconf 88' lang='lat' dir='ltr'>ne</span> <span class='ocrx_word' id='word_1_298' title='bbox 600 2386 695 2420; x_wconf 88' lang='lat' dir='ltr'>ante</span> <span class='ocrx_word' id='word_1_299' title='bbox 716 2380 857 2419; x_wconf 84' lang='lat' dir='ltr'>fauces</span> <span class='ocrx_word' id='word_1_300' title='bbox 882 2379 1047 2432; x_wconf 85' lang='lat' dir='ltr'>quidem</span> <span class='ocrx_word' id='word_1_301' title='bbox 1075 2379 1217 2427; x_wconf 85' lang='lat' dir='ltr'>saltus,</span> <span class='ocrx_word' id='word_1_302' title='bbox 1244 2386 1287 2419; x_wconf 91' lang='lat' dir='ltr'>ut</span> <span class='ocrx_word' id='word_1_303' title='bbox 1307 2379 1514 2432; x_wconf 84' lang='lat' dir='ltr'>quondam</span> 
     </span>
     <span class='ocr_line' id='line_1_38' title="bbox 161 2439 1516 2495; baseline 0.001 -15"><span class='ocrx_word' id='word_1_304' title='bbox 161 2439 520 2481; x_wconf 85' lang='lat' dir='ltr'>Lacedaemonios</span> <span class='ocrx_word' id='word_1_305' title='bbox 553 2441 665 2481; x_wconf 87' lang='lat' dir='ltr'>fama</span> <span class='ocrx_word' id='word_1_306' title='bbox 696 2448 776 2489; x_wconf 87' lang='lat' dir='ltr'>est,</span> <span class='ocrx_word' id='word_1_307' title='bbox 810 2441 883 2481; x_wconf 87' lang='lat' dir='ltr'>sed</span> <span class='ocrx_word' id='word_1_308' title='bbox 907 2440 1015 2480; x_wconf 86' lang='lat' dir='ltr'>intra</span> <span class='ocrx_word' id='word_1_309' title='bbox 1038 2440 1202 2495; x_wconf 84' lang='lat' dir='ltr'>penitus</span> <span class='ocrx_word' id='word_1_310' title='bbox 1234 2441 1422 2482; x_wconf 88' lang='lat' dir='ltr'>retractis</span> <span class='ocrx_word' id='word_1_311' title='bbox 1449 2456 1516 2482; x_wconf 88' lang='lat' dir='ltr'>ca-</span> 
     </span>
     <span class='ocr_line' id='line_1_39' title="bbox 163 2501 1513 2556; baseline 0.001 -14"><span class='ocrx_word' id='word_1_312' title='bbox 163 2501 277 2551; x_wconf 81' lang='lat' dir='ltr'>stris3</span> <span class='ocrx_word' id='word_1_313' title='bbox 315 2503 424 2555; x_wconf 89' lang='lat' dir='ltr'>quod</span> <span class='ocrx_word' id='word_1_314' title='bbox 456 2510 655 2556; x_wconf 86' lang='lat' dir='ltr'>quantum</span> <span class='ocrx_word' id='word_1_315' title='bbox 687 2503 858 2543; x_wconf 88' lang='lat' dir='ltr'>interest.</span> <span class='ocrx_word' id='word_1_316' title='bbox 888 2503 941 2542; x_wconf 89' lang='lat' dir='ltr'>ad</span> <span class='ocrx_word' id='word_1_317' title='bbox 979 2502 1165 2543; x_wconf 86' lang='lat' dir='ltr'>timorem</span> <span class='ocrx_word' id='word_1_318' title='bbox 1198 2504 1513 2552; x_wconf 84' lang='lat' dir='ltr'>ostendendum,</span> 
     </span>
    </p>
   </div>
   <div class='ocr_carea' id='block_1_3' title="bbox 1547 405 1565 434">
    <p class='ocr_par' dir='ltr' id='par_1_3' title="bbox 1547 405 1565 434">
     <span class='ocr_line' id='line_1_40' title="bbox 1547 405 1565 434; textangle 90"><span class='ocrx_word' id='word_1_319' title='bbox 1547 405 1565 434; x_wconf 70' lang='grc' dir='ltr'>Ν)</span> 
     </span>
    </p>
   </div>
   <div class='ocr_carea' id='block_1_4' title="bbox 1548 1338 1563 1366">
    <p class='ocr_par' dir='ltr' id='par_1_4' title="bbox 1548 1338 1563 1366">
     <span class='ocr_line' id='line_1_41' title="bbox 1548 1338 1563 1366; textangle 90"><span class='ocrx_word' id='word_1_320' title='bbox 1548 1338 1563 1366; x_wconf 58' lang='lat' dir='ltr'>*l</span> 
     </span>
    </p>
   </div>
   <div class='ocr_carea' id='block_1_5' title="bbox 1545 2145 1584 2173">
    <p class='ocr_par' dir='ltr' id='par_1_5' title="bbox 1545 2145 1584 2173">
     <span class='ocr_line' id='line_1_42' title="bbox 1545 2145 1584 2173; baseline 0.026 -1"><span class='ocrx_word' id='word_1_321' title='bbox 1545 2145 1584 2173; x_wconf 88' lang='lat'>10</span> 
     </span>
    </p>
   </div>
   <div class='ocr_carea' id='block_1_6' title="bbox 1544 2393 1577 2422">
    <p class='ocr_par' dir='ltr' id='par_1_6' title="bbox 1544 2393 1577 2422">
     <span class='ocr_line' id='line_1_43' title="bbox 1544 2393 1577 2422; baseline -0.061 0"><span class='ocrx_word' id='word_1_322' title='bbox 1544 2393 1577 2422; x_wconf 83' lang='lat'>11</span> 
     </span>
    </p>
   </div>
   <div class='ocr_carea' id='block_1_7' title="bbox 162 2564 1580 2609">
    <p class='ocr_par' dir='ltr' id='par_1_7' title="bbox 162 2564 1580 2609">
     <span class='ocr_line' id='line_1_44' title="bbox 162 2564 1580 2609; baseline 0.004 -6"><span class='ocrx_word' id='word_1_323' title='bbox 162 2577 214 2604; x_wconf 82' lang='lat' dir='ltr'>an</span> <span class='ocrx_word' id='word_1_324' title='bbox 241 2564 366 2604; x_wconf 87' lang='lat' dir='ltr'>muris</span> <span class='ocrx_word' id='word_1_325' title='bbox 393 2564 564 2605; x_wconf 85' lang='lat' dir='ltr'>alicuius</span> <span class='ocrx_word' id='word_1_326' title='bbox 595 2565 709 2606; x_wconf 88' lang='lat' dir='ltr'>urbis</span> <span class='ocrx_word' id='word_1_327' title='bbox 743 2564 1015 2606; x_wconf 83' lang='lat' dir='ltr'>obsidendum</span> <span class='ocrx_word' id='word_1_328' title='bbox 1050 2579 1141 2606; x_wconf 87' lang='lat' dir='ltr'>sese</span> <span class='ocrx_word' id='word_1_329' title='bbox 1172 2565 1408 2607; x_wconf 82' lang='lat' dir='ltr'>incluserit?</span> <span class='ocrx_word' id='word_1_330' title='bbox 1441 2566 1514 2607; x_wconf 82' lang='lat' dir='ltr'>scd</span> <span class='ocrx_word' id='word_1_331' title='bbox 1541 2580 1580 2609; x_wconf 78' lang='lat'>12</span> 
     </span>
    </p>
   </div>
  </div>
 </body>
</html>
