1799 2900
272 153 327 194 94
551 160 704 194 LIBER
728 159 918 203 xxxin,
948 160 999 194 14.
1024 160 1074 193 15.
1103 163 1199 204 [au.
1217 172 1246 196 c.
1264 162 1346 205 557]

271 264 455 317 equitum
481 263 578 304 dare
606 262 813 304 Corinthii
838 264 890 304 ad
914 264 1069 306 bellum
1093 274 1277 322 possent,
1305 267 1529 309 retinuerat
1553 282 1629 325 pro

228 338 245 368 3
272 326 487 368 obsidibus
526 332 567 366 et
607 332 772 379 praeter
809 325 1058 381 quingentos
1095 329 1354 370 Macedonas
1392 330 1626 383 mixtosque

226 402 246 430 4
271 404 321 429 ex
353 387 463 427 omni
495 402 648 441 genere
685 387 933 428 auxiliorum
965 390 1244 445 octingentos,
1283 399 1383 445 quot
1418 392 1499 432 iam
1531 400 1627 433 ante

270 450 325 490 ihi
351 450 533 499 fuerant,
563 450 675 490 mille
700 449 983 491 Blacedonum
1010 467 1057 492 eo
1084 452 1253 494 miserat
1277 462 1316 494 et
1341 453 1452 495 mille
1478 468 1527 495 ac
1552 454 1626 494 du-

270 519 412 552 centos
437 511 625 565 Illyrios,
652 511 921 565 Thracasque
948 521 988 554 et
1015 513 1259 564 Cretenses,
1291 515 1359 569 qui
1384 517 1427 556 in
1451 525 1625 569 utraque

225 587 243 616 5
269 582 386 629 parte
410 574 657 622 militabant,
684 574 960 627 octingentos.
1021 575 1085 617 his
1113 577 1240 617 additi
1265 578 1416 619 Boeoti
1441 570 1626 618 Thessa-

267 636 377 689 lique
404 644 443 676 et
468 637 714 676 Acarnanes
741 636 872 686 mille,
911 638 1060 679 scutati
1085 653 1248 688 01111105,
1287 646 1327 679 et.
1355 637 1626 695 [septingenti

268 698 338 754 ex]
372 698 558 753 ipsorum
587 697 899 740 Corinthiorum
930 700 1162 750 iuventute,
1200 701 1374 756 impleta
1403 709 1448 742 ut
1483 709 1625 743 essent

270 777 344 803 sex
368 761 482 802 milia
508 769 774 810 armatorum,
799 762 993 803 fiduciam
1013 763 1302 804 Androstheni
1326 764 1513 804 fecerunt
1538 764 1625 805 acie

223 834 240 864 6
268 824 531 865 decernendi.
613 823 876 865 Nicostratus
925 832 1090 879 praetor
1132 825 1400 866 Achaeorum
1444 824 1624 879 Sicyone

267 895 354 927 erat
380 901 473 926 011111
499 886 660 927 duobus
688 886 853 927 milibus
879 887 1078 941 peditum,
1106 896 1272 928 centum
1298 887 1524 940 equitibus,
1551 887 1625 928 sed

266 949 452 1003 inparem
485 964 529 990 se
555 956 596 989 et
626 964 799 990 numero
825 957 865 989 et
890 964 1042 1003 genere
1068 950 1245 990 militum
1271 964 1442 990 cernens
1468 950 1625 991 moeni-

223 1021 239 1049 7
266 1013 342 1052 1)115
375 1027 457 1053 11011
490 1012 729 1052 excedebat.
791 1012 931 1065 regiae
964 1013 1107 1066 copiae
1138 1012 1324 1067 peditum
1357 1012 1624 1065 equitumque

265 1089 398 1129 vagae
434 1074 727 1115 Pellenensem
764 1081 805 1114 et
838 1074 1074 1115 Phliasium
1111 1082 1152 1115 et
1184 1073 1441 1116 Cleonaeum
1477 1089 1623 1129 agrum

219 1143 239 1174 8
266 1137 636 1191 depopulabantur.
697 1147 908 1191 postremo
935 1138 1234 1192 exprobrantes
1261 1145 1417 1178 metum
1448 1137 1557 1178 hosti
1581 1137 1624 1177 in

264 1198 357 1239 finis
386 1197 676 1253 Sicyoniorum
703 1199 1068 1248 transcendebant,
1095 1200 1272 1240 navibus
1298 1200 1423 1240 etiam
1449 1200 1623 1240 circum-

219 1269 238 1299 9
266 1261 374 1301 vecti
406 1276 570 1302 omnem
597 1277 711 1303 oram
736 1262 923 1302 Achaiae
956 1263 1189 1303 vastabant.
1250 1276 1344 1302 eum
1376 1262 1417 1303 id
1449 1262 1621 1303 effusius

264 1322 406 1363 hostes
433 1330 491 1371 et,
523 1330 568 1363 ut
600 1324 645 1363 fit
671 1324 722 1364 ab
748 1322 874 1363 nimia
898 1323 1067 1371 fiducia,
1094 1324 1383 1378 neglegentius
1411 1324 1534 1364 etiam
1560 1323 1622 1364 fa-

264 1392 422 1433 cerent,
448 1385 710 1426 Nicostratus
737 1400 853 1440 spem
885 1394 1031 1426 nactus
1063 1385 1349 1439 necopinantis
1376 1400 1447 1427 eos
1474 1385 1625 1440 adgre—

263 1446 402 1487 diendi
434 1447 542 1487 circa
572 1447 767 1487 finitimas
800 1447 987 1487 civitates
1020 1448 1208 1487 nuntium
1241 1447 1447 1488 oecultum
1482 1447 1619 1495 mittit,

199 1515 237 1545 10
265 1522 346 1561 quo
372 1509 437 1549 die
463 1516 504 1549 et
528 1517 627 1562 quot
651 1524 702 1549 ex
728 1523 891 1562 quaque
916 1508 1083 1549 civitate
1109 1509 1255 1549 armati
1282 1509 1334 1549 ad
1358 1509 1619 1563 Apelaurum

197 1579 234 1608 11
262 1595 319 1599 ——
339 1569 627 1625 Stymphaliae
646 1578 781 1611 terrae
805 1570 840 1611 is
860 1570 976 1611 loeus
998 1579 1062 1611 est
1079 1594 1136 1599 —-
1156 1571 1436 1611 convenirent.
1487 1570 1619 1612 omni-

261 1632 338 1672 bus
378 1633 430 1672 ad
469 1633 578 1672 diem
617 1632 795 1673 edictam
831 1632 986 1687 paratis
1023 1633 1235 1687 profectus
1273 1632 1370 1674 inde
1411 1632 1619 1688 extemplo

259 1709 334 1748 per
369 1694 653 1735 Phliasiorum
693 1694 797 1735 fines
841 1702 962 1736 nocte
1002 1693 1184 1736 Cleonas
1226 1694 1368 1736 insciis
1411 1695 1619 1743 omnibus,

195 1766 233 1795 12
260 1756 359 1808 quid
395 1764 579 1810 pararet,
618 1756 819 1811 pervenit.
892 1764 1010 1798 erant
1046 1764 1185 1798 autem
1221 1772 1315 1798 011111
1352 1771 1401 1798 eo
1438 1757 1619 1810 quinque

258 1818 371 1858 milia
407 1819 612 1873 peditum,
657 1834 708 1860 ex
751 1819 901 1872 quibus
947 1826 1180 1860 armaturae
1222 1819 1326 1860 levis
1366 1817 1536 1874 [mille],
1580 1826 1621 1859 et

259 1881 434 1921 trecenti
459 1881 632 1934 equites.
688 1895 781 1921 011111
805 1881 855 1922 115
882 1881 1024 1936 copiis,
1052 1881 1233 1922 dimissis
1261 1881 1330 1934 qui
1356 1881 1619 1936 specularen-

258 1948 325 1982 tur
364 1956 487 1995 quam
523 1943 563 1983 in
601 1951 761 1998 partem
797 1943 940 1985 hostes
978 1943 1237 1984 effunderent
1282 1958 1392 1992 sese,
1430 1942 1619 1998 opperie-

259 2003 392 2045 batur.

214 2076 228 2104 1
341 2066 444 2109 XV.
493 2067 814 2108 Androsthenes
841 2067 1028 2108 omnium
1053 2068 1222 2122 ignarus
1251 2066 1453 2108 Corintho
1478 2066 1617 2121 profe-

257 2136 346 2169 ctus
373 2129 426 2169 ad
449 2130 867 2170 Nemeam—amnis
894 2138 955 2170 est
977 2129 1238 2170 Corinthium
1268 2129 1344 2184 [et]
1375 2128 1616 2182 Sicyonium

215 2199 232 2228 2
258 2190 498 2231 interfluens
531 2207 678 2246 agrum
702 2216 758 2220 ——-
783 2199 919 2232 castra
949 2192 1071 2232 locat.
1130 2192 1189 2232 ibi
1218 2200 1378 2245 partem
1405 2191 1616 2231 dimidiam

258 2253 463 2294 exercitus
497 2254 688 2305 (dimissa
720 2254 934 2294 dimidiam
965 2253 1165 2294 trifariam
1204 2254 1362 2306 divisit)
1401 2260 1441 2294 et
1472 2267 1614 2294 omnes

258 2315 416 2366 equites
455 2315 685 2356 discurrere
723 2316 777 2356 ad
813 2316 1127 2371 depopulandos
1166 2316 1288 2357 simul
1323 2315 1616 2356 Pellenensem

212 2383 231 2413 3
260 2374 584 2430 Sicyoniumque
606 2393 728 2432 agros
751 2386 789 2418 et
804 2378 1038 2418 Phliasium
1063 2378 1188 2418 iubet.
1227 2377 1329 2418 haec
1355 2377 1432 2417 tria
1451 2377 1616 2417 diversa

257 2438 423 2489 agmina
460 2439 705 2480 discessere.
769 2440 881 2492 quod
916 2440 987 2480 ubi
1025 2438 1206 2481 Cleonas
1245 2440 1298 2479 ad
1332 2440 1614 2480 Nicostratum

257 2498 459 2550 perlatum
484 2510 565 2550 est,
604 2503 811 2556 extemplo
837 2502 1018 2542 validam
1043 2502 1420 2543 mercennariorum
1445 2515 1612 2541 manum

213 2566 232 2596 4
256 2560 527 2611 praemissam
559 2563 611 2603 ad
643 2565 932 2618 occupandum
958 2565 1130 2613 saltum,
1162 2580 1236 2619 per
1267 2579 1389 2617 quem
1415 2563 1610 2605 transitus

257 2618 298 2658 in
325 2618 586 2663 Corinthium
618 2637 681 2665 est
713 2641 877 2679 agrum,
916 2633 1011 2667 ante
1038 2627 1158 2681 signa
1183 2627 1387 2680 equitibus
1419 2633 1464 2666 ut
1492 2639 1610 2680 prae-
