1799 2900
511 132 666 166 LIBER
690 131 876 175 XXXVI,
903 133 935 166 s.
957 133 988 166 9.
1017 130 1120 176 [ac
1138 130 1216 174 191]
1459 120 1539 162 227

185 246 315 280 torem
345 236 475 285 misit,
509 235 764 276 Antiochum
791 235 832 275 in
857 236 1121 277 Thessaliam
1153 234 1338 289 inpetum
1369 233 1540 274 fecisse:

185 301 218 342 si
244 300 452 340 videretur
484 298 539 346 ei,
576 306 761 338 moveret
789 313 840 339 ex
871 298 1074 347 hibernis3
1108 312 1152 338 se
1177 296 1343 337 obviam
1372 310 1540 351 proces-

185 377 339 409 surum,
365 368 410 400 ut
436 359 534 412 quid
559 359 768 414 agendum
796 369 908 401 esset
932 360 1227 401 consultarent.

268 423 416 465 VIIII.
467 421 678 462 Antiocho
706 422 757 461 ad
781 422 940 462 Pheras
972 422 1053 462 iam
1082 430 1217 462 castra
1248 419 1436 468 habenti,
1468 419 1539 459 ubi

186 485 483 527 coniunxerant
508 484 545 524 ei
571 499 615 524 se
636 484 777 524 Aetoli
799 492 837 524 et
852 484 1139 538 Amynander,
1166 483 1293 537 legati
1318 482 1370 522 ab
1391 482 1541 522 Larisa

188 555 404 594 venerunt,
433 554 697 599 quaerentes,
725 546 836 598 quod
861 547 914 587 ob
939 547 1095 586 factum
1122 545 1329 586 dictumve
1356 544 1540 585 Thessa-

186 610 318 651 lorum
343 608 451 649 bello
477 608 702 648 lacesseret
722 623 806 656 cos,
835 608 955 649 simul
977 618 1155 656 orantes,
1182 614 1226 647 ut
1245 615 1403 647 remoto
1425 620 1542 645 exera

185 672 269 712 citu
292 685 366 726 per
391 670 571 725 legatOS,
605 670 639 709 si
665 669 763 722 quid
789 671 826 710 ei
851 670 1077 718 videretur,
1111 684 1252 710 secun]
1279 668 1540 722 disceptaret.

186 734 331 775 eodem
353 742 537 786 tempore
559 731 808 786 quingentos
831 740 1010 772 armatos
1033 732 1136 772 duce
1151 729 1417 785 Hippolocho
1431 729 1541 769 Phe-

187 811 252 836 ras
277 797 320 835 in
344 794 598 850 praesidium
627 794 846 842 miserunt,
885 794 926 834 hi
952 793 1110 834 exclusi
1136 793 1267 841 aditu,
1299 792 1381 831 iam
1406 790 1545 831 omnia

187 858 332 898 itinera
357 855 642 897 obsidentibus
669 858 793 909 regis,
822 855 1044 896 Scotusam
1067 870 1109 895 se
1135 860 1392 907 receperunt.
1431 852 1545 906 lega-

187 919 237 960 tis
253 918 549 959 Larisaeorum
567 932 639 957 rex
660 917 883 957 clementer
900 916 1128 971 respondit,
1144 931 1228 955 non
1240 915 1339 955 belli
1352 913 1543 960 faciendi,

188 981 261 1022 sed
286 980 463 1020 tuendae
489 987 529 1020 et
561 979 832 1019 stabiliendae
863 978 1064 1018 libertatis
1092 977 1392 1017 Thessalorum
1419 990 1546 1015 causa

187 1058 231 1083 se
246 1041 510 1082 Thessaliam
531 1041 719 1080 intrasse.
760 1040 909 1080 similia
929 1043 963 1080 is
985 1039 1054 1092 qui
1075 1053 1168 1078 cum
1181 1038 1382 1079 Pheraeis
1404 1043 1543 1091 ageret

186 1104 352 1144 missus.
391 1102 455 1143 cui
480 1102 593 1142 nullo
616 1102 712 1142 dato
736 1116 952 1155 responso,
978 1099 1158 1141 Pheraei
1182 1099 1263 1153 ipsi
1288 1099 1473 1152 legatum
1493 1098 1546 1137 ad

185 1180 328 1219 regem
351 1163 581 1219 principem
613 1162 790 1203 civitatis
816 1161 1072 1203 Pausaniam
1098 1161 1317 1208 miserunt;
1351 1160 1420 1212 qui
1452 1173 1544 1199 cum

187 1226 297 1268 haud
322 1225 539 1266 dissimilia
563 1224 626 1273 iis,
653 1232 698 1264 ut
723 1225 765 1264 in
792 1239 918 1265 causa
942 1224 1045 1279 pari,
1073 1238 1178 1276 quae
1203 1237 1278 1277 pro
1295 1221 1547 1262 Chalciden-

187 1288 300 1328 sibus
326 1287 368 1327 in
394 1286 612 1339 conloquio
639 1286 692 1327 ad
706 1286 853 1340 Euripi
879 1286 1030 1327 fretum
1051 1285 1161 1326 dicta
1186 1291 1314 1332 erant,
1342 1283 1546 1336 quaedam

187 1350 312 1391 etiam
336 1349 515 1390 ferocius
549 1348 723 1403 egisset,
756 1364 829 1390 rex
861 1348 986 1389 etiam
1017 1357 1140 1401 atque
1167 1347 1291 1388 etiam
1317 1346 1545 1386 deliberare

187 1429 257 1454 eos
284 1413 433 1461 iussos,
460 1427 511 1452 ne
537 1412 579 1452 id
599 1411 758 1453 consilii
779 1420 987 1470 caperent,
1014 1411 1144 1458 cuius,
1172 1410 1268 1450 dum
1295 1409 1336 1448 in
1362 1409 1546 1448 tuturum

187 1475 309 1515 nimis
335 1474 443 1515 cauti
469 1483 509 1514 et
540 1474 701 1528 providi
728 1482 886 1522 essent,
919 1473 1127 1528 extemplo
1154 1471 1401 1527 paeniteret,
1429 1469 1549 1509 dimi-

189 1537 253 1578 sit.
292 1537 394 1577 haec
419 1537 653 1576 renuntiata
666 1536 827 1577 Pheras
853 1536 1006 1590 legatio
1033 1549 1128 1574 eum
1153 1541 1277 1581 esset,
1304 1547 1355 1572 ne
1375 1532 1544 1586 paulum

189 1599 355 1652 quidem
386 1598 642 1645 dubitarunt,
681 1597 779 1649 quin
815 1612 888 1651 pro
921 1597 1002 1636 fide
1034 1611 1134 1650 erga
1158 1596 1391 1641 Romanos,
1431 1593 1548 1645 quid-

190 1660 289 1713 quid
314 1660 398 1700 fors
426 1659 523 1699 belli
549 1658 729 1706 tulisset,
767 1666 1019 1712 paterentur.
1079 1657 1219 1709 itaque
1245 1665 1286 1696 et
1318 1655 1358 1694 hi
1386 1669 1548 1694 summa

190 1737 267 1777 ope
294 1722 495 1776 parabant
522 1736 566 1761 se
593 1721 644 1761 ad
670 1722 816 1761 urbem
841 1720 1166 1767 defendendam,
1194 1726 1234 1759 et
1258 1733 1331 1758 rex
1359 1718 1410 1757 ab
1437 1716 1550 1758 omni

191 1792 306 1839 parte
333 1783 454 1823 simul
481 1784 722 1836 obpugnare
755 1783 918 1823 moenia
943 1790 1003 1822 est
1037 1781 1261 1835 adgressus
1289 1787 1326 1819 ct
1354 1803 1385 1806 —
1410 1787 1455 1819 ut
1480 1778 1549 1831 qui

192 1845 291 1885 satis
317 1845 577 1898 intellegeret
600 1869 633 1872 —
658 1859 793 1897 neque
820 1845 930 1884 enim
956 1843 1126 1883 dubium
1152 1849 1238 1882 erat
1259 1867 1304 1889 —,
1332 1841 1373 1880 in
1399 1848 1550 1881 eventu

191 1907 278 1947 eius
304 1906 418 1946 urbis
444 1906 626 1960 positum
652 1921 762 1954 esse,
802 1921 925 1959 quam
956 1905 1132 1960 primam
1165 1904 1389 1957 adgressus
1423 1909 1547 1949 esset,

191 1976 262 2009 aut
297 1968 436 2023 sperni
474 1968 622 2008 deinde
660 1969 713 2009 ab
750 1969 943 2008 universa
981 1976 1104 2021 gente
1141 1965 1440 2006 Thessalorum
1480 1972 1551 2003 aut

192 2030 325 2071 timeri
351 2045 440 2070 se—
456 2046 620 2071 omnem
646 2030 828 2083 undique
853 2038 1053 2070 terrorem
1074 2028 1258 2069 obsessis
1284 2027 1434 2067 iniecit.
1468 2026 1550 2080 pri-

192 2107 304 2131 mum
322 2092 508 2146 inpetum
523 2091 844 2146 obpugnationis
867 2091 965 2132 satis
988 2098 1225 2131 constanter
1247 2090 1548 2135 sustinuerunt3

194 2153 287 2193 dein
314 2168 408 2193 cum
433 2154 550 2193 multi
575 2162 888 2208 propugnantes
915 2154 1109 2193 caderent
1130 2160 1200 2191 aut
1222 2151 1549 2197 vulnerarentur,

193 2215 332 2254 labare
365 2215 490 2255 animi
515 2224 752 2269 coeperunt.
813 2214 993 2256 revocati
1027 2214 1175 2254 deinde
1207 2211 1549 2264 castigationibus

194 2275 425 2330 principum
458 2277 509 2316 ad
541 2277 893 2330 perseverandum
925 2276 965 2315 in
998 2275 1231 2330 proposito,
1262 2274 1404 2313 relicto
1437 2280 1549 2312 exte·

194 2338 301 2378 riore
327 2337 478 2378 circulo
504 2338 628 2386 muri,
661 2338 948 2378 deficientibus
980 2337 1060 2377 iam
1088 2336 1216 2391 copiis
1249 2336 1290 2375 in
1315 2335 1551 2375 interiorem

195 2408 355 2454 partem
385 2400 498 2440 urbis
531 2408 845 2447 concesserunt,
885 2400 950 2439 cui
980 2399 1144 2440 brevior
1169 2398 1279 2439 orbis
1313 2396 1549 2437 munitionis

196 2463 482 2503 circumiectus
515 2470 614 2503 erat.
674 2472 884 2517 postremo
924 2461 1020 2502 victi
1056 2461 1176 2501 malis
1215 2475 1307 2500 cum
1346 2459 1549 2507 timerent,

196 2540 247 2566 ne
273 2525 312 2565 vi
338 2526 468 2580 captis
501 2525 613 2565 nulla
638 2525 749 2579 apud
774 2525 971 2565 victorem
998 2524 1119 2564 venia
1144 2531 1273 2571 esset,
1306 2521 1551 2562 dediderunt

197 2602 302 2628 sese.
363 2587 464 2627 nihil
495 2587 590 2628 inde
615 2595 798 2627 moratus
824 2602 897 2627 rex
923 2593 1116 2639 quattuor
1147 2585 1259 2625 milia
1285 2592 1548 2631 armatorum,

1256 2650 1323 2683 15*

1566 556 1584 584 [Q

1575 1359 1589 1386 λ]

1579 1791 1617 1820 10

1580 2039 1615 2067 11

1577 2595 1617 2624 13
