1799 2900
461 139 613 174 LIBER
637 140 825 185 XXXVI,
852 140 906 174 23.
927 140 980 174 24.
1009 142 1057 183 [a.
1074 139 1112 175 c.
1128 140 1208 184 191]
1430 129 1511 171 241

152 246 298 287 diurno
324 243 586 285 continuatus
612 243 728 285 labor
754 251 829 284 est.
880 258 973 284 eum
999 244 1196 300 fatigatos
1227 242 1310 284 iam
1335 241 1512 283 Aetolos
1539 256 1556 284 7

153 308 275 349 sciret
300 306 443 347 consul
469 313 508 346 et
535 321 586 347 ex
612 305 770 347 ratione
791 306 988 361 temporis
1009 314 1049 348 et
1068 305 1179 359 qued
1197 305 1254 346 ita
1271 304 1514 358 transfugae

152 369 445 417 adfirmabant,
484 368 565 409 tale
603 367 821 408 consilium
858 368 944 409 init.
1004 368 1141 409 media
1177 374 1298 408 nocte
1330 365 1512 421 receptui
1538 378 1558 409 8

153 432 319 486 signum
357 429 470 471 dedit
507 437 545 470 et
586 430 637 470 ab
675 430 984 484 obpugnatione
1023 430 1143 471 simul
1180 444 1324 471 omnes
1362 428 1513 469 milites

153 493 352 533 deductos
378 506 510 545 usque
536 491 590 532 ad
620 492 782 533 tertiam
814 491 894 532 diei
925 492 1069 533 horam
1101 491 1260 545 quietos
1293 491 1335 531 in
1368 489 1514 531 castris

153 554 297 596 tenuit.
348 554 443 595 inde
470 562 616 609 coepta
640 554 895 609 obpugnatio
917 555 968 594 ad
987 554 1166 595 mediam
1187 568 1330 594 rursus
1351 560 1514 593 noctem
1541 566 1558 596 9

153 617 352 673 perducta
389 623 472 666 est,
516 616 754 657 intermissa
790 616 938 658 deinde
976 631 1107 670 usque
1145 616 1198 657 ad
1234 615 1396 657 tertiam
1434 614 1515 656 diei

153 679 310 720 horam.
372 678 658 733 fatigationem
688 678 765 719 rati
798 693 966 719 causam
998 694 1090 720 esse
1121 678 1263 719 Aetoli
1299 693 1381 719 non
1418 692 1515 719 con·
1543 691 1583 720 10

152 741 377 782 tinuandae
415 741 756 796 obpugnationis,
801 755 906 794 quae
944 750 984 782 et
1018 741 1132 796 ipsos
1171 741 1399 789 adfecerat,
1444 739 1515 779 ubi

153 803 354 844 Romanis
381 803 523 843 datum
547 804 733 857 receptui
758 803 923 858 signum
949 811 1079 851 esset,
1106 802 1218 843 velut
1242 802 1323 857 ipsi
1349 801 1428 843 1100
1451 816 1517 842 10-

154 865 288 907 vocati
314 881 388 920 pro
415 881 459 906 se
485 866 659 919 quisque
685 880 736 906 ex
763 865 1009 906 stationibus
1036 865 1294 906 decedebant
1318 878 1395 905 nee
1420 871 1516 904 ante

154 928 317 968 tertiam
344 927 423 968 diei
450 927 591 968 horam
618 927 765 968 armati
789 928 831 967 in
858 927 986 967 muris
1013 927 1282 981 adparebant.

239 989 442 1030 XXIIII.
493 988 653 1030 Consul
684 1004 778 1029 011111
810 998 931 1029 noete
961 988 1100 1029 media
1129 987 1420 1028 intermisisset
1445 987 1517 1028 ob-
1546 1002 1559 1030 1

154 1052 472 1107 pugnationem‚
522 1059 669 1104 quarta
706 1050 849 1104 vigilia
884 1065 1028 1090 rursus
1074 1050 1126 1090 ab
1162 1050 1293 1090 tribus
1330 1048 1517 1104 partibus

156 1129 317 1154 summa
352 1113 392 1153 vi
437 1113 680 1167 adgressus,
731 1112 783 1152 ab
820 1126 903 1152 una
939 1111 1004 1152 Ti.
1039 1110 1332 1166 Sempronium
1377 1118 1516 1150 tenere
1543 1125 1561 1153 2

154 1175 334 1215 intentos
372 1174 524 1214 milites
562 1174 810 1228 signumque
847 1180 1088 1228 exspectare
1125 1171 1264 1221 iussit,
1313 1171 1366 1212 ad
1397 1186 1446 1212 ea
1476 1170 1518 1210 in

155 1245 355 1278 nocturno
381 1236 576 1284 tumultu,
615 1235 724 1276 unde
751 1235 904 1276 clamor
931 1235 1212 1283 exaudiretur,
1256 1233 1368 1274 haud
1394 1233 1517 1274 dubie

154 1306 266 1340 ratus
299 1298 431 1339 hostis
466 1312 753 1339 concursuros.
814 1298 955 1339 Aetoli
986 1313 1082 1353 pars
1110 1296 1233 1351 sopiti
1265 1296 1429 1337 adfecta
1460 1295 1519 1335 la·
1545 1310 1563 1339 3

155 1361 253 1402 bore
280 1375 327 1401 ae
353 1360 504 1414 vigiliis
530 1374 704 1415 corpora
730 1375 780 1401 ex
807 1375 952 1401 somno
974 1359 1269 1408 moliebantur,
1296 1373 1392 1413 pars
1414 1358 1519 1412 vigi-

156 1423 288 1463 lantes
321 1422 455 1463 adhue
487 1422 539 1463 ad
570 1423 787 1477 strepitum
817 1422 1092 1477 pugnantium
1128 1422 1171 1462 in
1209 1421 1389 1463 tenebris
1428 1435 1520 1461 eur-

156 1493 262 1526 runt.
311 1485 451 1526 hostes
477 1485 629 1540 partim
654 1501 726 1540 per
747 1485 887 1526 ruinas
908 1485 1079 1526 iacentis
1100 1484 1206 1524 muri
1226 1483 1518 1525 transcendere
1545 1496 1565 1525 4

158 1555 374 1596 conantur,
401 1547 551 1602 partim
578 1547 699 1588 scalis
722 1561 921 1588 ascensus
943 1554 1165 1602 temptant3
1193 1547 1393 1587 adversus
1415 1560 1518 1598 quos

158 1609 339 1662 undique
366 1610 418 1649 ad
443 1624 565 1664 opem
596 1610 810 1650 ferendam
836 1610 1061 1650 obcurrunt
1084 1608 1240 1649 Aetoli.
1295 1623 1391 1662 pars
1422 1622 1517 1655 una,
1546 1621 1564 1649 5

159 1672 199 1712 in
225 1686 307 1724 qua
333 1671 520 1712 aedificia
545 1678 661 1712 extra
685 1672 833 1712 urbem
858 1679 993 1720 erant,
1025 1685 1160 1723 neque
1187 1669 1422 1710 defenditur
1448 1683 1520 1709 ne—

159 1748 237 1787 que
275 1734 557 1788 obpugnatur:
607 1733 681 1773 sed
719 1733 785 1786 qui
823 1733 1132 1788 obpugnarent,
1170 1731 1316 1771 intenti
1355 1730 1520 1785 signum

160 1797 476 1852 exspectabant3
521 1796 715 1837 defensor
746 1811 867 1837 nemo
900 1796 1053 1836 aderat.
1112 1795 1195 1835 iam
1227 1794 1518 1842 dilucescebat,
1547 1805 1565 1834 6

160 1874 253 1900 cum
280 1859 445 1913 signum
478 1858 622 1900 consul
653 1858 784 1907 dedit3
823 1867 864 1899 01
894 1858 982 1899 sine
1013 1857 1096 1898 ullo
1123 1855 1345 1897 certamine
1371 1855 1521 1910 partim

160 1936 233 1977 per
258 1921 473 1970 semiruta,
504 1921 654 1976 partim
681 1921 802 1961 scalis
835 1920 1020 1974 integros
1046 1934 1185 1960 muros
1213 1917 1520 1958 transcendere.

161 1983 282 2024 simul
308 1983 482 2031 elamor,
509 1983 634 2023 index
661 1983 768 2037 capti
795 1982 954 2036 oppidi,
982 1988 1044 2022 est
1070 1980 1307 2028 exauditus,
1338 1978 1521 2032 undique

159 2045 301 2086 Aetoli
339 2045 513 2086 desertis
553 2045 798 2086 stationibus
836 2045 878 2084 111
915 2058 1051 2085 11100111
1082 2043 1259 2097 fugiunt.
1321 2041 1519 2096 oppidum
1546 2054 1562 2083 7

161 2107 337 2148 victores
363 2108 569 2162 permissu
596 2107 777 2149 consulis
805 2107 1019 2161 diripiunt,
1058 2121 1140 2146 non
1173 2113 1257 2145 tam
1283 2105 1335 2145 ab
1360 2104 1421 2144 ira
1444 2118 1522 2144 nee

161 2170 212 2209 ab
251 2169 362 2217 odio,
413 2184 536 2222 quam
574 2178 619 2210 ut
654 2170 791 2218 miles,
841 2168 1042 2209 coercitus
1080 2168 1122 2208 in
1161 2174 1218 2208 tot
1255 2165 1431 2220 receptis
1470 2180 1521 2207 ex

160 2238 365 2286 potestate
402 2231 583 2271 hostium
615 2231 810 2279 urbibus,
847 2231 983 2283 aliquo
1021 2230 1190 2270 tandem
1218 2229 1309 2270 loco
1341 2228 1521 2268 fructum

161 2293 355 2334 victoriae
383 2293 565 2333 sentiret.
625 2300 842 2333 revocatos
868 2292 964 2332 inde
990 2307 1014 2332 a
1038 2291 1174 2332 medio
1200 2291 1329 2331 ferme
1356 2290 1420 2330 die
1445 2289 1521 2329 mi-
1545 2300 1564 2330 8

161 2356 252 2395 lites
279 2370 372 2395 011111
397 2355 439 2395 111
465 2355 567 2396 duas
594 2355 805 2395 divisisset
830 2363 988 2409 partes,
1019 2369 1144 2395 unam
1168 2354 1377 2394 radicibus
1404 2368 1522 2393 mon-

161 2417 262 2457 tium
289 2417 539 2457 circumduci
566 2417 618 2457 ad
642 2432 787 2472 rupem
812 2416 950 2465 iussit,
977 2431 1082 2469 quae
1102 2415 1270 2470 fastigio
1293 2414 1518 2456 altitudinis

160 2495 234 2534 par
270 2480 408 2520 media
444 2480 550 2521 valle
587 2479 700 2519 velut
736 2480 912 2533 abrupta
949 2479 1000 2519 ab
1038 2493 1130 2519 arce
1162 2485 1266 2527 erat,
1305 2477 1380 2518 sed
1416 2476 1519 2517 adeo
1547 2489 1565 2518 9

159 2556 287 2596 prope
324 2542 534 2596 geminata
571 2541 786 2582 cacumina
821 2556 964 2582 eorum
1000 2541 1201 2582 montium
1234 2547 1349 2589 sunt,
1393 2548 1438 2580 ut
1468 2554 1519 2579 ex

161 2603 311 2644 vertice
337 2603 465 2645 altero
492 2603 622 2646 conici
655 2603 736 2645 tela
765 2603 807 2644 in
833 2617 969 2644 arcem
1000 2611 1170 2659 possent
1180 2620 1190 2653 3
1229 2618 1324 2644 011111
1349 2602 1519 2643 dimidia

232 2670 294 2697 Livi
317 2671 369 2697 vul.
391 2670 440 2697 ΙΙΙ.
1256 2670 1298 2703 16
