1799 2900
171 628 188 655 6

173 815 187 842 Ν]

215 129 299 171 314
524 135 675 170 LIBER
702 134 906 179 XXXVII,
933 136 986 169 GO.
1013 136 1062 180 [a.
1077 148 1113 170 11.
1131 137 1257 181 e.565]

215 242 393 297 primum
420 238 570 280 Cretae
596 238 692 279 litus
719 237 879 291 adtigit,
907 239 1072 280 nuntios
1100 240 1207 280 cirea
1232 241 1419 281 civitates
1446 240 1569 288 misit,

215 310 261 344 ut
287 302 409 343 armis
436 301 686 341 absisterent
711 300 979 354 captivosque
1005 302 1047 342 in
1074 303 1158 343 suis
1185 317 1372 356 quaeque
1398 303 1569 343 urbibus

216 364 409 419 agrisque
430 362 684 416 conquisitos
704 363 950 403 reducerent
970 372 1008 404 et
1029 364 1188 419 legatos
1209 365 1416 407 mitterent
1438 366 1490 406 ad
1511 379 1568 414 se,

215 441 305 467 011111
340 425 488 479 quibus
520 425 570 465 de
602 425 726 465 rebus
759 424 811 464 ad
844 424 1057 466 Cretensis
1089 427 1243 480 pariter
1272 428 1568 479 Romanosque

215 487 515 543 pertinentibus
542 494 697 541 ageret.
752 486 853 526 nihil
879 502 1131 542 magnopere
1157 504 1206 530 ea
1233 488 1456 530 Cretenses
1482 504 1569 529 mo-

215 558 374 591 verunt.
437 549 642 604 captivos,
680 557 844 603 practer
870 549 1116 604 Gortynios,
1155 553 1257 592 nulli
1287 552 1567 593 reddiderunt.

213 612 407 655 Valerius
433 611 585 652 Antias
612 611 664 652 ad
695 618 887 664 quattuor
911 612 1024 652 milia
1050 614 1325 667 captivorum,
1353 614 1447 667 quia
1472 613 1568 654 belli

214 675 346 715 minas
375 674 618 722 timuerunt,
652 688 701 713 ex
727 680 813 713 tota
837 673 972 714 insula
997 675 1158 715 reddita
1185 675 1367 729 scripsit3
1395 690 1568 728 eamque

214 752 382 777 causam
407 736 561 784 Fabio,
594 750 686 776 cum
712 750 800 776 rem
825 735 978 776 nullam
1005 736 1128 777 aliam
1153 738 1372 791 gessisset,
1410 738 1569 778 navalis

214 798 410 853 triumphi
434 797 683 852 impetrandi
710 798 761 838 ab
788 805 934 838 senatu
959 798 1101 839 fuisse.
1152 814 1175 839 a
1201 797 1329 839 Creta
1352 799 1569 853 Ephesum

212 860 369 902 Fabius
396 860 502 900 redit
511 877 521 909 ;
554 859 650 900 inde
677 860 807 900 tribus
833 860 1009 901 navibus
1036 860 1077 900 in
1103 860 1306 901 Thraciae
1333 876 1447 901 oram
1473 861 1571 902 mis-

214 924 269 964 sis
297 923 348 963 ab
373 923 496 963 Aeno
522 929 563 963 et
587 921 782 962 Maronia
805 922 1013 976 praesidia
1038 922 1237 964 Antiochi
1264 922 1411 964 deduci
1435 923 1568 973 iussit,

214 993 259 1026 ut
283 985 324 1025 in
349 985 538 1026 libertate
564 998 636 1025 eae
663 983 850 1024 civitates
877 992 1031 1025 essent.

497 1218 809 1268 [PERIOCHA
840 1219 993 1256 LIBRI
1022 1218 1285 1269 XXXVIII]

284 1328 349 1371 [M.
365 1327 518 1361 Fulvius
535 1327 666 1360 consul
682 1326 717 1359 in
732 1326 844 1372 Epiro
859 1327 1146 1360 Ambracienses
1163 1327 1339 1360 obsessos
1360 1328 1396 1361 in
1413 1328 1567 1362 deditio-

214 1392 296 1413 nem
323 1379 484 1423 accepit,
513 1378 793 1423 Cephalleniam
820 1378 986 1422 subegit,
1013 1377 1159 1411 Aetolis
1191 1378 1407 1422 perdomitis
1434 1391 1565 1423 pacem

216 1430 329 1464 dedit.
359 1431 423 1463 Cn.
441 1429 601 1462 Manlius
619 1429 762 1472 consul,
778 1429 925 1472 collega
940 1430 1030 1471 ciuS,
1048 1429 1320 1473 Gallograeeos
1337 1430 1563 1464 Tolostobo-

214 1481 296 1525 gios
312 1484 349 1514 et
362 1480 594 1522 Tectosagas
615 1484 651 1512 et
665 1480 859 1521 Trocmos,
889 1478 949 1523 qui
964 1479 1113 1512 Brenno
1131 1480 1223 1512 duee
1244 1479 1281 1512 in
1294 1478 1421 1513 Asiam
1436 1481 1567 1514 transi-

213 1535 330 1573 erant,
353 1542 433 1563 cum
451 1530 521 1563 soli
537 1530 629 1563 eitra
644 1529 809 1563 Taurum
824 1534 987 1562 montem
1002 1541 1076 1563 11011
1092 1533 1277 1574 parerent,
1299 1530 1399 1563 vicit.
1441 1541 1566 1564 eorum

214 1582 333 1626 origo,
361 1585 399 1614 et
419 1592 492 1625 quo
515 1581 625 1614 modo
647 1592 692 1614 ea
712 1582 796 1614 loca
818 1591 913 1625 quae
935 1584 1066 1614 tenent
1085 1581 1368 1625 occupaverint,
1395 1581 1564 1616 refertur.

212 1632 420 1677 exemplum
442 1642 591 1676 quoque
614 1631 761 1664 virtutis
782 1635 819 1665 et
838 1631 1040 1676 pudicitiae
1055 1631 1093 1664 in
1115 1631 1253 1666 femina
1268 1632 1445 1674 traditur,
1473 1644 1566 1678 quae

213 1694 293 1717 cum
308 1682 407 1727 regis
423 1682 759 1727 Gallograecorum
780 1693 872 1716 uxor
893 1682 1016 1725 fuerit,
1045 1682 1193 1727 captiva
1214 1683 1478 1725 centurionem,
1507 1684 1568 1728 qui

212 1733 245 1768 ei
270 1734 343 1766 vim
370 1733 564 1777 intulerat,
599 1733 747 1767 oceidit.
797 1734 953 1766 lustrum
979 1744 1001 1767 a
1032 1733 1251 1767 censoribus
1279 1734 1467 1768 conditum
1493 1739 1567 1778 est,

213 1796 326 1819 censa
341 1788 426 1818 sunt
441 1784 572 1818 civium
589 1784 712 1829 capita
727 1785 888 1818 ducenta
903 1784 1177 1828 quinquaginta
1192 1788 1277 1818 octo
1288 1785 1388 1819 milia
1402 1789 1568 1819 trecenta

213 1837 352 1870 decem.
391 1847 472 1869 eum
487 1834 685 1870 Ariarathe
701 1835 963 1880 Cappadociae
978 1846 1065 1879 rege
1080 1835 1243 1869 amicitia
1258 1835 1386 1869 iuncta
1403 1840 1468 1869 est.
1502 1835 1567 1869 Cn.

210 1886 373 1921 Manlius
396 1886 741 1920 contradicentibus
757 1887 884 1920 decem
906 1885 1052 1930 legatis,
1081 1897 1123 1919 ex
1140 1897 1294 1930 quorum
1311 1886 1467 1920 consilio
1489 1886 1567 1920 foe-

212 1937 282 1970 dus
310 1948 392 1970 cum
418 1936 606 1970 Antiocho
634 1936 929 1981 conscripserat,
965 1937 1009 1970 de
1037 1936 1299 1980 Gallograecis
1324 1941 1409 1970 acta
1433 1948 1500 1980 pro
1529 1949 1566 1971 se

214 1999 327 2022 causa
352 1989 389 2021 in
417 1991 548 2022 senatu
575 1987 824 2033 triumphavit.
875 1987 1001 2032 Scipio
1022 1987 1224 2021 Africanus
1251 1988 1310 2021 die
1330 1988 1363 2021 ei
1383 1988 1499 2031 dicta,
1526 1992 1569 2022 ut

213 2038 363 2083 quidam
378 2039 542 2080 tradunt,
563 2050 585 2073 a
600 2039 642 2079 Q.
656 2038 808 2072 Petillio
824 2038 973 2071 tribuno
989 2037 1121 2082 plebis,
1136 2042 1177 2071 ut
1192 2037 1354 2082 quidam,
1375 2050 1396 2072 a
1411 2038 1566 2081 Naevio,

213 2091 313 2134 quod
329 2091 470 2134 praeda
484 2101 527 2124 ex
542 2089 729 2123 Antiocho
747 2093 856 2134 capta
870 2089 1053 2123 aerarium
1068 2088 1293 2131 fraudasset,
1320 2093 1565 2134 posteaquam

211 2141 243 2174 is
266 2141 346 2175 dies
367 2141 480 2182 venit,
507 2145 684 2175 evocatus
698 2140 736 2174 in
755 2145 878 2174 rostra
903 2141 992 2174 ‘hae
1011 2140 1086 2174 die‘
1112 2140 1234 2184 iuquit
1259 2139 1453 2182 ‘Quirites,
1480 2139 1566 2173 Car-

212 2192 402 2236 thaginem
418 2192 503 2226 vici’
528 2196 564 2226 et
584 2196 837 2236 prosequente
857 2192 996 2236 populo
1013 2190 1237 2236 Capitolium
1253 2191 1431 2225 escendit.
1480 2191 1567 2225 inde

212 2253 257 2276 110
278 2243 436 2286 amplius
459 2242 668 2277 tribuniciis
689 2242 831 2275 iniuriis
852 2246 1063 2284 vexaretur,
1089 2241 1127 2275 in
1148 2241 1396 2276 voluntarium
1417 2241 1566 2275 exilium

215 2292 437 2336 [Liternum]
456 2293 651 2327 concessit.
702 2292 882 2326 incertum
896 2292 948 2327 ibi
963 2304 1009 2326 an
1022 2292 1164 2326 Romae
1181 2292 1380 2326 defunctus
1395 2292 1461 2335 sit,
1482 2303 1566 2326 nam

212 2348 489 2377 monumentum
515 2344 593 2378 eius
620 2344 821 2388 utrobique
848 2343 928 2377 fuit.
991 2344 1033 2377 L.
1062 2343 1185 2388 Scipio
1212 2343 1418 2388 Asiaticus,
1450 2342 1566 2377 frater

211 2393 397 2437 Africani,
425 2395 555 2430 eodem
580 2396 778 2440 peculatus
799 2395 948 2428 erimine
971 2398 1168 2428 accusatus
1192 2395 1462 2438 damnatusque
1484 2405 1564 2427 cum

212 2444 249 2477 in
264 2445 412 2479 vincula
426 2450 463 2479 et
477 2457 662 2480 carcerem
678 2446 888 2488 duceretur,
906 2445 963 2479 Ti.
979 2444 1221 2489 Sempronius
1238 2444 1433 2479 Gracchus
1450 2444 1563 2478 tribu-

214 2506 281 2527 nus
300 2495 434 2539 plebis,
462 2496 524 2541 qui
545 2500 658 2530 antea
674 2496 913 2540 Scipionibus
933 2496 1103 2530 inimicus
1124 2500 1214 2539 erat,
1242 2496 1452 2530 intercessit
1466 2499 1503 2529 et
1516 2494 1563 2528 ob

213 2544 249 2577 id
266 2545 484 2579 beneficium
500 2547 667 2581 Africani
687 2547 801 2581 filiam
817 2547 930 2581 duxit.
981 2559 1062 2581 eum
1079 2552 1297 2591 quaestores
1312 2547 1349 2580 in
1370 2547 1470 2580 bona
1485 2545 1563 2579 cius

213 2595 363 2638 publice
377 2597 606 2640 possidenda
621 2598 721 2631 missi
737 2602 875 2641 essent,
897 2609 970 2631 non
986 2598 1097 2632 modo
1112 2597 1148 2630 in
1164 2598 1220 2630 his
1235 2597 1350 2630 ullum
1364 2596 1562 2640 vestigium
