1799 2900
211 233 230 262 3

209 357 226 383 «1

209 913 223 940 Φ«Ι

182 2027 218 2055 123

183 2276 219 2304 14

255 105 337 145 ‘202
551 113 704 146 Llnssa
727 112 893 155 XXXV,
920 112 975 146 32,
994 112 1048 146 33.
1077 113 1315 158 [11110562]

255 217 365 271 regis
392 217 589 270 legatum.
636 216 717 268 qui,
743 216 986 270 priusquam
1012 217 1230 258 concilium
1255 217 1304 257 iis
1332 217 1511 267 daretur,
1537 218 1609 260 im-

253 279 465 333 pleverant
482 277 665 318 omnium
691 293 811 318 aures
838 279 1043 319 terrestris
1069 279 1313 332 navalisque
1333 280 1473 334 copias
1501 294 1616 321 com--

255 340 541 380 memorando:
579 339 792 394 ingentem
824 341 907 381 vim
939 342 1125 396 peditum
1152 342 1418 395 equitumque
1451 343 1610 392 venire3

253 417 302 441 ex
320 402 438 441 India
458 402 701 456 elephantos
724 403 897 451 accitos3
925 413 1019 444 ante
1040 404 1190 453 omnia,
1218 418 1298 457 quo
1324 406 1504 446 maxime
1525 420 1612 446 cre-

252 464 404 504 debant
435 464 592 504 moveri
620 465 893 506 multitudinis
920 466 1100 515 animos,
1136 474 1295 506 tantum
1327 467 1476 507 advehi
1509 467 1610 517 auri,

251 526 311 566 uti
331 526 444 580 ipsos
461 542 597 567 emere
613 527 827 568 Romanos
849 529 993 582 possit.
1032 529 1272 582 adparebat,
1295 530 1392 582 quid
1413 545 1461 570 ea
1481 531 1611 572 oratio

250 589 292 628 in
312 589 485 629 concilio
506 601 667 630 motura
689 598 818 638 esset3
846 605 941 630 nam
968 600 1007 631 et
1034 592 1198 632 venisse
1225 606 1295 631 eos
1322 600 1363 632 et
1382 607 1487 645 quae
1514 607 1611 647 age-

217 666 224 691 ;
251 658 341 690 rent
372 650 511 691 omnia
542 651 691 705 legatis
712 651 914 692 Romanis
943 652 1248 693 deferebantur.
1293 660 1333 693 et
1361 668 1611 707 quamquam

250 727 378 766 prope
404 712 568 753 abscisa
592 728 658 753 res
680 722 778 760 erat,
807 720 946 754 tamen
972 729 1054 754 non
1081 715 1132 754 ab
1157 729 1200 754 re
1227 729 1319 755 esse
1335 715 1532 766 Quinctio
1552 716 1612 756 vi-

250 789 342 813 sum
373 782 454 823 est,
494 774 700 815 sociorum
731 775 891 828 aliquos
922 775 1082 830 legatos
1114 776 1315 816 interesse
1354 776 1391 817 ei
1423 777 1609 826 concilio,

251 836 319 888 qui
352 836 624 877 admonerent
647 837 864 877 Romanae
896 837 1106 878 societatis
1139 838 1337 887 Aetolos,
1371 839 1440 891 qui
1467 853 1610 880 vocem

248 898 422 938 liberam
452 899 615 939 mittere
648 899 848 940 adversus
880 900 990 955 regis
1017 900 1200 954 legatum
1233 901 1444 941 auderent.
1477 901 1611 941 Athe-

248 960 413 1001 nienses
446 961 624 1002 maxime
656 961 698 1001 in
729 977 821 1002 eam
846 977 933 1002 rem
964 962 1104 1003 idonei
1134 962 1213 1002 visi
1244 970 1340 1002 sunt
1371 969 1540 1017 propter
1570 969 1611 1003 et

250 1022 426 1063 civitatis
454 1023 698 1078 dignitatem
730 1032 770 1064 ct
802 1032 1010 1065 vetustam
1042 1025 1284 1065 societatem
1311 1039 1404 1064 011111
1429 1024 1608 1066 Aetolis.

250 1085 301 1125 ab
316 1085 364 1125 iis
380 1085 601 1136 Quinctius
617 1086 732 1140 petit,
755 1097 798 1127 ut
815 1087 976 1140 legatos
993 1087 1046 1127 ad
1058 1087 1374 1127 Panaetolicum
1391 1087 1609 1128 concilium

249 1147 469 1187 mitterent.
509 1148 650 1188 Thoas
671 1148 828 1202 primus
852 1149 895 1188 in
910 1164 957 1189 co
973 1149 1145 1190 concilio
1166 1149 1417 1189 renuntiavit
1435 1149 1608 1203 legatio-

250 1222 356 1249 nem.
394 1209 622 1264 BIenippus
638 1219 731 1265 post
748 1226 841 1251 eum
859 1223 920 1251 est
941 1211 1218 1251 intromissus.
1256 1212 1457 1265 optimum
1478 1211 1608 1252 fuisse

249 1271 440 1311 Omnibus
469 1273 539 1324 qui
566 1271 787 1313 Graeciam
812 1273 1044 1325 Asiamque
1076 1273 1301 1313 incolerent
1328 1273 1402 1321 ait,
1434 1273 1606 1327 integris

250 1334 372 1373 rebus
387 1333 573 1388 Philippi
596 1335 782 1389 potuisse
802 1335 1050 1375 intervenire
1066 1335 1341 1375 Antiochum:
1369 1350 1444 1375 sua
1465 1350 1607 1388 quem-

249 1409 327 1447 que
350 1395 586 1435 habiturum
608 1397 736 1436 fuisse
758 1412 891 1449 neque
907 1397 1044 1437 omnia
1066 1398 1142 1436 sub
1158 1407 1303 1437 nutum
1319 1397 1606 1450 dicionemque

248 1457 482 1497 Romanam
502 1468 764 1512 perventura.
804 1464 931 1498 ‘nunc
947 1459 1136 1511 quoque,’
1159 1459 1293 1511 inquit
1319 1459 1372 1499 ‘si
1391 1459 1515 1500 modo
1531 1475 1605 1500 vos

248 1532 352 1570 quae
378 1519 603 1559 inchoastis
631 1520 803 1560 consilia
829 1530 1067 1560 constanter
1099 1521 1324 1574 perducitis
1352 1521 1405 1560 ad
1437 1521 1605 1570 exitum,

247 1580 396 1634 poterit
418 1581 495 1621 diis
516 1581 753 1622 iurantibus
776 1591 814 1622 et
829 1582 993 1623 Aetolis
1016 1582 1138 1623 sociis
1160 1582 1395 1623 Antiochus
1418 1585 1605 1636 quamvis

246 1642 463 1682 inclinatas
481 1642 683 1683 Graeciae
708 1659 773 1684 res
800 1644 1016 1684 restituere
1043 1644 1086 1684 in
1109 1644 1328 1698 pristinam
1348 1644 1605 1699 dignitatem.

248 1719 297 1744 ea
328 1713 464 1744 autem
501 1705 543 1744 iu
574 1705 764 1747 libertate
795 1706 932 1761 posita
963 1715 1045 1755 est,
1083 1721 1189 1759 quae
1216 1707 1301 1747 suis
1329 1714 1409 1747 stat
1436 1707 1606 1756 viribus,

247 1781 328 1806 non
355 1782 406 1806 ex
437 1767 571 1808 alieno
598 1768 766 1809 arbitrio
792 1769 971 1823 pendet?
1015 1769 1320 1818 Athenienses,
1349 1769 1499 1822 quibus
1524 1770 1607 1824 pri-

247 1829 323 1869 mis
351 1837 446 1883 post
470 1829 628 1884 regiam
653 1830 904 1884 legationem
925 1831 1088 1872 dicendi
1115 1846 1219 1884 quae
1241 1832 1394 1872 vellent
1420 1840 1604 1886 potestas

245 1892 356 1931 facta
391 1899 478 1940 est,
516 1892 725 1933 mentione
764 1893 876 1933 0111111
911 1894 1021 1947 regis
1060 1893 1353 1947 praetermissa
1388 1893 1604 1934 Romanae

246 1953 454 1994 societatis
482 1955 657 1995 Aetolos
690 1956 1012 2008 meritorumque
1044 1955 1086 1995 in
1117 1955 1356 1995 universam
1383 1954 1605 1996 Graeciam

246 2015 295 2055 T.
324 2015 495 2066 Quincti
520 2017 840 2066 admonuerunt,
866 2033 918 2058 110
945 2026 1098 2058 temere
1125 2033 1216 2058 eam
1241 2017 1369 2057 nimia
1395 2017 1604 2059 celeritate

245 2078 511 2118 consiliorum
544 2087 795 2120 everterent:
829 2079 1001 2120 consilia
1033 2080 1166 2119 calida
1198 2087 1236 2119 et
1269 2079 1443 2119 audacia
1471 2079 1605 2134 prima

246 2141 383 2193 specie
408 2140 534 2189 laeta,
567 2149 745 2182 tractatu
776 2142 896 2190 dura,
929 2151 1080 2182 eventu
1111 2141 1245 2181 tristia
1276 2156 1382 2181 esse.
1442 2141 1603 2195 legatos

244 2202 471 2253 Romanos,
493 2211 533 2244 et
553 2204 595 2244 in
614 2204 678 2245 his
694 2204 743 2245 T.
761 2204 1016 2256 Quinctium,
1037 2204 1149 2244 haud
1168 2204 1311 2258 procul
1331 2203 1426 2243 inde
1442 2203 1602 2244 abesse.

246 2265 343 2305 dum
368 2265 530 2321 integra
557 2267 695 2307 omnia
721 2273 874 2315 essent,
901 2266 1038 2307 verbis
1064 2266 1201 2320 potius
1228 2266 1279 2306 de
1309 2265 1358 2306 iis
1386 2280 1491 2318 quae
1517 2281 1603 2305 am-

245 2326 482 2380 bigerentur
508 2328 786 2383 disceptarent
812 2343 937 2381 quam
962 2328 1112 2368 Asiam
1135 2328 1434 2381 Europamque
1460 2327 1512 2367 ad
1537 2327 1602 2367 fu-

244 2397 407 2429 nestum
434 2400 642 2431 armarent
668 2391 834 2432 bellum.

329 2450 558 2493 XXXIII.
595 2453 824 2494 Multitudo
845 2453 967 2494 arida
992 2453 1174 2494 novandi
1198 2467 1264 2493 res
1292 2452 1492 2492 Antiochi
1517 2459 1602 2492 tota

244 2520 347 2559 erat,
386 2521 426 2552 ct
457 2528 508 2554 110
546 2515 824 2556 admittendos
859 2515 1025 2568 quidem
1057 2514 1099 2554 111
1137 2514 1357 2555 0011011111111
1387 2513 1600 2554 Romanos

244 2573 485 2623 censcba11t3
523 2576 754 2631 principum
792 2577 972 2616 maxime
1005 2576 1188 2616 seniores
1223 2575 1464 2616 auctoritate
1496 2573 1600 2614 obti-
