1799 2900
158 617 196 645 10

158 742 192 771 ll

159 1299 196 1328 13

160 1609 198 1637 14

178 2042 196 2071 [Φ

180 2599 199 2628 5

223 120 306 162 294
490 127 647 162 [ABER
672 126 875 170 xxan,
902 126 956 160 40.
976 126 1030 160 41.
1060 129 1107 169 [a.
1124 138 1154 160 u.
1171 126 1294 170 0501]

223 233 369 273 cohors
397 239 500 279 erat3
529 230 820 284 argyraspides
848 244 871 269 a
895 244 1046 283 genere
1073 245 1279 270 armorum
1307 230 1571 285 adpellaban-

223 302 300 335 tur.
361 292 510 333 Dahae
542 292 708 340 deinde,
742 291 900 344 equites
929 292 1149 345 sagittarii,
1186 292 1296 333 mille
1323 301 1362 333 et
1395 293 1571 333 ducenti.

223 364 308 397 tum
334 355 435 395 levis
457 361 664 394 armatura
684 354 806 394 trium
827 353 996 402 milium,
1023 353 1110 407 pari
1137 354 1266 394 ferme
1287 370 1457 395 numero
1477 370 1572 409 pars

224 417 461 464 Cretenses,
499 431 595 469 pars
628 415 803 455 Tralles,
867 415 947 455 duo
982 415 1095 455 milia
1131 423 1171 456 et
1208 416 1422 470 quingenti
1458 415 1573 470 Mysi

223 477 424 532 sagittarii
451 477 513 517 his
541 476 722 517 adiuncti
748 485 875 517 erant.
920 483 1149 517 extremum
1175 491 1301 518 cornu
1328 478 1574 518 claudebant

222 548 414 594 quattuor
439 539 552 579 milia
577 539 688 579 misti
715 538 883 593 Cyataei
910 538 1138 578 funditores
1165 548 1205 579 01
1229 539 1421 593 Elymaei
1447 539 1574 593 sagit-

224 602 326 643 tarii.
388 602 440 642 ab
472 601 592 641 laevo
624 616 751 641 cornu
783 601 1035 656 phalangitis
1070 601 1250 640 adiuncti
1283 609 1397 641 erant
1431 601 1574 642 Gallo-

222 663 359 719 graeci
387 663 545 716 equites
572 662 683 703 mille
705 670 745 703 et
770 662 998 716 quingenti,
1027 662 1213 702 similiter
1238 662 1301 702 his
1328 663 1473 703 armati
1493 663 1574 703 duo

222 727 334 766 milia
360 725 678 780 Cappadocum3
706 725 758 765 ab
783 724 1006 765 Ariarathe
1031 724 1147 764 missi
1173 731 1289 764 erant
1318 725 1419 778 regi.
1479 725 1574 765 inde

222 787 441 828 auxiliares
473 787 590 827 mixti
622 787 806 829 omnium
837 802 1037 841 generum
1069 786 1149 826 duo
1182 786 1293 826 milia
1326 786 1576 840 septingenti

222 858 263 891 et.
287 851 364 891 tria
388 850 501 890 milia
526 850 885 905 cataphractorum
905 848 1088 902 equitum
1114 855 1152 888 01
1180 848 1289 888 1111110
1310 848 1378 888 11111
1404 849 1575 901 equites,

222 913 337 967 regia
374 912 439 953 ala
474 912 697 953 levioribus
736 911 987 966 tegumentis
1034 910 1118 950 suis
1157 925 1457 963 equorumque,
1495 910 1575 951 alio

223 975 334 1014 haud
366 974 554 1014 dissimili
585 973 747 1022 habitu3
782 973 878 1027 Syri
909 972 1093 1026 plerique
1126 978 1242 1012 erant
1265 972 1505 1026 Phrygibus
1537 979 1576 1012 et

223 1037 357 1090 Lydis
390 1035 565 1076 inmixti.
627 1044 722 1076 ante
754 1035 864 1075 hune
890 1034 1118 1087 equitatum
1148 1034 1323 1074 falcatae
1350 1034 1575 1087 quadrigae

223 1106 264 1138 et
289 1099 447 1147 cameli,
475 1113 578 1151 quos
606 1098 815 1152 adpellant
841 1097 1075 1137 dromadas.
1125 1096 1188 1137 his
1215 1096 1449 1137 insidebant
1469 1097 1576 1136 Ara-

222 1163 296 1201 bes
330 1161 549 1215 sagittarii,
588 1160 749 1214 gladios
777 1160 912 1200 tenuis
945 1159 1165 1207 habentes,
1203 1158 1351 1213 longos
1378 1166 1577 1211 quaterna

224 1224 381 1271 cubita,
407 1231 453 1263 ut
478 1238 529 1263 ex
555 1231 669 1263 tanta
694 1222 911 1262 altitudine
938 1221 1177 1274 contingere
1204 1221 1365 1261 hostem
1391 1229 1573 1275 possent.

222 1286 318 1327 inde
357 1287 436 1326 alia
466 1285 704 1332 multitudo,
742 1299 816 1338 par
847 1284 883 1324 ei
915 1298 1019 1336 quae
1057 1283 1098 1322 111
1136 1282 1280 1323 dextro
1313 1297 1439 1323 cornu
1476 1292 1575 1330 erat,

222 1349 343 1404 primi
358 1348 585 1396 Tarentini,
613 1348 762 1387 deinde
779 1346 1147 1401 Gallograecorum
1168 1345 1351 1397 equitum
1371 1345 1452 1385 duo
1466 1344 1577 1384 milia

223 1419 263 1452 01
289 1410 515 1465 quingenti,
543 1410 637 1449 inde
651 1410 875 1449 Neocretes
902 1408 1012 1448 mille
1033 1416 1073 1447 et
1099 1407 1243 1447 eodem
1270 1414 1428 1446 armatu
1445 1406 1575 1447 Cares

223 1481 264 1514 et
296 1472 448 1514 Cilices
486 1472 598 1512 mille
631 1478 670 1512 et
708 1470 921 1524 quingenti
953 1477 993 1510 et
1028 1470 1202 1510 totidem
1235 1469 1396 1509 Tralles
1429 1476 1469 1509 01
1499 1469 1575 1508 11111

224 1536 337 1576 milia
363 1542 656 1583 caetrat0rum3
682 1534 852 1574 Pisidae
880 1533 921 1572 hi
939 1539 1055 1572 erant
1075 1539 1113 1572 01
1126 1532 1366 1585 Pamphylii
1386 1540 1427 1571 01
1440 1531 1574 1584 Lycii.

225 1606 311 1638 tum
344 1596 621 1651 Cyrtaeorum
654 1603 693 1637 et
724 1596 1019 1649 Elymaeorum
1056 1594 1172 1648 paria
1202 1594 1242 1632 in
1275 1593 1420 1633 dextro
1452 1607 1578 1633 cornu

222 1660 368 1700 locatis
406 1659 577 1707 auxilia,
617 1665 654 1699 et
694 1657 872 1699 sedecim
914 1656 1123 1711 elephanti
1161 1656 1323 1697 modico
1360 1656 1576 1696 intervallo

224 1722 439 1762 distantes.

308 1783 540 1824 XXXXL
590 1783 684 1824 Rex
715 1782 803 1837 ipse
829 1782 870 1822 111
897 1782 1042 1822 dextro
1069 1796 1194 1822 cornu
1222 1790 1326 1829 erat3
1355 1779 1577 1820 Seleucum

222 1845 352 1886 filium
384 1852 422 1886 et
448 1844 719 1899 Antipatrum
751 1844 888 1884 fratris
926 1843 1054 1883 filium
1092 1843 1132 1883 in
1169 1843 1288 1883 laevo
1319 1841 1576 1896 praeposuit:

223 1907 360 1948 media
386 1907 495 1948 acies
522 1907 654 1948 tribus
681 1906 896 1961 permissa,
923 1904 1129 1945 Minnioni
1157 1912 1195 1945 et
1218 1904 1392 1944 Zeuxidi
1419 1911 1459 1944 et
1477 1903 1578 1944 Phi-

222 1970 334 2025 lippo
359 1969 559 2024 magistro
585 1969 912 2024 elephantorum.

307 2032 471 2073 Nebula
496 2031 717 2079 matutina,
745 2041 956 2071 crescente
983 2029 1047 2069 die
1073 2029 1211 2069 levata
1235 2028 1277 2068 in
1302 2029 1453 2076 nubes,
1481 2027 1577 2067 cali-

223 2094 362 2147 ginem
383 2093 513 2142 dedit3
540 2093 688 2134 humor
707 2092 815 2141 inde,
842 2092 893 2132 ab
914 2099 1052 2132 austro
1074 2091 1199 2139 velut,
1224 2090 1406 2144 perfudit
1426 2089 1576 2130 omnia.

223 2170 327 2208 quae
353 2155 451 2195 nihil
481 2155 704 2195 admodum
730 2153 952 2199 Romanis,
979 2153 1125 2193 eadem
1151 2151 1489 2206 perincommoda
1512 2165 1577 2191 re-

223 2217 301 2271 giis
328 2224 457 2258 erant.
494 2232 591 2257 nam
617 2224 656 2257 et
682 2216 911 2256 obscuritas
938 2215 1040 2254 lucis
1067 2214 1107 2254 in
1134 2213 1220 2254 acie
1247 2213 1407 2253 modica
1423 2213 1578 2253 Roma-

223 2279 286 2319 nis
312 2295 395 2320 non
426 2279 632 2320 adimebat
664 2279 706 2318 in
733 2278 865 2319 omnis
897 2285 1035 2332 partes
1063 2284 1331 2330 conspectum
1358 2283 1398 2315 et
1430 2275 1577 2315 humor

224 2348 308 2381 toto
341 2342 426 2381 sere
452 2341 569 2396 gravi
602 2348 760 2381 armatu
794 2339 894 2380 nihil
926 2338 1086 2393 gladios
1120 2346 1188 2378 aut
1220 2338 1304 2392 pila
1335 2337 1574 2384 hebetabat3

226 2403 327 2457 regii
361 2411 444 2443 tam
474 2404 558 2444 lata
592 2404 679 2443 acie
712 2418 763 2442 nc
789 2417 839 2442 ex
865 2401 1002 2442 medio
1029 2400 1193 2453 quidem
1221 2414 1375 2440 cornua
1401 2414 1476 2439 sua
1500 2398 1577 2438 cir-

224 2465 477 2518 cumspicere
508 2471 717 2519 poterant,
756 2464 907 2504 nedum
940 2462 1112 2503 extremi
1150 2461 1255 2502 inter
1288 2476 1331 2502 se
1364 2459 1577 2514 conspice-

224 2532 381 2573 rentur,
420 2534 460 2565 et
492 2527 637 2567 humor
668 2540 787 2566 arcus
818 2525 1052 2576 fundasque
1083 2532 1124 2564 et
1153 2523 1379 2564 iaculorum
1413 2528 1577 2562 amenta

226 2585 464 2626 emollierat.
510 2587 687 2627 falcatae
714 2600 876 2640 quoque
903 2585 1142 2639 quadrigae,
1171 2584 1320 2637 quibus
1349 2598 1392 2624 se
1418 2589 1576 2636 pertur-
