1799 2900
225 100 303 141 198
518 107 668 141 LIBER
694 108 857 151 XXXV,
883 109 936 142 28.
957 109 1010 144 ⁶29.
1041 112 1090 153 [a.
1107 110 1268 144 110562

220 210 461 258 0115101111·01;
500 218 539 251 01
575 218 711 250 utrum
748 225 922 265 pergere
960 227 1041 265 qua
1078 214 1285 267 coepisset
1322 214 1380 254 irc
1419 214 1485 254 via
1522 229 1574 254 an

177 286 193 315 6
220 288 309 313 eam
337 288 417 325 qua
447 272 632 313 venisset
661 280 848 327 repetere
880 274 1026 315 melius
1065 283 1194 324 essct3
1234 276 1379 316 eastris
1412 290 1574 329 quoque

219 350 341 387 quem
366 334 502 375 locum
529 342 715 389 caperet,
748 343 948 388 quantum
973 338 1231 378 munimento
1258 338 1575 392 amplecteretur

219 396 310 444 loci,
337 411 418 448 qua
437 404 640 451 oportuna
666 398 844 449 aquatio,
872 412 952 450 qua
977 399 1116 452 pabuli
1142 399 1429 453 lignorumque
1457 400 1575 455 copia

219 465 347 507 esset3
375 473 457 511 qua
480 466 648 513 postero
675 459 740 499 die
761 467 896 500 eastra
921 461 1102 501 moventi
1130 468 1261 501 tutum
1282 463 1459 503 maxime
1485 463 1573 511 iter,

218 535 323 573 quae
361 521 494 561 forma
531 520 708 575 agminis
748 530 871 563 esset.
938 522 1002 563 his
1034 523 1140 563 curis
1172 524 1573 577 cogitationibusque

217 583 272 622 ita
310 583 362 622 ab
405 582 573 623 ineunte
616 591 751 624 aetate
795 583 978 624 animum
1016 585 1265 638 agitaverat,
1309 594 1353 626 ut
1389 586 1502 627 nulla
1537 586 1572 626 ei

172 656 190 684 s
217 659 325 684 nova
354 644 396 684 in
430 644 500 684 tali
531 659 574 685 re
601 645 796 698 cogitatio
823 654 947 686 05501..
1009 656 1049 687 et
1074 655 1160 686 tum
1187 647 1369 687 omnium
1395 648 1572 702 primum

217 721 368 760 agmen
398 707 629 756 eonstituit;
663 707 756 748 dein
786 707 999 749 Cretensis
1033 708 1251 748 auxiliares
1285 717 1324 748 et
1356 723 1459 761 quos
1491 711 1574 750 Ta-

216 768 398 809 rentinos
426 770 631 810 vocabant.
657 770 836 822 equites,
876 770 995 810 binos
1031 784 1172 810 seeum
1203 770 1404 811 trahentis
1432 786 1572 824 equos,

217 831 268 870 ad
294 830 426 884 prima
453 830 573 885 signa
597 831 710 872 misit
735 840 793 881 et,
827 832 952 872 iussis
986 832 1193 885 equitibus
1227 833 1425 886 subsequi
1452 848 1574 887 super

171 906 188 932 1⁹
216 901 440 933 torrentem
477 894 586 934 unde
629 894 773 947 aquari
814 902 1006 948 possent,
1050 910 1198 949 rupem
1234 895 1464 949 occupavit.
1526 910 1574 936 co

215 954 496 1009 inpedimenta
522 955 659 996 onmia
685 963 723 996 et
750 956 940 996 calonum
965 957 1129 997 turbam
1156 957 1384 997 conlectam
1405 957 1571 998 armatis

215 1016 486 1058 circumdedit
513 1025 552 1058 et
577 1033 651 1072 pro
677 1027 825 1059 natura
849 1019 929 1059 loci
955 1026 1091 1059 castra
1118 1019 1399 1060 communivit.
1438 1021 1573 1060 taber-

214 1079 363 1119 nacula
400 1086 580 1120 statuere
617 1080 660 1120 in
697 1081 873 1135 aspretis
913 1088 953 1121 et
988 1081 1239 1134 inaequabili
1279 1081 1366 1122 solo
1404 1081 1571 1122 difficile

152 1152 189 1180 lo
215 1148 314 1181 erat.
375 1141 516 1182 hostes
543 1142 791 1196 quingentos
818 1158 968 1196 passus
996 1143 1179 1183 aberant.
1235 1158 1286 1183 ex
1312 1144 1458 1184 eodem
1482 1144 1571 1185 rivo

214 1203 420 1255 utrimque
452 1218 544 1244 eum
576 1205 784 1258 praesidio
818 1205 921 1245 levis
949 1213 1182 1245 armaturae
1209 1205 1347 1258 aquati
1380 1213 1492 1254 sunt,
1532 1214 1571 1246 et

214 1265 474 1319 priusquam,
513 1266 651 1319 qualia
687 1266 728 1306 in
765 1267 1006 1321 propinquis
1044 1267 1190 1307 eastris
1225 1267 1371 1314 solent,
1409 1275 1571 1308 contra-

151 1339 184 1367 11
214 1326 379 1367 heretur
405 1335 632 1376 certamen,
659 1343 741 1368 nox
767 1328 999 1369 intervenit.
1060 1336 1227 1382 postero
1254 1329 1319 1369 die
1346 1328 1571 1383 adparebat

213 1389 484 1442 pugnandum
516 1405 589 1444 pro
623 1391 889 1442 aquatoribus
916 1391 1025 1431 eirea
1054 1391 1189 1430 rivum
1216 1406 1321 1431 esse.
1382 1399 1502 1432 noete
1527 1392 1569 1431 in

213 1451 319 1491 valle
346 1466 369 1492 a
394 1460 619 1506 conspectu
645 1452 825 1492 hostium
851 1468 1015 1500 aversa,
1043 1459 1238 1505 quantam
1264 1453 1569 1494 multitudinem

212 1513 327 1553 loeus
354 1513 541 1554 occulere
566 1520 741 1568 poterat,
768 1514 953 1554 condidit
978 1522 1240 1554 cetratorum.

171 1587 181 1614 1
295 1575 542 1617 XXVIIII.
603 1576 721 1616 Luce
748 1584 836 1616 orta
864 1575 1129 1616 Cretensium
1160 1576 1264 1617 levis
1292 1584 1500 1617 armatura
1531 1585 1571 1617 et

211 1637 426 1677 Tarentini
446 1637 605 1690 equites
627 1652 750 1692 super
772 1646 995 1678 torrentem
1016 1638 1217 1692 proelium
1262 1638 1568 1680 cmnmiserunt.

212 1698 505 1739 Telemnastus
517 1698 730 1740 Cretensis
746 1700 1017 1754 popularibus
1035 1700 1132 1747 suis,
1144 1700 1350 1753 equitibus
1361 1700 1568 1754 Lycortas

211 1761 593 1816 BIegalopolitanus
608 1771 810 1816 praeerat.
852 1761 1077 1803 Cretenses
1093 1770 1134 1803 et>
1154 1762 1334 1803 hostium
1350 1762 1568 1803 auxiliares

210 1823 478 1876 equitumque
515 1823 625 1864 idem
652 1839 785 1878 genus
813 1825 1028 1865 Tarentini
1062 1824 1269 1879 praesidio
1302 1824 1568 1877 aquatoribus

210 1894 338 1926 erant.
377 1886 630 1938 aliquamdiu
645 1887 815 1927 dubium
836 1887 1039 1941 proelium.
1053 1887 1142 1935 fuit,
1163 1894 1208 1926 ut
1222 1886 1366 1927 eodem
1382 1901 1432 1926 ex
1451 1893 1568 1940 parte

165 1958 182 1986 3
210 1955 382 2000 utraque
398 1947 612 1988 hominum
634 1963 785 2002 genere
801 1956 840 1989 et
861 1948 985 1988 armis
1006 1948 1193 2002 paribus3
1216 1948 1465 2002 procedente
1481 1962 1568 1988 cer-

208 2009 361 2050 tamine
377 2017 417 2050 et
436 2025 606 2051 numero
622 2010 757 2051 vicere
776 2011 942 2064 tyranni
957 2010 1189 2058 auxiliares,
1211 2017 1251 2050 et
1265 2010 1360 2062 quia
1374 2009 1429 2050 ita
1448 2024 1567 2064 prae-

209 2079 375 2127 ceptum
401 2088 425 2112 a
447 2072 774 2126 Philopoemene
802 2072 1021 2126 praefectis
1048 2079 1153 2119 erat,
1192 2078 1234 2111 ut
1262 2071 1424 2112 modico
1456 2071 1566 2112 edito

208 2133 364 2187 proelio
378 2133 418 2173 in
434 2134 575 2188 fugam
590 2134 834 2174 inclinarent
848 2133 1094 2186 hostemque
1109 2134 1160 2174 ad
1174 2133 1311 2174 locum
1325 2133 1567 2173 insidiarum

208 2195 504 2249 pertraherent.
544 2196 675 2236 effuse
697 2196 825 2237 secuti
846 2197 1055 2250 fugientes
1079 2211 1153 2251 per
1174 2196 1417 2243 convallem,
1444 2195 1567 2251 pleri-

208 2271 286 2309 que
307 2266 347 2298 et
367 2258 570 2298 vulnerati
592 2266 632 2299 et
651 2258 854 2299 interfecti
879 2266 985 2308 sunt,
1013 2259 1253 2314 priusquam
1268 2258 1473 2299 occultum
1493 2259 1566 2299 ho-

170 2329 181 2356 1
209 2326 314 2359 stem
335 2320 533 2360 viderent.
572 2320 715 2361 cetrati
734 2321 803 2369 ita,
827 2329 1026 2374 quantum
1045 2321 1221 2362 latitudo
1243 2321 1361 2361 vallis
1381 2321 1565 2375 patieba-

208 2388 291 2428 tur,
328 2381 516 2422 instructi
549 2382 759 2429 sederant,
798 2390 843 2423 ut
869 2383 990 2424 facile
1022 2398 1096 2437 per
1129 2383 1347 2423 intervalla
1375 2383 1564 2423 ordinum

165 2453 183 2480 :3
209 2440 414 2494 fugientes
436 2459 532 2484 suos
553 2444 798 2498 acciperent.
844 2453 1099 2499 consurgunt
1125 2445 1276 2485 deinde
1302 2445 1381 2500 ipsi
1402 2444 1562 2499 integri,

208 2511 406 2551 recentes,
433 2504 621 2545 instructi
643 2513 682 2546 et
706 2506 748 2546 in
769 2507 899 2547 hostis
925 2507 1197 2555 inordinatos,
1225 2507 1396 2555 effusos,
1422 2506 1562 2546 labore

164 2575 181 2605 6
209 2563 331 2603 etiam
363 2572 400 2605 et
435 2567 671 2608 vulneribus
704 2568 861 2617 fessos,
899 2569 1084 2623 inpetum
1116 2569 1291 2609 faciunt:
1334 2583 1408 2609 nee
1439 2567 1562 2608 dubia

175 534 189 561 *Ι

167 1773 183 1801 Ιὺ
