1799 2900
463 171 616 205 LIBER
640 171 808 216 XXXX,
836 173 888 206 16.
908 172 961 206 17.
990 170 1091 215 [ac
1108 172 1187 214 182]
1422 162 1505 202 439

150 276 293 325 adimi,
343 282 466 328 atque
508 289 579 315 eos
618 275 670 315 ad
714 275 905 316 consules
950 275 1057 316 mitti
1100 278 1289 316 senatum
1326 287 1505 327 aequum

152 353 333 380 censere.

234 402 455 442 Praetores
488 399 635 440 eodem
666 407 869 455 tempore,
900 401 950 442 P.
978 400 1164 441 Manlius
1195 400 1238 439 in
1269 398 1504 439 ulteriorem

150 463 414 518 Hispaniam,
442 476 565 514 quam
592 469 632 502 et.
657 463 793 516 priore
819 472 1013 517 praetura
1037 463 1292 518 provinciam
1319 461 1507 502 obtinue-

149 533 225 575 rat,
253 524 306 576 Q.
329 524 502 565 Fulvius
523 524 700 564 Flaccus
728 524 770 564 in
798 525 1031 566 citeriorem
1055 523 1243 579 pervenit
1263 523 1508 563 exercitum-

151 602 230 640 que
259 585 348 641 [ab]
365 587 420 626 A.
436 585 634 626 Terentio
662 587 841 641 accepit3
868 602 963 627 nam
982 585 1151 627 ulterior
1170 593 1301 625 morte
1319 585 1370 625 P.
1388 582 1508 625 Sem-

152 649 285 703 pronii
310 648 570 703 proconsulis
600 648 688 688 sine
714 649 887 703 imperio
909 649 1056 689 fuerat.
1093 647 1289 689 Fulvium
1308 646 1507 687 Flaccum

151 711 350 766 oppidum
376 711 615 765 Hispanum
632 710 861 752 Vrbicuam
886 711 1053 751 nomine
1079 710 1390 764 obpugnantem
1412 706 1509 748 Cel-

153 772 274 813 tiberi
306 773 439 813 adorti
471 780 579 813 sunt.
647 772 749 812 dura
778 772 836 813 ibi
867 773 1024 828 proelia
1057 773 1213 825 aliquot
1244 779 1353 821 acta,
1390 770 1509 811 multi

152 834 332 875 Romani
357 834 508 874 milites
536 842 577 874 et
602 834 807 874 vulnerati
832 843 873 875 et
897 835 1108 875 interfecti
1135 842 1243 875 sunt.
1287 833 1384 874 victi
1415 848 1509 888 per-

153 896 387 936 severantia
416 896 574 944 Fulvii,
612 896 721 948 quod
758 896 872 937 nulla
909 896 949 937 vi
986 896 1172 937 abstrahi
1202 896 1254 936 ab
1292 895 1508 937 obsidione

151 958 298 1013 potuit,
328 956 528 998 Celtiberi
560 957 662 998 fessi
693 958 860 1012 proeliis
891 958 1017 998 variis
1051 958 1357 999 abscesserunt.
1407 957 1506 997 urbs

153 1028 291 1060 amoto
325 1019 477 1060 auxilio
509 1034 652 1060 eorum
683 1020 791 1060 intra
821 1034 977 1074 paucos
1010 1020 1098 1060 dies
1124 1027 1247 1074 capta
1277 1026 1318 1059 et
1349 1018 1510 1072 direpta

153 1089 234 1130 est,
272 1081 469 1136 praedam
505 1081 704 1122 militibus
740 1090 906 1136 praetor
943 1082 1160 1122 concessit.
1219 1080 1394 1122 Fulvius
1430 1080 1510 1120 hoc

153 1144 305 1198 oppido
328 1152 460 1198 capto,
486 1144 536 1184 P.
551 1144 735 1184 Manlius
758 1144 941 1184 exercitu
966 1151 1124 1184 tantum
1144 1143 1186 1183 in
1206 1159 1333 1184 unum
1353 1151 1508 1190 coacto,

154 1206 223 1258 qui
249 1206 473 1260 dissipatus
500 1206 647 1253 fuerat,
674 1206 788 1245 nulla
809 1205 888 1245 alia
908 1205 1166 1245 memorabili
1191 1215 1310 1259 gesta
1328 1219 1372 1244 re
1393 1218 1508 1243 exer-

154 1267 258 1307 citus
284 1266 326 1306 in
351 1266 523 1306 hiberna
549 1266 823 1307 deduxerunt.
861 1267 965 1306 haec
991 1282 1040 1307 ea
1066 1274 1221 1306 aestate
1247 1266 1289 1305 in
1303 1264 1511 1320 Hispania

154 1336 285 1382 gesta.
346 1328 586 1375 Terentius,
613 1328 682 1381 qui
708 1343 758 1369 ex
785 1344 833 1369 ea
857 1328 1072 1383 provincia
1098 1328 1352 1375 decesserat,
1380 1342 1510 1368 ovans

155 1391 299 1431 urbem
328 1390 430 1430 iniit.
491 1391 735 1430 translatum
762 1391 923 1445 argenti
955 1390 1093 1445 pondo
1119 1405 1267 1431 novem
1294 1389 1407 1429 milia
1431 1397 1512 1429 tre-

155 1460 273 1494 centa
297 1452 455 1507 viginti,
483 1453 569 1492 auri
589 1453 799 1507 octoginta
818 1453 958 1507 pondo
979 1460 1017 1493 et
1039 1453 1144 1493 duae
1166 1467 1342 1493 coronae
1363 1465 1511 1492 aureae

155 1516 294 1570 pondo
320 1515 538 1568 sexaginta
566 1524 738 1569 septem.

241 1577 390 1618 XVII.
435 1577 598 1617 Eodem
625 1592 733 1617 anno
761 1576 867 1617 inter
891 1577 1092 1631 populum
1119 1574 1509 1630 Carthaginiensem

157 1646 197 1679 et
216 1654 357 1692 regem
372 1638 645 1678 Masinissam
665 1639 708 1678 in
726 1654 769 1678 re
784 1639 994 1693 praesenti
1016 1639 1315 1692 disceptatores
1331 1637 1511 1678 Romani

158 1701 207 1740 de
231 1715 330 1754 agro
351 1700 529 1740 fuerunt.
569 1708 734 1754 ceperat
755 1716 848 1741 cum
876 1701 928 1740 ab
950 1699 1368 1754 Carthaginiensibus
1395 1706 1512 1752 pater

156 1762 410 1802 Masinissae
438 1761 563 1811 Gala3
593 1761 744 1802 Galam
772 1761 947 1816 Syphax
971 1762 1067 1802 inde
1100 1761 1334 1815 expulerat,
1367 1769 1511 1815 postea

157 1825 199 1864 in
235 1824 410 1878 gratiam
454 1824 584 1864 soceri
622 1824 900 1864 Hasdrubalis
941 1822 1359 1878 Carthaginiensibus
1404 1823 1512 1862 dono

159 1886 346 1934 dederat3
386 1884 757 1940 Carthaginienses
797 1900 844 1926 eo
883 1900 991 1926 auno
1020 1884 1251 1925 Masinissa
1283 1884 1510 1938 expulerat.

158 1947 270 1988 haud
294 1947 451 1988 minore
466 1947 689 1988 certamine
709 1947 952 1996 animorum,
980 1962 1103 2000 quam
1124 1961 1216 1987 cum
1237 1947 1345 1986 ferro
1367 1953 1406 1986 et
1427 1945 1513 1986 acie

159 2009 423 2058 dimicarunt,
466 2025 532 2050 res
569 2018 661 2050 acta
697 2010 808 2064 apud
838 2010 1067 2051 Romanos.
1130 2007 1512 2062 Carthaginienses,

160 2072 271 2125 quod
295 2072 496 2112 maiorum
523 2087 690 2112 suorum
716 2072 884 2121 fuisset,
918 2071 1066 2112 deinde
1093 2071 1144 2110 ab
1172 2069 1366 2124 Syphace
1392 2069 1444 2109 ad
1469 2083 1514 2109 se

160 2134 437 2188 pervenisset,
468 2134 724 2188 repetebant.
784 2134 1014 2174 Masinissa
1038 2132 1199 2188 paterni
1224 2131 1343 2186 regni
1369 2146 1514 2184 agrum

162 2210 206 2236 se
232 2202 272 2235 et
295 2195 503 2249 recepisse
536 2204 576 2236 et
607 2195 759 2236 habere
791 2196 977 2249 gentium
1010 2195 1098 2235 iure
1131 2194 1284 2242 aiebat3
1323 2202 1363 2234 et
1390 2208 1516 2233 causa

162 2264 203 2297 et.
226 2257 493 2311 possessione
514 2257 768 2312 superiorem
788 2272 899 2307 esse3
926 2257 1027 2297 nihil
1053 2257 1164 2297 aliud
1187 2272 1231 2297 se
1250 2257 1291 2296 in
1314 2271 1362 2296 ea
1381 2256 1514 2296 disce-

161 2318 345 2374 ptatione
372 2327 556 2359 metuere
582 2333 707 2371 quam
732 2335 783 2360 ne
809 2320 942 2374 pudor
956 2320 1254 2367 Romanorum,
1281 2319 1380 2358 dum
1399 2332 1516 2358 vere-

163 2390 296 2429 antur,
322 2395 373 2420 ne
393 2380 491 2433 quid
512 2381 622 2421 socio
644 2391 767 2434 atque
788 2381 919 2422 amico
939 2381 1028 2435 regi
1053 2381 1253 2421 adversus
1276 2394 1515 2420 communes

164 2457 259 2482 suos
286 2450 409 2494 atque
434 2442 543 2482 illius
570 2443 711 2483 hostes
742 2443 967 2483 indulsisse
1000 2443 1237 2490 videantur,
1271 2442 1421 2482 damno
1448 2441 1513 2482 sit.

162 2504 288 2557 legati
319 2504 596 2558 possessionis
628 2505 690 2545 ius
723 2521 806 2545 non
836 2512 1066 2554 mutarunt,
1107 2518 1275 2545 causam
1311 2503 1514 2558 integram

161 2566 341 2606 Romam
366 2566 418 2606 ad
444 2574 634 2606 senatum
658 2567 902 2608 reiecerunt.

246 2629 297 2668 In
327 2628 555 2682 Liguribus
593 2628 694 2668 nihil
730 2636 876 2683 postea
906 2636 1084 2683 gestum.
1145 2635 1404 2669 recesserant
1434 2627 1516 2681 pri-

1540 1092 1577 1122 10

1541 1341 1575 1369 11

1538 1712 1556 1740 10

1538 1898 1556 1927 00
