1799 2900
232 144 309 186 148
493 149 646 184 LIBER
672 147 881 191 xxxun,
908 146 962 180 28.
982 146 1036 180 29.
1066 147 1307 192 [a.u.e.559]

164 270 202 301 12
229 261 442 297 exuerunt.
487 251 709 304 Quinctius
734 265 863 306 prope
888 250 1090 305 Amyclas
1117 251 1254 305 posuit
1281 259 1428 290 eastra.
1473 249 1583 290 unde

185 702 203 731 Ιύ

174 1941 212 1971 10

175 2190 212 2218 11

180 2375 215 2403 12

179 2497 217 2527 13

228 333 320 359 cum
356 314 651 370 perpopulatus
686 312 824 354 omnia
860 312 1122 353 circumiecta
1158 312 1249 353 urbi
1284 312 1511 365 frequentis
1545 318 1585 352 ct

228 377 389 420 amoeni
421 376 510 431 agri
539 376 631 416 loca
657 382 788 424 esset,
826 374 938 415 nullo
962 374 1044 414 iam
1071 375 1251 415 hostium
1276 384 1437 428 portam
1465 388 1584 414 exee-

229 442 350 481 dente
387 446 521 479 eastra
558 437 689 478 movit
727 437 779 477 ad
814 436 987 477 fluvium
1023 437 1238 477 Eurotam.
1299 436 1395 476 inde
1433 435 1584 475 vallem

228 503 419 555 Taygeto
442 500 670 540 subiectam
691 513 896 554 agrosque
923 499 976 539 ad
1000 506 1122 539 mare'
1139 498 1383 552 pertinentis
1410 504 1584 538 evastat.

313 562 561 604 XXVIIII.
609 561 774 602 Eodem
805 560 892 601 fere
925 567 1109 615 tempore
1136 561 1188 601 L.
1215 560 1437 612 Quinctius
1464 559 1587 599 inari-

230 625 353 666 timae
380 639 475 666 orae
501 624 655 679 oppida
684 622 835 678 partim
865 623 1090 671 voluntate,
1123 622 1273 676 partim
1303 629 1415 662 metu
1448 628 1517 662 aut
1547 621 1588 661 vi

230 687 397 741 recepit.
436 687 585 727 certior
605 685 753 726 deinde
780 686 928 733 factus,
951 683 1163 738 Gytheum
1185 683 1383 738 oppidum
1404 682 1587 723 omnium

231 749 529 789 maritimarum
548 745 1034 789 rerum'Lacedaemonts
1061 746 1368 800 receptaculum
1395 759 1486 785 esse
1512 759 1589 785 nec

230 811 373 867 procul
400 826 423 851 a
448 810 552 851 mari
578 817 713 850 castra
737 809 930 850 Romana
956 808 1122 855 abesse,
1162 807 1353 847 omnibus
1385 806 1429 847 id
1460 806 1588 861 copiis

233 873 403 928 adgredi
430 872 655 913 constituit.
716 879 804 913 erat
830 886 878 912 eo
904 878 1089 925 tempore
1122 870 1261 910 valida
1286 870 1385 910 urbs
1413 877 1453 909 et
1484 868 1590 908 mul-

233 936 406 976 titudine
443 935 594 975 civium
630 934 940 987 incolarumque
978 940 1019 974 ct
1055 932 1166 974 omni
1202 932 1352 973 bellico
1390 931 1591 986 adparatu

232 998 444 1038 instructa..
505 997 548 1037 in
573 1005 759 1051 tempore
785 995 984 1048 Quinctio
1009 1010 1095 1036 rem
1123 994 1222 1035 haut.
1253 994 1418 1035 facilem
1443 993 1591 1047 adgre-

234 1059 360 1100 dienti
386 1075 459 1100 rex
485 1059 698 1099 Eumenes
725 1065 766 1099 ct
791 1058 936 1099 classis
962 1057 1221 1098 Rhodiorum
1250 1062 1590 1111 supervenerunt.

234 1121 381 1176 ingens
419 1121 640 1161 multitudo
671 1120 882 1161 navalium
920 1119 1127 1161 sociorum
1159 1134 1181 1159 e
1212 1119 1342 1160 tribus
1381 1124 1591 1159 eontracta

234 1183 438 1223 classibus
465 1183 572 1223 intra
601 1196 757 1237 paucos
785 1182 872 1222 dies
899 1181 1055 1229 omnia,
1095 1196 1199 1234 quae
1233 1181 1286 1221 ad
1316 1179 1592 1234 obpugnatio-

234 1260 328 1285 nem
360 1245 474 1285 urbis
506 1252 615 1285 terra
645 1244 831 1297 marique
862 1243 1045 1284 munitae
1077 1243 1273 1283 faciunda
1304 1257 1430 1296 opera
1461 1248 1589 1289 erant,

235 1307 385 1347 effecit.
423 1307 505 1346 iam
525 1306 802 1347 testudinibus
824 1305 1000 1346 admotis
1027 1320 1168 1345 murus
1196 1305 1482 1352 subi-uebatur,
1509 1303 1591 1343 iam

236 1369 432 1409 arietibus
460 1369 733 1422 quatiebatur.
794 1368 932 1420 itaque
963 1382 1046 1407 una
1077 1366 1231 1407 crebris
1264 1366 1414 1407 ictibus
1447 1380 1593 1406 eversa

237 1440 298 1471 est
325 1431 448 1471 turris
473 1431 664 1484 quodque
697 1430 805 1471 circa
835 1429 941 1470 muri
974 1437 1060 1470 erat
1087 1443 1187 1469 casu
1212 1428 1300 1469 eius
1325 1434 1591 1482 prostratum,

237 1503 277 1534 et
306 1493 487 1534 Romani
519 1493 641 1534 simul
672 1508 695 1533 a
724 1500 865 1547 portu,
904 1492 1013 1531 unde
1045 1491 1181 1532 aditus
1213 1490 1374 1545 planior
1406 1497 1511 1539 erat,
1548 1498 1595 1530 ut

237 1555 520 1596 distenderent
559 1556 609 1595 ab
648 1554 850 1609 apertiore
887 1554 977 1594 loco
1014 1552 1168 1601 hostis,
1213 1552 1334 1593 simul
1370 1567 1444 1606 per
1478 1558 1596 1606 pate-

238 1618 392 1658 factum
417 1617 537 1657 ruina
562 1617 639 1657 iter
663 1617 899 1671 inrumpere
927 1624 1139 1657 conantur.
1178 1629 1256 1655 nec
1275 1614 1451 1654 multum
1477 1613 1593 1662 afuit,

239 1681 336 1734 quin
371 1695 452 1733 qua
484 1679 745 1720 intenderant
777 1686 1061 1734 penetrarent,
1099 1678 1173 1719 sed
1203 1677 1381 1718 tardavit
1411 1676 1598 1731 inpetum

238 1757 379 1782 eorum
406 1756 502 1796 spes
529 1741 692 1782 obiecta
723 1741 938 1782 dedendae
970 1740 1104 1789 urbis,
1142 1755 1239 1780 mox
1271 1739 1419 1780 deinde
1451 1738 1596 1779 eadem

237 1805 413 1844 turbata.
473 1803 768 1859 Dexagoridas
807 1811 847 1844 et
884 1802 1106 1858 Gorgopas
1143 1802 1233 1857 pari
1268 1801 1441 1856 imperio
1477 1815 1597 1856 prae—

239 1876 353 1907 erant
378 1866 483 1907 urbi.
542 1866 837 1921 Dexagoridas
864 1865 1032 1906 miserat
1060 1865 1112 1905 ad
1136 1865 1322 1919 legatum
1345 1864 1596 1911 Romanum,

239 1929 485 1969 traditurum
517 1944 561 1969 se
591 1929 751 1969 urbem.
813 1936 853 1969 et
889 1942 982 1968 eum
1021 1927 1072 1968 ad
1110 1942 1201 1968 eam
1237 1942 1325 1967 rem
1362 1934 1525 1980 tempus
1558 1933 1599 1965 et

238 1992 342 2032 ratio
369 1991 650 2040 convenisset,
689 2006 712 2031 a
739 1989 940 2045 Gorgopa
963 1989 1148 2044 proditor
1174 1988 1432 2037 interficitur,
1465 1988 1598 2027 inten-

238 2054 402 2107 tiusque
446 2054 497 2094 ab
534 2068 617 2094 uno
653 2054 752 2094 urbs
797 2052 1110 2093 defendebatur.
1171 2059 1211 2092 et
1248 2050 1453 2091 difficilior
1489 2049 1599 2089 facta

240 2115 496 2170 obpugnatio
530 2123 635 2163 erat,
674 2114 715 2154 ni
746 2115 797 2155 T.
825 2113 1046 2166 Quinctius
1080 2128 1173 2153 cum
1206 2120 1400 2165 quattuor
1430 2111 1597 2151 milibus

241 2178 495 2218 delectorum
519 2177 697 2217 militum
718 2176 1040 2231 supervenisset.
1078 2175 1113 2215 is
1135 2190 1229 2215 cum
1249 2173 1468 2229 supercilio
1487 2173 1600 2213 haud

241 2240 383 2293 procul
415 2239 606 2280 distantis
639 2238 787 2279 tumuli
819 2239 870 2279 ab
895 2238 998 2278 urbe
1029 2237 1274 2277 instructam
1304 2236 1432 2276 aciem
1461 2242 1600 2276 osten-

242 2302 371 2342 disset
402 2310 442 2342 et
472 2317 523 2342 ex
555 2302 683 2342 altera
714 2308 830 2356 parte
862 2300 915 2340 L.
949 2299 1170 2352 Quinctius
1205 2299 1256 2339 ab
1287 2297 1481 2352 operibus
1515 2296 1599 2337 suis

242 2370 351 2403 terra
385 2363 570 2416 marique
606 2364 799 2411 instaret,
839 2369 925 2403 turn
963 2377 1061 2402 vero
1100 2360 1333 2415 desperatio
1372 2359 1600 2414 Gorgopan

244 2439 405 2477 quoquc
443 2426 553 2479 cogit
589 2426 632 2466 id
663 2425 841 2473 consilii,
879 2424 991 2478 quod
1021 2424 1063 2463 in
1095 2423 1222 2464 altero
1255 2430 1386 2463 morte
1417 2421 1600 2461 vindica-

245 2495 378 2533 verat,
417 2501 584 2540 capere,
623 2495 663 2528 et
687 2495 852 2541 paetus,
891 2494 936 2526 ut
966 2486 1171 2526 abducere
1196 2485 1290 2525 inde
1316 2483 1467 2524 milites
1495 2497 1598 2535 quos

244 2547 438 2601 praesidii
475 2563 599 2588 causa
635 2549 817 2589 habebat.
851 2548 1012 2597 liceret,
1052 2548 1178 2588 tradit
1208 2545 1405 2598 Quinctio
1441 2545 1596 2585 urbem.

180 2622 219 2650 14
244 2608 485 2662 priusquam
512 2608 724 2663 Gytheum
756 2609 1004 2658 traderetur,
1041 2609 1325 2663 Pythagoras,
1363 2605 1596 2661 praefectus
