1799 2900
229 703 248 731 NJ

230 1320 249 1349 5

230 1444 248 1474 6

275 147 356 190 122
544 152 698 187 LlssEn
723 152 911 197 xxxin,
935 152 1080 187 47-49.
1110 155 1157 197 [a.
1171 164 1205 187 u.
1221 163 1251 188 c.
1265 152 1348 197 559]

273 256 528 314 praeparatis
560 255 643 295 iam
677 264 771 296 ante
803 255 993 296 omnibus
1025 256 1077 296 ad
1109 256 1269 311 fugam,
1303 257 1549 297 obversatus
1574 268 1623 298 eo

274 320 338 360 die
364 319 404 358 in
436 319 525 358 foro
552 317 799 357 avertendae
833 317 1070 372 suspitionis
1098 332 1239 366 causa,
1272 317 1414 372 primis
1442 315 1622 358 tenebris

279 380 426 421 vestitu
452 379 606 421 forensi
634 379 686 418 ad
718 388 880 433 portam
912 393 1004 419 cum
1031 380 1192 420 duobus
1219 379 1435 420 comitibus
1468 378 1622 433 ignaris

273 441 418 483 consili
443 448 505 482 est
531 456 739 494 egressus.

357 503 678 545 XXXXVHL
729 501 838 543 Cum
864 502 976 555 equi,
1003 517 1084 556 quo
1109 503 1150 543 in
1176 503 1266 544 loco
1291 503 1480 552 iusserat,
1506 517 1624 558 prae-

273 573 336 606 sto
368 565 564 613 fuissent,
602 570 722 605 nocte
747 564 976 617 Byzacium
1001 589 1057 594 —-
1080 565 1137 605 ita
1166 565 1379 619 regionem
1417 564 1622 618 quandam

274 627 361 681 agri
394 634 543 667 vocant
568 651 624 655 —
649 634 958 680 transgressus,
996 634 1162 680 postero
1195 628 1260 667 die
1293 628 1344 667 ad
1376 642 1487 667 mare
1520 626 1625 667 inter

273 689 468 743 Acyllam
494 697 533 730 et
559 689 776 743 Thapsum
802 689 854 728 ad
881 704 996 728 suam
1023 698 1175 729 turrem
1201 689 1400 743 pervenit.
1449 688 1505 728 ibi
1531 703 1624 728 eum

273 760 418 806 parata
454 751 737 803 instructaque
774 750 947 805 remigio
985 751 1146 805 excepit
1184 750 1315 791 navis.
1387 750 1444 791 ita
1479 750 1626 790 Africa

274 813 487 854 Hannibal
519 812 699 853 excessit
731 812 896 866 saepius
929 812 1086 866 patriae
1124 827 1246 864 quam
1280 827 1399 852 suum
1431 819 1624 852 eventum

273 875 505 916 miseratus,
555 875 700 915 eodem
727 874 792 915 die
818 875 857 914 in
886 873 1106 915 Cercinam
1132 874 1310 914 insulam
1335 873 1506 915 traiecit.
1555 872 1625 914 ubi

274 952 367 978 cum
404 937 444 977 in
481 945 600 992 portu
638 952 765 977 naves
805 937 960 990 aliquot
990 936 1250 976 Phoenicum
1287 936 1495 976 onerarias
1533 950 1626 975 cum

273 999 479 1039 mercibus
511 998 739 1039 invenisset
765 1006 805 1039 01
831 999 881 1038 ad
915 1014 1130 1053 egressum
1156 1013 1250 1039 011111
1276 1014 1296 1038 0
1324 1013 1428 1038 nave
1455 1011 1626 1037 concur-

276 1076 345 1101 sus
373 1061 639 1101 salutantium
666 1069 777 1101 esset
803 1062 956 1110 factus,
982 1061 1346 1115 percunctantibus
1372 1061 1555 1115 legatum
1582 1075 1625 1101 se

275 1122 433 1175 Tyrum
458 1122 631 1162 missum
658 1122 737 1162 dici
762 1122 894 1163 iussit.
944 1123 1097 1163 veritus
1124 1131 1275 1171 tamen,
1302 1138 1353 1163 110
1379 1137 1461 1175 qua
1485 1137 1624 1163 earum

274 1183 390 1224 navis
417 1191 536 1224 nocte
562 1184 749 1238 profecta
763 1184 978 1238 Thapsum
1005 1194 1073 1224 aut
1090 1185 1394 1225 Hadrumetum
1419 1184 1625 1224 nuntiaret

275 1259 318 1285 se
357 1243 557 1285 Cercinae
595 1245 747 1294 11511111,
787 1246 986 1286 sacrificio
1024 1246 1215 1300 adparari
1250 1246 1363 1286 iusso
1400 1245 1623 1299 magistros

274 1307 442 1347 navium
480 1316 810 1361 mercatoresque
847 1308 1010 1348 invitari
1041 1308 1161 1348 iussit
1191 1316 1230 1349 01
1262 1309 1353 1349 vela
1385 1324 1478 1349 eum
1510 1317 1624 1349 ante-

273 1369 380 1409 mnis
396 1385 447 1410 ex
461 1370 636 1410 navibus
659 1370 887 1424 conrogari,
914 1382 957 1410 ut
983 1371 1152 1410 umbrae
1168 1395 1221 1399 —
1236 1379 1321 1410 tum
1337 1371 1473 1411 media
1487 1379 1623 1411 aestas

275 1431 380 1471 forte
406 1439 492 1471 erat
516 1456 572 1460 ——
597 1431 839 1472 cenantibus
867 1432 906 1472 in
933 1432 1067 1472 littore
1096 1432 1253 1472 fierent.
1314 1440 1467 1485 quanto
1493 1447 1557 1472 res
1585 1438 1625 1472 et

275 1501 437 1547 tempus
470 1494 702 1547 patiebatur
736 1493 937 1547 adparatu
973 1494 1203 1533 celebratae
1236 1494 1322 1533 eius
1362 1494 1441 1534 diei
1479 1494 1625 1548 epulae

235 1560 239 1568 “
276 1562 371 1594 511111
395 1555 605 1607 multoque
626 1555 721 1595 vino
742 1555 784 1595 in
804 1570 940 1595 serum
960 1556 1092 1595 noctis
1114 1555 1347 1596 convivium
1368 1556 1625 1610 perductum.

231 1629 248 1658 7

230 1689 249 1719 8

211 2060 250 2089 10

212 2122 247 2151 11

274 1616 505 1664 Hannibal,
544 1631 637 1656 eum
672 1617 848 1671 primum
887 1617 1057 1657 fallendi
1088 1632 1159 1658 eos
1192 1617 1260 1670 qui
1291 1617 1333 1657 in
1365 1626 1484 1671 portu
1511 1617 1646 1658 erant'

276 1685 438 1732 tempus
466 1678 627 1727 habuit,
659 1694 807 1718 navem
841 1679 975 1720 solvit.
1036 1679 1160 1719 ceteri
1187 1679 1309 1733 sopiti
1343 1694 1435 1719 cum
1461 1687 1628 1734 postero

275 1740 340 1780 die
372 1740 539 1780 tandem
571 1756 619 1781 ex
645 1756 789 1782 somno
821 1741 933 1795 pleni
958 1741 1150 1796 crapulae
1177 1741 1472 1789 surrexissent,
1509 1741 1562 1781 ad
1586 1741 1628 1781 id

275 1802 386 1854 quod
418 1817 555 1842 serum
588 1811 674 1843 erat
705 1803 860 1856 aliquot
899 1803 1021 1843 horas
1052 1803 1280 1843 referendis
1311 1803 1353 1843 in
1384 1818 1511 1844 naves
1548 1801 1625 1857 [et]

276 1864 541 1904 conlocandis
568 1864 832 1905 armamentis
854 1865 1188 1918 absumpserunt.

362 1924 616 1980 Carthagine
644 1927 719 1979 (et)
747 1927 1021 1966 multitudinis
1049 1927 1247 1966 adsuetae
1273 1926 1439 1966 domum
1466 1926 1628 1966 Hanni-

275 1987 379 2028 balis
418 1988 681 2041 frequentare
719 2002 943 2029 concursus
982 1989 1035 2028 ad
1076 1989 1327 2028 vestibulum
1365 1988 1528 2028 aedium
1565 1996 1626 2028 est

276 2050 423 2090 factus.
483 2059 527 2090 ut
558 2065 641 2090 non
667 2065 903 2105 comparere
930 2065 1023 2090 eum
1050 2050 1264 2104 vulgatum
1296 2057 1377 2098 051,
1415 2050 1456 2090 111
1493 2051 1627 2091 forum

276 2112 397 2152 turba
429 2112 622 2152 convenit
652 2112 880 2166 principem
914 2112 1091 2152 civitatis
1124 2112 1422 2164 quaerentium.
1484 2120 1524 2153 et
1560 2112 1628 2152 alii

276 2173 418 2227 fugam
451 2173 678 2222 conscisse,
715 2174 757 2214 id
788 2174 898 2227 quod
931 2182 1037 2222 erat,
1075 2173 1143 2213 alii
1174 2174 1319 2214 fraude
1344 2174 1628 2214 Romanorum

276 2234 556 2284 interfectum,
600 2236 723 2289 idque
760 2236 912 2289 magis,
951 2236 1076 2289 vulgo
1113 2236 1363 2285 fremebant,
1409 2237 1627 2289 variosque

276 2297 413 2337 vultus
441 2312 629 2338 cerneres
657 2305 699 2338 111
730 2298 771 2337 111
798 2298 962 2338 civitate
988 2298 1160 2338 aliorum
1188 2298 1288 2338 alias
1321 2305 1458 2351 partes
1485 2298 1629 2338 foven-

277 2357 378 2397 tium
404 2367 442 2398 et
469 2359 718 2400 factionibus
745 2360 936 2400 discordi.
975 2359 1109 2400 visum
1137 2360 1285 2400 deinde
1307 2359 1508 2400 Cercinae
1535 2374 1628 2399 cum

279 2419 444 2459 tandem
470 2421 652 2461 adlatum
678 2429 753 2462 est.

363 2480 707 2524 XXXXVHH.
756 2483 813 2522 Et
836 2483 1014 2523 Romani
1041 2483 1167 2537 legati
1200 2497 1291 2523 cum
1318 2483 1361 2522 in
1386 2492 1532 2523 senatu
1558 2496 1628 2521 ex-

278 2541 527 2595 posuissent,
555 2552 810 2597 eompertum
835 2544 1020 2598 patribus
1045 2544 1246 2584 Romanis
1273 2559 1378 2591 esse,
1405 2550 1443 2583 et
1469 2541 1627 2595 Philip-

278 2615 376 2655 pum
401 2617 541 2656 regem
567 2611 660 2644 ante
686 2605 738 2645 ab
761 2605 996 2646 Hannibale
1023 2605 1200 2645 maxime
1226 2619 1447 2646 accensum
1474 2602 1625 2643 bellum
