1799 2900
443 183 596 218 LIBER
621 184 767 228 xxxi,
794 183 894 218 5-7.
923 183 1116 228 [a.e.201.
1133 185 1215 228 200]
1478 173 1504 215 5

148 287 349 329 Romanis
377 286 516 327 auxilii
547 287 667 336 foret,
728 302 821 328 cum
846 288 1155 329 renuntiassent
1179 287 1390 336 consules,
1415 301 1501 327 rem

149 349 332 390 divinam
367 349 443 389 rite
480 357 691 404 peractam
723 365 815 390 esse
847 358 887 391 et.
918 350 1144 406 precationi
1174 349 1371 390 adnuisse
1403 349 1502 390 deos

148 411 388 465 haruspices
414 412 666 465 respondere
692 412 881 466 laetaque
902 421 997 453 exta
1017 413 1146 453 fuisse
1167 418 1205 452 et
1230 411 1503 467 prolationem

148 474 291 513 finium
318 473 614 526 victoriamque
646 482 684 514 et
712 475 965 529 triumphum
990 474 1199 530 portendi,
1231 482 1318 514 tum
1342 473 1503 514 litterae

147 536 305 579 Valerii
336 535 580 588 Aureliique
612 536 742 577 lectae
777 544 817 577 et
852 537 979 591 legati
1003 536 1325 577 Atheniensium
1361 535 1502 576 auditi.

149 605 317 639 senatus
343 598 439 638 inde
465 598 700 638 consultum
726 599 880 639 factum
901 606 976 648 est,
1002 607 1047 639 ut
1073 599 1194 639 sociis
1221 598 1378 652 gratiae
1405 612 1503 652 age-

147 667 306 708 rentur,
345 660 456 713 quod
493 660 563 700 diu
601 661 809 701 sollicitati
842 677 893 702 ne
931 660 1158 702 obsidionis
1196 660 1361 713 quidem
1392 667 1505 700 metu

148 723 229 763 fide
267 723 565 763 decessissent:
621 724 671 764 de
710 723 862 764 auxilio
899 724 1100 764 mittendo
1137 730 1225 763 tum
1260 721 1502 776 responderi

148 785 330 840 placere,
370 800 462 825 cum
495 785 686 826 consules
720 786 953 840 provincias
986 785 1119 827 sortiti
1144 791 1286 825 essent
1316 791 1439 837 atque
1470 783 1505 824 is

150 847 313 895 consul,
357 847 422 887 cui
457 847 709 888 Macedonia
753 847 966 902 provincia
1008 846 1234 896 evenisset,
1280 846 1333 886 ad
1374 860 1507 900 popu-

148 909 233 949 lum
275 909 451 959 tulisset,
495 918 538 949 ut
574 909 771 964 Philippo
808 911 896 965 regi
933 910 1215 950 BIaccdonum
1258 908 1507 950 indiceretur

148 971 317 1011 bellum.

233 1034 311 1076 VI.
359 1033 409 1074 P.
450 1032 634 1086 Sulpicio
676 1033 890 1087 provincia
924 1033 1177 1075 Macedonia
1220 1033 1319 1074 sorti
1357 1032 1504 1081 evenit,

148 1096 266 1149 isque
291 1095 550 1150 rogationem
581 1096 880 1150 promulgavit,
912 1097 1068 1136 vellent
1096 1096 1287 1136 iuberent
1310 1095 1506 1149 Philippo

148 1158 237 1212 regi
263 1157 671 1209 Macedonibusque,
699 1157 768 1210 qui
801 1159 878 1198 sub
903 1173 1032 1212 regno
1060 1158 1147 1198 cius
1174 1164 1333 1206 essent,
1367 1157 1420 1197 ob
1445 1157 1507 1195 in-

150 1219 274 1259 iurias
301 1233 495 1271 armaque
521 1218 649 1258 inlata
675 1219 796 1259 sociis
822 1219 965 1274 populi
989 1218 1168 1260 Romani
1189 1218 1342 1258 bellum
1367 1217 1505 1257 indici.

150 1281 266 1322 alteri
303 1282 520 1322 consulum
552 1282 726 1322 Aurelio
758 1283 879 1322 Italia
915 1282 1129 1336 provincia
1165 1280 1326 1335 obtigit.
1387 1295 1506 1334 prae-

148 1351 258 1384 tores
297 1344 445 1384 exinde
483 1343 617 1384 sortiti
649 1352 762 1393 sunt,
803 1343 852 1385 C.
882 1342 1055 1398 Sergius
1082 1344 1265 1384 Plancus
1291 1343 1506 1391 urbanam,

149 1406 202 1457 Q.
227 1405 402 1447 Fulvius
431 1404 543 1446 Gillo
571 1404 776 1455 Siciliam,
815 1406 869 1458 Q.
895 1406 1110 1446 Minucius
1159 1405 1278 1446 {usus
1304 1404 1507 1452 Bruttios,

147 1467 202 1508 L.
227 1467 380 1508 Furius
406 1467 613 1522 Purpurio
641 1467 836 1509 Galliam.
895 1468 1058 1523 rogatio
1091 1468 1141 1508 de
1173 1468 1281 1508 bello
1307 1466 1508 1507 Macedo-

148 1530 241 1570 nico
266 1529 410 1583 primis
439 1530 613 1570 comitiis
635 1531 686 1571 ab
707 1530 899 1571 omnibus
925 1530 1055 1571 ferme
1077 1529 1272 1570 centuriis
1294 1529 1508 1582 antiquata

149 1599 226 1632 est.
257 1591 300 1631 id
319 1606 413 1631 cum
439 1591 540 1632 fessi
561 1592 827 1633 diuturnitate
853 1600 893 1633 et
918 1593 1121 1647 gravitate
1147 1592 1244 1633 belli
1266 1607 1341 1631 sua
1362 1598 1508 1645 sponte

150 1653 338 1693 homines
366 1654 501 1694 taedio
526 1655 803 1708 periculorum
829 1655 1098 1707 laborumque
1124 1654 1322 1699 fecerant,
1350 1661 1437 1693 tum
1452 1652 1506 1703 Q.

149 1715 333 1756 Baebius
360 1715 548 1756 tribunus
574 1716 707 1770 plebis
730 1717 838 1756 viam
865 1716 1077 1768 antiquam
1099 1715 1342 1756 criminandi
1368 1723 1506 1769 patres

149 1777 364 1832 ingressus
398 1777 659 1818 incusaverat
696 1778 806 1818 bella
837 1793 887 1818 ex
917 1778 1038 1818 bellis
1071 1778 1169 1826 seri,
1207 1792 1259 1817 ne
1291 1790 1393 1831 pace
1418 1791 1509 1815 um-

151 1854 275 1893 quam
313 1839 393 1879 frui
430 1839 548 1893 plebs
586 1848 741 1893 posset.
803 1855 927 1894 aegre
966 1855 1057 1880 eam
1093 1854 1180 1879 rem
1216 1839 1331 1893 passi
1367 1846 1505 1892 patres

149 1902 438 1954 laceratusque
458 1902 619 1955 probris
640 1902 682 1942 in
703 1910 849 1943 senatu
869 1902 1057 1942 tribunus
1080 1901 1212 1956 plebis
1234 1909 1274 1941 et
1294 1900 1507 1941 consulem

150 1979 223 2018 pro
256 1978 299 2004 sc
332 1963 505 2016 quisque
538 1964 709 2013 hortari,
748 1971 793 2004 ut
825 1964 875 2004 de
906 1964 1067 2018 integro
1101 1963 1266 2003 comitia
1303 1961 1509 2016 rogationi

150 2026 345 2067 ferendae
384 2026 564 2066 ediceret
600 2026 904 2081 castigaretque
949 2025 1168 2080 segnitiam
1205 2024 1346 2079 populi
1385 2031 1506 2076 atque

150 2088 354 2137 edoceret,
382 2096 536 2141 quanto
557 2089 708 2129 damno
732 2089 1006 2141 dedecorique
1028 2087 1169 2128 dilatio
1185 2102 1233 2127 ea
1252 2086 1349 2127 belli
1368 2086 1508 2126 futura

150 2157 273 2191 esset.

233 2213 335 2255 VII.
387 2212 547 2254 Consul
583 2214 626 2254 in
664 2229 809 2268 eampo
840 2213 996 2254 BIartio
1033 2212 1228 2261 comitiis,
1265 2211 1507 2266 priusquam

152 2275 356 2314 centurias
383 2275 424 2315 in
446 2276 691 2330 suffragium
711 2277 903 2324 mitteret,
931 2276 1121 2316 contione
1142 2275 1344 2314 advocata
1369 2273 1505 2327 ‘igno-

151 2336 257 2376 rare’
290 2336 423 2390 inquit
455 2338 576 2377 ‘mihi
608 2338 823 2386 videmini,
851 2337 1055 2389 Quirites,
1082 2352 1164 2377 non
1190 2344 1328 2376 utrum
1352 2335 1506 2376 bellum

152 2414 202 2438 an
228 2413 373 2452 pacem
400 2399 585 2439 habeatis
613 2415 686 2441 vos
714 2401 872 2441 consuli
896 2425 953 2429 ——-
971 2415 1104 2453 neque
1132 2400 1240 2440 enim
1266 2399 1441 2439 liberum
1465 2398 1507 2438 id

151 2460 268 2500 vobis
294 2461 513 2515 Philippus
545 2463 774 2516 permittet,
808 2463 876 2515 qui
904 2472 1011 2502 terra
1036 2462 1221 2515 marique
1247 2462 1394 2516 ingens
1419 2460 1507 2501 bel-

150 2522 235 2561 lum
260 2522 426 2562 molitur
439 2546 506 2572 —-,
535 2524 608 2563 sed
628 2532 765 2564 utrum
785 2524 826 2563 in
841 2523 1135 2565 Macedoniam
1159 2523 1345 2578 legiones
1372 2530 1506 2563 trans-

150 2584 320 2638 portetis
348 2599 400 2623 an
426 2584 566 2625 hostes
593 2585 635 2625 in
654 2586 817 2626 Italiam
844 2585 1068 2640 accipiatis.
1118 2585 1196 2626 hoc
1221 2592 1420 2638 quantum
1446 2584 1508 2624 in-

152 2644 290 2695 tersit,
327 2645 359 2685 si
397 2661 622 2700 numquam
656 2647 776 2697 alias,
817 2647 1012 2700 (Punico)
1040 2647 1228 2702 proximo
1255 2654 1363 2688 certe
1395 2646 1505 2687 bello

1530 301 1546 330 7

1531 1293 1549 1322 ΚΟ

1532 2286 1550 2315 10

1534 2597 1551 2625 3
