1799 2900
202 650 240 679 10

202 898 235 926 11

220 1268 238 1296 [0

222 2448 236 2475 T

271 87 352 130 418
524 93 676 128 LIBER
700 91 945 135 xxxvnn,
971 91 1024 125 50.
1044 91 1097 126 51.
1127 96 1176 137 [a.
1194 106 1227 129 u.
1243 106 1273 130 e.
1289 96 1370 139 511]

269 200 424 240 dietum
450 207 514 239 cst
538 198 768 239 incolumes
794 213 907 248 esse,
934 199 1058 240 ‘bene
1079 198 1220 241 habet'
1242 200 1391 254 inquit,
1419 208 1458 242 et
1478 201 1624 256 poculo

268 263 460 318 inpavide
493 262 696 303 exhausto
728 262 838 302 haud
868 263 926 302 ita
956 262 1084 304 multo
1115 272 1210 318 post
1245 265 1483 319 exspiravit.
1544 281 1627 307 non

268 327 506 367 diuturnum
544 324 688 366 mortis
726 324 813 365 eius
851 325 1049 379 gaudium
1093 327 1327 368 auctoribus
1371 327 1625 368 crudelitatis

267 389 355 429 suit.
405 389 514 429 ricta
538 403 717 441 namque
742 388 942 428 Messene
966 388 1074 429 bello
1101 390 1420 443 exposcentibus
1441 391 1625 432 Achaeis

267 451 424 491 dedidit
448 450 595 491 noxios
622 464 801 503 ossaque
826 449 988 490 reddita
1010 449 1349 505 Philopoemenis
1377 465 1471 493 sunt
1497 460 1536 493 et
1563 467 1627 493 se-

265 513 404 567 pultus
438 513 489 553 ab
520 512 714 553 universo
746 511 934 552 Achaico
967 521 1028 552 est
1068 513 1260 562 concilio,
1299 514 1402 554 adeo
1434 515 1625 555 omnibus

266 574 457 615 humanis
478 574 688 629 congestis
715 573 960 622 honoribus,
987 581 1031 614 ut
1055 589 1106 614 ne
1133 575 1282 615 divinis
1309 576 1475 628 quidem
1500 577 1627 617 absti-

265 650 444 678 neretur.
504 637 558 677 ab
591 635 861 691 scriptoribus
893 651 1030 677 rerum
1057 635 1232 678 Graccis
1258 637 1506 690 Latinisque
1538 647 1628 679 tan-

267 709 353 740 tum
380 699 474 739 huie
501 699 587 739 viro
613 698 823 747 tribuitur,
849 705 895 738 ut
921 714 944 739 a
969 699 1217 752 quibusdam
1244 714 1404 748 eorum,
1436 700 1550 741 velut
1575 701 1628 741 ad

264 761 471 815 insignem
497 770 637 802 notam
663 760 783 801 huius
805 761 913 808 anni,
940 762 1162 802 memoriae
1184 761 1426 802 mandatum
1451 761 1516 810 sit,
1543 771 1626 804 tres

265 824 397 864 claros
430 823 699 878 imperatores
734 838 782 864 eo
814 838 921 864 anno
954 824 1205 873 decessisse,
1242 824 1627 879 Philopoemenem,

266 886 566 934 Hannibalem,
603 886 654 927 P.
688 884 940 940 Scipionem.
1008 887 1111 927 adeo
1147 886 1189 926 in
1227 901 1358 939 aequo
1397 902 1491 927 eum
1528 888 1628 928 dua-

263 963 355 988 rum
408 948 792 1003 potentissimarum
844 948 1032 1002 gentium
1086 948 1259 989 summis
1307 949 1627 1003 imperatoribus

265 1018 505 1065 posuerunt.

350 1072 427 1113 LI.
476 1072 548 1112 Ad
571 1071 767 1113 Prusiam
792 1087 935 1126 regem
959 1072 1122 1126 legatus
1149 1072 1199 1113 T.
1227 1072 1447 1124 Quinctius
1471 1073 1508 1114 F
1510 1073 1629 1113 lami-

266 1133 385 1173 ninus
413 1134 543 1181 venit3
587 1149 710 1186 quem
742 1142 982 1187 suspectum
1007 1133 1209 1174 Romanis
1242 1142 1281 1175 et
1310 1143 1502 1188 receptus
1533 1141 1628 1189 post

266 1196 409 1249 sugam
434 1195 635 1236 Antiochi
659 1195 873 1235 Hannibal
905 1204 943 1235 et
975 1196 1130 1235 bellum
1161 1196 1362 1236 adversus
1392 1197 1626 1237 Eumenem

266 1268 423 1299 motum
460 1258 652 1299 faciebat.
713 1258 769 1298 ibi
808 1274 880 1298 seu
919 1258 1015 1310 quia
1039 1273 1063 1298 a
1086 1258 1322 1299 flaminino
1354 1258 1459 1299 inter
1491 1266 1627 1299 cetera

267 1321 472 1362 obiectum
486 1321 662 1361 Prusiae
688 1329 787 1369 erat,
814 1320 1024 1361 hominem
1051 1321 1233 1361 omnium
1260 1320 1330 1373 qui
1355 1321 1539 1361 viverent
1566 1321 1627 1360 in-

264 1383 537 1423 festissimum
562 1383 716 1437 populo
740 1383 931 1423 Romano
959 1383 1069 1436 apud
1095 1398 1188 1423 eum
1221 1397 1332 1431 esse,
1371 1383 1440 1435 qui
1470 1382 1626 1437 patriae

265 1460 364 1485 suae
401 1445 598 1499 primum,
637 1444 786 1485 deinde
823 1444 963 1484 fractis
1002 1444 1089 1484 cius
1122 1444 1270 1498 opibus
1297 1444 1507 1485 Antiocho
1538 1445 1627 1498 regi

265 1516 407 1547 auctor
433 1506 530 1546 belli
557 1507 756 1546 adversus
777 1506 977 1560 populum
990 1506 1227 1547 Romanum
1249 1506 1410 1554 fuisset,
1438 1521 1511 1546 seu
1532 1506 1628 1559 quia.

263 1567 352 1622 ipse
383 1568 576 1616 Prusias,
613 1575 657 1608 ut
694 1568 995 1622 gratificaretur
1031 1567 1240 1622 praesenti
1269 1567 1506 1609 Flaminino
1541 1568 1628 1609 Ro-

264 1629 499 1682 manisque,
526 1645 600 1684 per
626 1644 670 1670 se
696 1629 872 1670 necandi
899 1638 967 1670 aut
993 1630 1182 1670 tradendi
1208 1630 1295 1671 eius
1316 1630 1356 1670 in
1377 1637 1626 1685 potestatem

264 1691 480 1732 consilium
507 1691 634 1746 cepit,
672 1707 696 1732 a
720 1692 854 1746 primo
881 1692 1100 1745 conloquio
1125 1691 1349 1732 Flaminini
1380 1692 1529 1733 milites
1557 1706 1627 1732 ex-

262 1754 417 1808 templo
454 1754 507 1794 ad
545 1754 714 1795 domum
739 1754 990 1795 Hannibalis
1023 1754 1337 1794 custodiendam
1368 1754 1486 1795 missi
1518 1762 1625 1795 sunt.

265 1830 429 1870 semper
465 1816 591 1857 talem
628 1816 784 1857 exitum
822 1816 930 1857 vitae
970 1831 1068 1857 suae
1106 1816 1319 1857 Hannibal
1355 1824 1625 1871 prospexerat

264 1878 400 1919 animo
428 1887 467 1918 et
492 1879 777 1919 Romanorum
802 1879 1052 1933 inexpiabile
1079 1879 1219 1919 odium
1243 1878 1285 1918 in
1317 1893 1360 1919 se
1388 1893 1559 1919 cernens
1587 1886 1625 1918 et

262 1939 358 1979 fidei
394 1955 541 1993 regum
582 1940 685 1980 nihil
728 1956 826 1981 sane
870 1941 1019 1989 fretus,
1067 1940 1244 1981 Prusiae
1280 1955 1378 1981 vero
1414 1940 1624 1980 levitatem

263 2001 386 2041 etiam
424 2011 618 2056 expertus
657 2011 761 2052 erat3
797 2002 1022 2043 Flaminini
1059 2017 1221 2055 quoque
1259 2003 1483 2043 adventum
1513 2001 1625 2042 velut

263 2063 432 2104 fatalem
459 2064 537 2104 sibi
563 2064 790 2106 horruerat.
840 2065 892 2105 ad
917 2064 1055 2106 omnia
1079 2065 1261 2117 undique
1287 2064 1452 2113 infesta,
1479 2071 1524 2104 ut
1548 2063 1626 2104 iter

263 2142 427 2181 semper
452 2127 619 2181 aliquod
639 2136 931 2183 praeparatum
951 2128 1075 2182 fugae
1096 2127 1280 2177 haberet,
1308 2136 1468 2182 septem
1489 2127 1623 2167 exitus

262 2203 284 2229 e
311 2189 432 2230 domo
460 2190 634 2239 fecerat,
673 2197 711 2231 et
739 2205 790 2230 ex
816 2190 864 2230 iis
891 2190 1092 2243 quosdam
1120 2189 1323 2237 occultos,
1360 2204 1411 2229 ne
1438 2189 1625 2230 custodia

264 2251 535 2306 saepircntur.
596 2252 671 2293 sed
696 2267 823 2306 grave
849 2252 1068 2307 imperium
1093 2267 1238 2306 regum
1263 2251 1367 2292 nihil
1391 2251 1625 2305 inexplora-

263 2320 362 2361 tum,
389 2314 500 2366 quod
520 2313 717 2368 vestigari
738 2314 894 2362 volunt,
916 2314 1056 2354 efficit.
1093 2314 1219 2354 totius
1241 2313 1456 2353 circuitum
1476 2313 1622 2353 domus

263 2373 319 2414 ita
348 2375 546 2416 custodiis
579 2375 784 2431 complexi
816 2383 929 2423 sunt,
968 2384 1013 2415 ut
1042 2390 1164 2416 nemo
1197 2375 1292 2416 inde
1325 2375 1432 2415 elabi
1467 2382 1622 2429 posset.

264 2436 494 2485 Hannibal,
520 2446 742 2493 postquam
769 2446 831 2478 est
855 2437 1089 2478 nuntiatum
1109 2437 1258 2478 milites
1277 2436 1415 2492 regios
1435 2437 1477 2477 in
1497 2436 1622 2477 vesti-

264 2496 360 2537 bulo
386 2513 497 2547 esse,
536 2501 716 2554 postico,
749 2500 860 2553 quod
885 2499 1052 2540 devium
1078 2500 1256 2540 maxime
1283 2508 1405 2551 atque
1430 2497 1622 2539 occultis-

267 2557 357 2598 simi
390 2559 523 2600 exitus
563 2569 667 2610 erat,
704 2561 850 2616 sugere
883 2568 1073 2611 conatus,
1112 2569 1157 2601 ut
1186 2561 1228 2601 id
1254 2574 1417 2613 quoque
1443 2560 1619 2600 obcursu
