1799 2900
516 211 671 247 LIBER
695 213 843 257 xxxi,
871 213 924 247 29.
953 211 1155 257 [a.e.200]
1465 201 1519 243 25

167 319 471 360 ‘Romanorum
508 316 734 363 licentiam,
774 332 825 357 an
862 317 1072 358 levitatem
1110 316 1261 365 dicam,
1299 315 1520 356 mavultis?

166 380 236 434 qui
261 394 354 420 eum
379 378 527 434 legatis
559 378 708 419 vestris
735 379 895 419 Romae
920 378 1163 433 responderi
1192 379 1250 418 ita
1280 377 1518 419 iussissent:

167 442 298 496 “quid
324 441 376 481 ad
401 456 476 481 nos
503 440 665 487 venitis,
694 440 846 489 Aetoli,
875 440 961 481 sine
988 455 1162 493 quorum
1180 440 1422 481 auctoritate
1448 456 1520 495 pa-

167 519 254 545 cem
281 518 374 543 cum
393 502 588 556 Philippo
614 502 843 551 fecistis?”,
875 503 983 542 idem
1005 516 1114 542 nune
1138 509 1182 542 ut
1206 502 1360 542 bellum
1381 516 1520 542 secum

166 566 365 607 adversus
391 564 633 618 Philippum
664 564 818 618 geratis
850 564 1073 618 postulant.
1131 571 1171 604 et
1203 571 1324 604 antea
1354 571 1522 618 propter

166 642 239 669 vos
267 633 306 668 et
330 641 404 681 pro
426 626 543 667 vobis
572 641 686 666 arma
713 634 878 680 sumpta
903 627 1102 666 adversus
1130 640 1224 666 eum
1251 625 1519 674 simulabant3

164 703 276 729 nune
300 704 373 729 vos
400 688 441 728 in
467 702 569 743 pace
596 703 689 728 esse
716 702 809 728 eum
834 687 1030 742 Philippo
1060 687 1294 741 prohibent.
1354 687 1521 728 Messa-

165 766 242 791 nae
267 757 312 790 ut
338 750 490 791 auxilio
516 757 677 799 essent,
715 750 846 804 primo
878 750 919 789 in
947 749 1131 790 Siciliam
1164 749 1520 798 transcenderunt,

166 812 314 853 iterum
346 819 391 851 ut
425 811 656 865 Syracusas
690 812 911 866 obpressas
944 812 996 851 ab
1030 810 1446 865 Carthaginiensibus
1479 811 1520 851 in

165 874 399 915 libertatem
429 873 674 922 eximerent3
712 882 752 914 et
783 874 1027 914 BIessanam
1059 880 1100 914 et
1126 872 1357 927 Syracusas
1389 880 1430 914 et
1459 880 1521 914 to-

168 943 251 976 tam
284 934 470 975 Siciliam
500 935 578 989 ipsi
612 935 765 976 habent
800 935 1127 989 vectigalemque
1164 935 1419 989 provinciam
1457 950 1522 975 se-

167 997 333 1037 curibus
359 1004 399 1036 et
429 996 612 1037 fascibus
647 997 921 1037 subiecerunt.
983 997 1139 1037 scilicet
1171 997 1276 1037 sicut
1307 1012 1381 1038 vos
1407 997 1520 1037 Nau-

166 1059 275 1113 pacti
318 1058 479 1112 legibus
522 1058 670 1098 vestris
714 1073 786 1112 per
828 1058 1096 1111 magistratus
1136 1074 1159 1098 a
1196 1059 1313 1098 vobis
1360 1066 1520 1099 creatos

168 1120 385 1161 concilium
411 1119 592 1167 habetis,
628 1120 783 1159 socium
810 1120 1055 1171 hostemque
1081 1119 1208 1159 libere
1235 1134 1358 1172 quem
1384 1120 1520 1160 velitis

166 1181 329 1231 lecturi,
355 1195 499 1236 pacem
527 1195 573 1221 ac
604 1181 758 1221 bellum
785 1181 952 1221 arbitrio
979 1181 1157 1221 habituri
1183 1189 1340 1230 vestro,
1368 1182 1426 1221 sic
1455 1181 1521 1221 Si-

166 1244 349 1284 culorum
381 1243 615 1283 civitatibus
650 1242 881 1296 Syracusas
919 1251 988 1284 aut
1018 1243 1265 1284 B'Iessanam
1303 1251 1372 1284 aut
1402 1243 1521 1297 Lily-

167 1306 316 1346 baeum
352 1304 545 1344 indicitur
576 1305 813 1345 concilium:
850 1313 1015 1359 praetor
1045 1305 1259 1346 Romanus
1292 1313 1520 1346 conventus

166 1367 270 1422 agit,
298 1382 346 1408 eo
371 1366 544 1421 imperio
571 1367 731 1408 evocati
757 1367 1025 1416 conveniunt,
1059 1368 1224 1408 excelso
1250 1368 1291 1408 in
1318 1375 1522 1423 suggestu

167 1429 345 1484 superba
376 1428 465 1469 iura
495 1429 755 1477 reddentem,
789 1429 985 1483 stipatum
1017 1429 1228 1470 lictoribus
1254 1429 1413 1479 vident3
1440 1430 1523 1469 vir-

167 1505 244 1546 gae
265 1498 395 1545 tergo,
422 1505 586 1531 secures
614 1491 843 1532 cervicibus
870 1492 1071 1532 inminent
1096 1499 1135 1532 et
1156 1492 1375 1545 quotannis
1398 1492 1523 1532 alium

167 1567 289 1606 atque
321 1553 446 1593 alium
478 1552 689 1593 dominum
722 1553 959 1594 sortiuntur.
1020 1568 1097 1594 nee
1129 1553 1170 1594 id
1201 1554 1340 1595 mirari
1370 1554 1522 1595 debent

168 1621 238 1654 aut
262 1621 456 1668 possunt,
489 1628 583 1654 cum
607 1615 753 1655 Italiae
779 1616 922 1664 urbes,
948 1616 1142 1670 Regium,
1170 1616 1411 1663 Tarentum,
1440 1615 1523 1657 Ca-

167 1691 313 1730 puam,
351 1690 402 1716 ne
438 1676 653 1725 finitimas,
693 1692 867 1729 quarum
903 1678 1032 1718 ruinis
1071 1678 1199 1718 crevit
1235 1679 1334 1719 urbs
1372 1679 1520 1727 Roma,

167 1737 396 1785 nominem,
424 1737 558 1778 eidem
590 1738 796 1778 subiectas
822 1739 990 1779 videant
1014 1739 1198 1793 imperio.
1261 1739 1409 1793 Capua
1434 1740 1523 1792 qui-

169 1799 282 1847 dem,
311 1799 545 1853 sepulcrum
571 1813 619 1839 ac
642 1807 956 1841 monumentum
983 1799 1190 1854 Campani
1215 1801 1376 1855 populi,
1415 1801 1522 1842 elato

168 1867 209 1900 et
234 1860 386 1901 extorri
419 1860 549 1901 eiecto
580 1860 672 1915 ipso
698 1861 851 1916 populo
878 1870 1088 1916 superest,
1114 1863 1213 1902 urbs
1240 1870 1402 1911 trunca,
1436 1862 1524 1903 sine

169 1930 328 1970 senatu,
357 1922 444 1963 sine
470 1922 604 1977 plebe,
632 1923 719 1963 sine
745 1923 1075 1978 magistratibus,
1102 1923 1355 1978 prodigium,
1382 1924 1525 1964 relicta

168 1984 374 2025 crudelius
408 1984 633 2024 habitanda
664 1999 787 2037 quam
819 1985 854 2025 si
891 1985 1027 2026 deleta
1051 1986 1169 2026 foret.
1231 1985 1345 2025 furor
1376 1992 1456 2034 est,
1489 1985 1524 2026 si

169 2046 426 2101 alienigenae
458 2046 665 2095 homines,
703 2047 796 2101 plus
828 2047 970 2101 lingua
1002 2054 1042 2087 et
1072 2047 1255 2088 moribus
1288 2055 1327 2087 et
1358 2047 1520 2100 legibus

169 2122 293 2161 quam
323 2107 449 2149 maris
482 2115 764 2162 terrarumque
799 2109 932 2164 spatio
959 2109 1144 2158 discreti,
1178 2109 1279 2150 haee
1305 2109 1522 2158 tenuerint,

1552 1564 1590 1593 10

1553 1750 1586 1778 ll

1552 1996 1589 2025 12

171 2185 336 2225 sperare
362 2170 582 2223 quicquam
613 2171 759 2211 eodem
791 2178 901 2211 statu
932 2186 1187 2211 mansurum.
1246 2170 1432 2224 Philippi
1461 2185 1525 2210 re-
1552 2181 1590 2211 13

170 2247 298 2286 gnum
311 2231 489 2272 obficere
521 2232 675 2284 aliquid
702 2232 863 2273 videtur
887 2232 1066 2273 libertati
1098 2239 1278 2280 vestrae3
1317 2232 1399 2284 qui,
1431 2246 1524 2272 eum

170 2293 316 2333 merito
352 2300 491 2333 vestro
528 2293 645 2334 vobis
683 2294 870 2334 infensus
909 2301 1033 2342 esset,
1077 2294 1178 2334 nihil
1215 2309 1239 2334 a
1263 2294 1381 2334 vobis
1418 2294 1525 2334 ultra

171 2369 295 2407 quam
319 2368 464 2408 pacem
485 2355 602 2408 petiit
625 2355 830 2408 fidemque
857 2356 977 2396 hodie
997 2356 1110 2410 pacis
1137 2363 1282 2410 pactae
1304 2356 1523 2396 desiderat.

172 2415 425 2456 adsuefacite
450 2416 513 2455 his
539 2416 658 2456 terris
683 2417 868 2471 legiones
890 2425 1081 2457 externas
1103 2425 1142 2457 et
1168 2417 1310 2471 iugum
1331 2418 1521 2471 accipite:
1549 2430 1590 2460 14

172 2492 263 2518 sero
291 2491 337 2517 ac
366 2476 635 2529 nequiquam,
672 2492 766 2518 cum
797 2478 1009 2518 dominum
1032 2479 1269 2519 Romanum
1301 2479 1520 2528 habebitis,

173 2538 328 2579 socium
342 2538 581 2592 Philippum
606 2540 824 2591 quaeretis.
873 2540 1062 2587 Aetolos,
1089 2541 1347 2590 Acarnanas,
1373 2541 1518 2581 Mace·
1546 2554 1585 2583 15

173 2601 322 2650 donas,
360 2600 545 2641 eiusdem
569 2601 734 2655 linguae
760 2601 966 2651 homines,
994 2602 1106 2643 leves
1133 2602 1184 2643 ad
1215 2610 1377 2657 tempus
1403 2609 1517 2644 ortae

172 2676 321 2704 causae
353 2662 571 2717 diiungunt
607 2662 962 2718 coniunguntque3
1001 2678 1093 2705 eum
1125 2664 1386 2719 alienigenis,
1425 2678 1517 2705 eum
