1799 2900
484 188 639 222 LIBER
665 186 829 233 xxxn,
857 189 909 222 16.
938 189 988 223 17.
1017 187 1215 232 [a.0.198]
1474 176 1529 219 59

257 292 421 334 Eodem
452 298 636 346 tempore
669 291 774 332 duae
806 306 857 332 ex
881 291 988 332 Asia
1020 291 1175 332 classes
1206 290 1417 346 profectae
1447 304 1529 330 una
1555 303 1573 333 6

175 369 267 396 011111
291 354 438 395 Attalo
462 368 561 408 rege
580 377 636 382 -—
657 368 729 394 eae
756 361 948 407 quattuor
973 362 1014 394 et
1038 354 1185 408 viginti
1210 353 1527 407 quinqueremes

174 424 291 458 crant
314 440 388 465 ——,
425 416 592 457 Rhodia
623 416 753 456 altera
777 416 924 470 viginti
950 416 1118 456 navium
1143 423 1364 464 tectarum3
1412 415 1530 469 Age-

175 478 399 519 simbrotus
431 484 636 532 praeerat.
697 478 774 518 hae
806 479 914 518 circa
940 478 1132 518 Andrum
1162 478 1343 518 insulam
1373 476 1528 518 classes
1557 489 1573 516 7

177 540 421 582 coniunctae
435 540 655 580 Euboeam
680 539 776 579 inde
802 541 953 594 exiguo
979 540 1202 580 distantem
1228 540 1333 580 freto
1360 538 1531 579 traiece-

174 608 283 642 runt.
346 600 635 654 Carystiorum
660 601 838 655 primum
863 616 986 655 agros
1013 608 1247 650 vastaruntg
1285 601 1434 641 deinde
1459 599 1530 639 ubi
1557 612 1575 641 S

176 662 381 716 Carystus
414 662 622 716 praesidio
655 678 679 703 a
711 661 911 703 Chalcide
947 663 1097 717 raptim
1133 663 1261 703 misso
1293 663 1411 702 firma
1442 662 1534 701 visa

175 732 256 773 est,
293 725 347 764 ad
381 724 590 764 Eretriam
628 734 905 764 accesserunt.
966 725 1113 764 eodem
1150 733 1190 764 et
1225 724 1278 764 L.
1311 722 1531 775 Quinctius
1559 736 1576 765 9

175 800 269 826 cum
288 785 337 826 iis
358 786 548 834 navibus,
576 800 680 838 quae
700 786 839 826 Piraei
864 786 1039 835 fuerant,
1066 786 1200 826 Attali
1218 785 1329 840 regis
1352 785 1533 825 adventu

175 848 316 888 audito
348 848 461 888 venit
491 847 636 896 iussis,
675 854 720 887 ut
751 862 938 901 quaeque
964 862 1015 888 cx
1047 863 1123 888 sua
1153 848 1287 888 classe
1318 846 1534 887 venissent

176 924 303 950 naves
329 910 549 950 Euboeam
573 916 773 964 peterent.

260 971 425 1011 Eretria
451 987 612 1011 summa
637 971 677 1011 vi
696 971 1032 1025 obpugnabatur3
1059 986 1155 1011 nam
1175 977 1214 1011 ct
1233 971 1355 1011 trium
1375 970 1535 1010 iuncta·
1562 984 1602 1012 10

176 1048 267 1073 rum
293 1033 489 1073 classium
513 1047 640 1073 naves
668 1033 800 1072 omnis
827 1033 991 1085 generis
1013 1040 1217 1073 tormenta
1236 1032 1534 1084 machinasque

177 1095 230 1134 ad
260 1095 423 1134 urbium
455 1094 615 1134 excidia
647 1108 788 1134 secum
819 1094 1038 1147 portabant
1066 1102 1106 1134 et
1131 1094 1220 1148 agri
1252 1094 1423 1133 adfatim
1447 1109 1535 1133 ma-

178 1156 304 1196 teriae
348 1156 603 1210 praebebant
647 1155 699 1195 ad
742 1170 851 1195 110111
893 1155 1101 1195 molienda
1136 1169 1275 1209 opera.
1336 1153 1533 1208 oppidani
1563 1169 1598 1196 11

178 1219 312 1272 primo
338 1218 450 1257 haud
479 1217 640 1272 inpigre
674 1218 894 1257 tuebantur
919 1217 1101 1266 moeniag
1140 1217 1236 1256 dein
1261 1216 1363 1257 fessi
1394 1216 1536 1256 1111110-

178 1279 339 1331 ratique
377 1279 550 1331 aliquot,
589 1293 682 1318 cum
715 1286 756 1319 et
786 1279 893 1318 muri
928 1286 1089 1333 partem
1120 1293 1309 1318 eversam
1340 1278 1534 1332 operibus

177 1340 359 1381 hostium
383 1348 610 1389 cernerent,
638 1341 690 1380 ad
716 1340 968 1381 deditionem
992 1340 1255 1380 inclinarunt.
1318 1340 1391 1380 sed
1416 1354 1534 1394 prac-
1565 1352 1601 1380 12

178 1402 329 1444 sidium
354 1410 440 1442 crat
459 1402 755 1451 Macedonum,
783 1417 885 1455 quos
911 1417 995 1442 non
1019 1402 1155 1442 minus
1183 1416 1307 1454 quam
1320 1401 1534 1442 Romanos

177 1465 434 1512 metuebant,
484 1472 524 1504 et
558 1464 770 1505 Philocles
814 1464 952 1518 regius
997 1464 1233 1518 praefectus
1272 1479 1295 1503 a
1333 1462 1535 1503 Chalcide

178 1526 345 1566 nuntios
365 1526 568 1575 mittebat,
596 1542 639 1567 se
665 1527 707 1566 111
733 1534 919 1581 tempore
946 1527 1197 1573 adfuturum,
1226 1527 1260 1567 si
1285 1526 1536 1566 sustinerent

180 1587 452 1628 obsidionem.
513 1588 616 1628 haec
651 1589 780 1628 mixta
817 1596 929 1628 metu
962 1603 1057 1642 spes
1090 1589 1198 1628 ultra
1229 1603 1352 1641 quam
1384 1587 1535 1627 10110111
1566 1600 1602 1628 13

180 1656 251 1689 aut
281 1662 405 1701 quam
434 1658 606 1703 possent
642 1650 803 1690 trahere
841 1664 912 1690 eos
944 1657 1106 1704 tempus
1139 1650 1327 1703 cogebat.
1389 1649 1536 1689 deinde
1567 1661 1606 1689 14

179 1718 401 1764 postquam
435 1710 652 1751 Philoclen
688 1711 901 1765 repulsum
938 1712 1294 1765 trepidantemque
1331 1710 1538 1764 refugisse

183 1770 427 1812 Chalcidem
464 1778 729 1826 acceperunt,
779 1780 962 1812 oratores
1011 1772 1220 1825 extemplo
1258 1772 1310 1811 ad
1346 1771 1538 1811 Attalum

181 1833 345 1873 veniam
375 1833 582 1886 fidemque
614 1834 702 1874 eius
734 1833 913 1887 petentis
946 1833 1161 1873 miserunt.
1224 1833 1323 1872 dum
1346 1833 1389 1872 in
1421 1847 1536 1886 spem
1565 1845 1604 1874 15

181 1894 294 1950 pacis
332 1895 478 1935 intenti
516 1895 684 1949 segnius
723 1910 893 1935 munera
929 1895 1026 1935 belli
1064 1895 1218 1935 obeunt
1255 1902 1295 1934 et
1330 1909 1379 1934 011
1414 1894 1537 1934 modo

180 1964 316 2010 parte,
344 1970 426 2009 qua
450 1971 592 1997 murus
620 1957 778 1997 dirutus
806 1964 910 2005 erat,
939 1956 1084 1996 ceteris
1111 1955 1311 2010 neglectis
1339 1955 1537 1996 stationes

182 2026 360 2058 armatas
399 2019 632 2073 obponunt‚
671 2019 890 2070 Quinctius
928 2027 1052 2058 noctu
1091 2019 1142 2058 ab
1176 2033 1225 2058 ea
1260 2025 1394 2071 parte,
1433 2031 1538 2070 quac

180 2079 348 2120 minime
385 2090 580 2135 suspecta
610 2088 715 2129 erat,
753 2081 896 2134 inpetu
927 2080 1037 2120 facto
1076 2079 1197 2120 scalis
1235 2080 1379 2119 urbem
1418 2078 1538 2133 cepit.

182 2141 483 2196 oppidanorum
514 2143 647 2183 omnis
680 2142 900 2182 multitudo
932 2156 1026 2181 011111
1052 2141 1299 2195 coniugibus
1326 2154 1373 2180 ac
1398 2139 1538 2180 liberis
1569 2153 1606 2182 16

182 2203 224 2242 in
249 2217 386 2243 arcem
412 2204 611 2258 confugit,
638 2204 786 2244 deinde
812 2203 854 2243 in
880 2203 1134 2243 deditionem
1160 2202 1284 2242 venit.
1338 2201 1538 2256 pecuniae
1567 2214 1604 2242 17

184 2264 353 2316 aurique
379 2272 419 2305 et
444 2266 604 2319 argenti
630 2265 741 2305 haud
767 2280 866 2305 sane
892 2264 1068 2304 multum
1093 2264 1169 2303 fuit
1179 2280 1188 2312 3
1217 2263 1348 2318 signa,
1375 2262 1539 2303 tabulae

182 2325 344 2379 priscae
376 2327 474 2367 artis
507 2334 830 2379 ornamentaque
863 2326 950 2366 eius
983 2325 1146 2380 generis
1172 2325 1291 2379 plura
1316 2339 1439 2378 quam
1463 2339 1538 2379 pro

183 2387 296 2427 urbis
322 2388 608 2441 magnitudine
634 2396 703 2428 aut
728 2388 876 2442 opibus
903 2387 1049 2427 ceteris
1075 2387 1256 2427 inventa.

268 2448 418 2491 XVII.
469 2448 673 2503 Carystus
710 2450 805 2489 inde
841 2448 1035 2502 repetita,
1074 2448 1201 2496 unde,
1238 2447 1479 2501 priusquam
1516 2461 1579 2490 01

184 2510 359 2550 navibus
393 2510 535 2565 copiae
568 2518 891 2565 exponerentur,
931 2510 1063 2550 omnis
1098 2509 1316 2550 multitudo
1340 2509 1442 2548 urbe
1468 2508 1539 2548 de-

185 2580 294 2613 serta
324 2573 367 2613 in
397 2588 534 2614 arcem
565 2573 765 2627 confugit.
824 2573 920 2613 inde
948 2573 1000 2612 ad
1025 2572 1149 2612 fidem
1175 2572 1227 2612 ab
1251 2572 1442 2612 Romano
1467 2585 1539 2625 pe-
1565 2583 1582 2612 2

184 2635 352 2675 tendam
387 2643 570 2677 oratores
613 2636 793 2676 mittunt.
855 2634 1072 2689 oppidanis
1115 2634 1323 2689 extemplo
1365 2633 1449 2674 vita
1492 2647 1539 2673 ac
