1799 2900
524 143 673 177 LIBER
699 143 865 187 xxxv,
891 143 922 177 5.
944 143 974 177 6.
1004 145 1051 187 [a.
1067 142 1105 177 c,
1122 142 1203 186 193]
1463 134 1540 174 179

190 246 438 302 legionarios
465 244 623 299 equites
645 245 686 285 in
713 245 907 286 subsidiis
929 261 1034 288 esse.
1084 246 1186 287 haec
1211 245 1392 301 procella·
1416 259 1540 298 eque-
1566 259 1583 288 9

192 309 285 349 stris
311 308 444 363 primo
470 307 656 348 confudit
688 315 727 348 et
753 308 952 357 turbavit,
991 307 1139 349 deinde
1165 308 1383 362 dissipavit
1409 307 1539 348 aciem

193 369 421 419 Gallorum,
447 385 530 410 non
557 377 694 410 tamen
719 377 764 410 ut
790 377 907 425 terga
932 371 1089 411 darent.
1151 371 1374 412 obstabant
1398 371 1538 418 duces,

192 432 408 473 hastilibus
436 432 656 472 caedentes
683 439 799 486 terga
824 432 1116 486 trepidantium
1143 439 1183 472 et
1206 432 1339 473 redire
1365 432 1406 472 in
1432 432 1540 473 ordi-

191 510 264 536 nes
296 501 511 549 cogentes,
551 494 624 534 sed
655 493 993 547 interequitantes
1026 493 1126 534 alari
1151 509 1233 535 non
1266 494 1540 548 patiebantur.

191 557 335 597 consul
355 557 640 597 obtestabatur
664 556 828 605 milites,
854 564 899 596 ut
922 556 1134 610 paululum
1155 555 1455 597 adniterentur:
1482 556 1542 595 vi-

191 619 362 659 ctoriam
387 618 428 658 in
454 618 643 658 manibus
671 633 762 659 esse
772 635 782 668 3
817 619 913 658 dum
939 619 1199 673 perturbatos
1226 626 1265 659 et
1296 618 1538 673 trepidantis

191 681 396 729 viderent,
429 680 648 729 instarent3
688 681 721 720 si
746 680 907 721 restitui
931 681 1095 721 ordines
1129 680 1341 729 sivissent,
1378 680 1539 734 integro

189 758 332 783 rursus
360 758 430 783 eos
457 743 613 797 proelio
638 750 678 783 et
704 743 827 783 dubio
854 743 1133 783 dimicaturos.
1193 742 1344 783 inferre
1371 743 1540 783 vexilla-

188 804 271 845 rios
292 805 411 845 iussit
431 805 563 860 signa.
601 820 743 845 omnes
765 805 895 846 conisi
920 805 1086 845 tandem
1108 812 1345 845 averterunt
1364 804 1539 845 hostem.

189 874 409 921 postquam
427 873 545 921 terga
566 867 719 907 dabant
739 875 776 907 et
799 867 839 907 in
866 867 1009 921 fugam
1028 867 1185 921 passim
1206 867 1538 915 effundebantur,

190 936 274 968 tum
302 928 353 968 ad
378 929 686 983 persequendos
709 943 778 969 eos
804 928 1007 982 legionari
1026 929 1183 981 equites
1210 929 1384 968 inmissi.
1423 936 1540 981 quat-

189 990 416 1030 tuordecim
454 990 565 1030 milia
594 991 795 1031 Boiorum
832 1004 880 1030 eo
913 990 978 1029 die
1011 997 1106 1030 sunt.
1137 1003 1276 1039 caesa,
1314 990 1399 1030 vivi
1430 991 1541 1045 capti

189 1052 298 1092 inille
324 1052 548 1106 nonaginta
571 1052 664 1100 duo,
692 1052 850 1104 equites
873 1052 1123 1106 septingenti
1143 1052 1289 1106 viginti
1308 1067 1428 1101 unus,
1455 1059 1537 1092 tres

189 1114 314 1154 duces
342 1129 496 1163 eorum,
525 1114 645 1168 signa
668 1113 862 1154 militaria
883 1114 1059 1154 ducenta
1085 1114 1316 1163 duodecim,
1344 1121 1539 1169 carpenta

189 1175 405 1229 sexaginta
425 1175 513 1216 tria.
551 1189 626 1216 nec
640 1176 841 1216 Romanis
862 1174 1077 1215 incruenta
1098 1175 1269 1216 victoria
1289 1175 1386 1224 fuit3
1414 1190 1539 1229 supra

187 1237 366 1290 quinque
381 1237 493 1277 milia
506 1237 696 1286 militum,
717 1237 901 1291 ipsorum
917 1244 987 1277 aut.
1008 1237 1226 1285 sociorum,
1255 1244 1348 1277 sunt
1372 1237 1537 1285 amissa,

187 1299 446 1339 centuriones
480 1306 561 1340 tres
594 1307 633 1340 et
666 1299 831 1353 viginti,
863 1299 1063 1354 praefecti
1095 1300 1253 1340 socisnn
1280 1306 1473 1352 quattuor
1499 1307 1540 1340 et

186 1360 247 1401 M.
276 1359 487 1401 Genucius
514 1369 554 1402 ct
579 1360 633 1413 Q.
649 1369 689 1402 et
707 1361 769 1402 M.
790 1361 926 1402 Marci
952 1361 1104 1401 tribuni
1130 1361 1306 1401 militum
1332 1361 1538 1403 secundae

185 1423 373 1477 legionis.

269 1484 346 1526 VI.
395 1484 558 1524 Eodem
590 1484 675 1525 fere
709 1492 894 1540 tempore
927 1485 1102 1526 duorum
1128 1485 1345 1526 consulum
1376 1485 1537 1526 litterae

186 1546 346 1586 adlatae
373 1554 480 1594 sunt,
507 1545 560 1585 L.
579 1545 747 1588 Corneli
773 1548 824 1588 de
849 1547 1005 1602 proelio
1028 1548 1080 1587 ad
1092 1547 1302 1588 Mutinam
1328 1562 1421 1587 cum
1435 1549 1536 1588 Bois

186 1608 295 1649 facto
334 1615 373 1648 et,
406 1608 458 1660 Q.
492 1607 654 1648 Minuci
691 1625 715 1649 a
755 1610 886 1650 Pisis:
925 1610 1091 1651 comitia
1128 1624 1226 1650 suae
1264 1610 1386 1651 sortis
1424 1625 1535 1660 esse3

187 1679 368 1710 ceterum
395 1671 497 1711 adeo
525 1686 729 1725 suspensa
753 1672 891 1712 omnia
916 1671 957 1711 in
976 1672 1204 1726 Liguribus
1232 1687 1275 1712 se
1301 1672 1466 1721 habere,
1492 1680 1538 1713 ut

187 1732 355 1772 abscedi
385 1732 480 1773 inde
508 1732 595 1773 sine
627 1733 807 1787 pernicie
835 1733 1039 1773 sociorum
1071 1740 1109 1773 et
1137 1734 1287 1774 damno
1311 1733 1369 1774 rei
1402 1734 1538 1788 publi-

187 1809 258 1835 cae
290 1810 371 1835 non
402 1803 557 1849 posset.
619 1795 652 1835 si
683 1795 739 1835 ita
772 1795 978 1835 videretur
1007 1795 1214 1850 patribus,
1251 1795 1460 1836 mitterent
1485 1796 1538 1836 ad

186 1857 401 1911 collegam,
424 1864 467 1897 ut
488 1857 535 1905 is,
557 1857 625 1910 qui
646 1857 911 1911 profligatum
930 1857 1086 1897 bellum
1106 1856 1289 1905 haberet,
1307 1857 1359 1897 ad
1372 1858 1538 1899 comitia

184 1918 363 1958 Romam
389 1919 552 1959 rediret.
616 1919 649 1959 si
680 1919 722 1958 id
746 1920 882 1959 facere
908 1926 1162 1973 gravaretur,
1195 1919 1305 1971 quod
1329 1934 1411 1959 non
1439 1934 1537 1960 suae

186 1982 307 2022 sortis
333 1982 375 2022 id
406 1982 618 2036 negotium
645 1988 774 2031 esset,
808 1997 850 2022 se
877 1981 1044 2034 quidem
1074 1981 1279 2022 facturum
1312 1982 1538 2034 quodcum-

185 2058 263 2096 que
296 2051 462 2084 senatus
490 2044 739 2093 censuisset,
778 2044 852 2084 sed
878 2044 1001 2084 etiam
1033 2051 1156 2096 atque
1183 2043 1306 2084 etiam
1336 2043 1535 2093 viderent,

184 2121 236 2146 ne
267 2107 400 2160 magis
428 2122 449 2147 e
481 2122 524 2147 re
554 2107 721 2161 publica
752 2114 863 2147 esset.
893 2107 1174 2161 interregnum
1207 2106 1300 2146 iniri
1331 2121 1453 2159 quam
1485 2108 1537 2148 ab

187 2183 229 2208 se
254 2168 296 2207 in
322 2183 371 2208 eo
397 2175 506 2208 statu
531 2168 707 2221 relinqui
732 2168 1000 2223 provinciam.
1050 2177 1217 2209 senatus
1247 2168 1295 2209 C.
1319 2168 1537 2210 Scribonio

185 2229 398 2283 negotium
425 2229 555 2278 dedit,
582 2237 628 2270 ut
653 2230 756 2271 duos
782 2230 941 2284 legatos
969 2245 1020 2271 ex
1045 2230 1187 2271 ordine
1215 2231 1420 2271 senatorio
1446 2231 1539 2271 mit-

186 2298 289 2331 teret
315 2291 367 2331 ad
391 2291 444 2331 L.
473 2289 713 2332 Cornelium
740 2293 971 2340 consulem,
1000 2292 1068 2345 qui
1093 2292 1250 2333 litteras
1277 2293 1460 2347 collegae
1486 2293 1538 2334 ad

186 2359 374 2393 senatum
400 2354 550 2393 missas
572 2353 778 2394 deferrent
806 2355 857 2394 ad
878 2369 972 2394 eum
992 2362 1032 2394 et
1056 2355 1306 2403 nuntiarent,
1334 2363 1535 2404 senatum,

184 2409 225 2448 ni
250 2409 284 2449 is
313 2410 365 2449 ad
390 2410 656 2463 lnagistlatus
684 2411 971 2465 subrogandos
998 2411 1176 2451 Romam
1202 2411 1373 2460 veniiet,
1399 2413 1536 2466 potius

185 2485 307 2523 quam
330 2470 383 2522 Q.
399 2471 631 2511 Minucium
659 2487 682 2511 a
706 2446 837 2513 belloC>
835 2472 995 2527 integro
1021 2488 1072 2513 ax
1077 2487 1171 2513 oc‘n
1175 2480 1227 2522 et
1253 2473 1535 2528 interregnum

184 2532 277 2571 111111
295 2548 527 2586 passurum.
560 2533 675 2573 missi
696 2533 820 2588 legati
839 2534 1137 2582 renuntiarunt,
1158 2535 1211 2575 L.
1229 2534 1470 2576 Cornelium
1485 2536 1537 2576 ad

184 2595 450 2649 magistiatus
484 2595 771 2650 subrogandos
804 2595 981 2637 Romam
1015 2604 1246 2637 ventur.um
1308 2598 1358 2639 de
1388 2598 1533 2639 litteris

1237 2664 1303 2696 12*

1568 382 1608 411 10

1570 569 1605 597 11

1568 942 1606 969 13

1566 1188 1607 1217 14

1564 1623 1581 1651 [Ο

1563 1809 1581 1837 22

1564 2365 1581 2394 G

1565 2549 1580 2576 7

1560 2611 1579 2642 8
