1799 2900
218 100 300 142 216
514 107 665 141 LIBER
690 106 854 150 xxxv,
880 107 934 141 49.
954 106 1007 140 50.
1036 109 1134 150 [mu.
1150 106 1275 150 0562]

216 212 402 269 potuisse
429 211 647 265 adparere;
673 209 911 251 mentiendo
938 210 977 249 in
999 210 1131 251 vicem
1157 210 1431 263 iactandoque
1453 209 1574 259 vires,

216 290 317 328 quas
346 289 427 313 non
454 273 668 321 haberent,
695 272 864 312 inflasse
891 287 997 312 vana
1024 287 1096 327 spe
1123 280 1245 326 atque
1271 272 1434 313 inflatos
1462 287 1574 313 esse:

217 338 332 377 ‘dum
368 336 407 375 hi
440 336 491 376 ab
524 350 568 376 se
600 335 755 375 victum
780 334 1041 389 Philippum,
1080 350 1155 376 sua
1184 336 1334 376 virtute
1366 343 1574 390 protectos

215 399 449 446 Romanos,
477 404 516 438 et
543 411 647 450 quae
673 396 797 438 modo
824 397 1054 438 audiebatis
1081 405 1267 447 narrant,
1294 413 1368 439 vos
1396 406 1576 438 ceteras-

215 476 293 514 que
331 459 519 500 civitates
557 467 598 500 et
633 469 780 514 gentes
814 474 931 500 suam
965 468 1119 500 sectam
1153 475 1245 500 esse
1283 468 1497 501 secuturos
1529 484 1575 507 —,

215 538 287 563 rex
314 530 458 563 contra
482 522 669 576 peditum
689 521 954 575 equitumque
981 522 1113 562 nubes
1139 522 1261 562 iactat
1289 530 1329 562 et
1350 522 1576 563 consternit

172 602 189 629 (5
216 585 346 626 maria
371 584 576 625 classibus
604 584 703 625 suis.
737 592 797 625 cst
826 592 965 625 autem
989 600 1055 625 res
1078 584 1286 624 simillima
1307 599 1432 625 cenae
1449 584 1577 625 Chal-

216 646 396 687 cidensis
419 646 595 702 hospitis
616 646 711 694 mei,
738 646 916 687 hominis
938 653 977 687 et
993 646 1092 686 boni
1112 654 1151 686 et
1173 646 1263 686 sciti
1283 646 1575 695 convivatoris,

216 710 327 764 apud
353 723 476 762 quem
504 709 711 750 solstitiali
738 717 923 764 tempore
950 708 1121 749 comiter
1152 708 1311 762 accepti
1337 722 1429 748 cum
1456 708 1578 748 mira-

214 787 371 820 remur,
416 772 526 812 unde
563 771 621 811 illi
659 786 707 813 eo
745 779 930 826 tempore
969 771 1065 811 anni
1102 778 1187 811 tam
1223 770 1337 811 vai-Ia
1373 777 1415 811 et
1448 770 1579 810 multa

172 849 188 876 7
217 833 403 883 venatio,
442 833 566 874 homo
598 847 681 875 non
719 848 842 887 quam
880 833 949 874 isti
988 840 1084 874 sunt
1120 832 1346 888 gloriosus,
1383 832 1577 872 renidens

217 896 491 937 condimentis
512 896 569 936 ait
589 896 833 937 varietatem
858 896 971 936 illam
990 902 1031 936 et
1057 895 1238 950 speciem
1264 894 1421 935 ferinae
1442 894 1577 935 earnis

170 972 190 1001 8
216 974 266 1000 ex
292 966 512 999 mansueto
539 973 612 1000 sue
644 958 824 999 factam?
886 958 965 999 hoc
992 958 1072 998 dici
1098 965 1192 1013 apte
1217 957 1259 997 in
1285 956 1426 1012 copias
1451 957 1577 1011 regis,

217 1036 322 1074 quae
348 1021 472 1075 paulo
499 1029 594 1062 ante
619 1020 795 1062 iactatae
822 1020 922 1070 sint,
949 1035 1088 1075 posse.
1149 1020 1264 1060 varia
1289 1019 1399 1060 enim
1424 1035 1579 1073 genera

216 1098 425 1124 armorum
457 1091 497 1125 et
528 1084 659 1124 multa
688 1084 858 1125 nomina
883 1083 1067 1137 gentium
1099 1083 1396 1131 inauditarum,
1429 1082 1577 1123 Dahas

218 1144 276 1200 [et
303 1144 474 1200 Medos]
504 1154 541 1186 ct
571 1145 779 1187 Cadusios
806 1153 847 1187 et
870 1146 1117 1199 Elymaeos,
1153 1144 1283 1185 Suros
1310 1144 1444 1185 omnis
1471 1159 1576 1193 esse,

217 1207 328 1248 haud
359 1208 484 1261 paulo
516 1208 816 1263 mancipiorum
846 1208 994 1248 melius
1027 1214 1195 1262 propter
1221 1206 1386 1247 servilia
1410 1206 1578 1260 ingenia

173 1282 190 1311 9
217 1284 341 1322 quam
367 1269 543 1310 militum
568 1285 715 1324 genus.
773 1274 831 1310 ‘et
857 1269 1015 1309 utinam
1042 1268 1230 1309 subicere
1256 1269 1405 1308 vestris
1432 1268 1575 1316 oculis,

217 1331 392 1380 Achaei,
418 1347 586 1386 possem
601 1332 960 1373 concursationem
978 1330 1089 1384 regis
1108 1331 1250 1385 magni
1270 1346 1292 1371 a
1305 1330 1575 1371 Demetriade

217 1408 326 1434 nune
352 1394 546 1435 Lamiam
572 1395 615 1435 in
642 1395 862 1435 concilium
889 1394 1148 1442 Aetolorum,
1175 1408 1284 1433 nunc
1312 1392 1575 1441 Chalcidem3

153 1470 191 1498 10
217 1455 411 1497 videretis
433 1456 502 1496 vix
523 1457 698 1497 duarum
720 1457 827 1497 male
852 1456 1068 1510 plenarum
1094 1454 1422 1509 legiuncularum
1447 1455 1579 1495 instar

217 1517 257 1557 in
284 1518 431 1558 castris
458 1518 583 1572 regis,
610 1518 805 1558 videretis
826 1533 969 1572 regem
989 1532 1098 1557 nunc
1117 1517 1423 1557 mendicantem
1448 1531 1578 1571 prope

154 1595 187 1623 11
217 1580 472 1620 frumentum
499 1581 550 1621 ab
576 1580 753 1628 Aetolis,
782 1580 892 1633 quod
918 1579 1036 1619 militi
1064 1579 1325 1627 admetiatur,
1352 1592 1462 1618 nunc
1487 1593 1578 1618 mu-

217 1650 309 1682 tuas
330 1642 528 1697 pecunias
556 1642 725 1682 faenore
750 1642 792 1682 in
814 1641 1066 1696 stipendium
1089 1648 1370 1694 quaerentem,
1397 1655 1507 1681 nunc
1527 1641 1579 1681 ad

217 1713 357 1758 portas
392 1703 605 1745 Chalcidis
645 1711 824 1745 stantem
861 1712 902 1744 ct
938 1719 1035 1744 mox
1071 1702 1168 1744 inde
1206 1703 1440 1752 exclusum,
1477 1702 1579 1743 nihil

218 1766 329 1806 aliud
361 1781 485 1820 quam
518 1767 674 1808 Aulide
707 1774 829 1820 atque
861 1766 1020 1820 Euripo
1059 1766 1256 1819 spectatis
1294 1766 1336 1805 in
1367 1766 1576 1806 Aetoliam

216 1829 472 1871 redeuntem.
534 1830 641 1871 male
680 1829 943 1870 crediderunt
986 1836 1026 1869 et
1063 1828 1299 1869 Antiochus
1336 1828 1500 1869 Aetolis
1538 1836 1578 1869 et

155 1904 191 1934 12
218 1891 360 1932 Aetoli
396 1892 536 1947 regiae
574 1891 759 1932 vanitati.
821 1906 902 1944 quo
941 1891 1078 1931 minus
1118 1906 1192 1931 vos
1231 1890 1366 1945 decipi
1403 1890 1576 1939 debetis,

219 1953 292 1993 scd
323 1962 518 2009 expertae
549 1954 687 2009 potius
722 1961 1015 2008 spectataeque
1041 1953 1327 1994 Romanorum
1357 1952 1454 1992 fidei
1491 1966 1578 1993 cre-

154 2031 191 2059 13
218 2016 327 2057 dere.
377 2032 473 2057 nam
500 2017 612 2070 quod
637 2016 837 2071 optimum
865 2031 957 2056 esse
985 2015 1135 2064 dicant,
1162 2030 1246 2055 non
1271 2014 1476 2069 interponi
1503 2029 1576 2055 vos

217 2078 343 2127 hello,
382 2078 484 2119 nihil
509 2079 635 2119 immo
662 2087 745 2119 tam
773 2078 951 2119 alienum
978 2078 1102 2118 rebus
1129 2077 1278 2118 vestris
1305 2084 1386 2123 est,
1425 2076 1577 2131 quippe

219 2140 306 2180 sine
333 2141 479 2195 gratia,
508 2141 595 2182 sine
623 2139 822 2195 dignitate
848 2140 1078 2196 praemium
1104 2139 1271 2180 victoris
1299 2138 1439 2179 critis.'

178 2217 188 2244 ι
303 2203 355 2243 L.
398 2204 486 2244 Nec
512 2203 690 2244 absurde
717 2203 916 2244 adversus
943 2210 1139 2255 utrosque
1165 2202 1431 2256 respondisse
1462 2200 1576 2242 visus

219 2273 293 2313 cst,
320 2274 360 2307 et
386 2266 507 2307 facile
533 2274 622 2307 erat
640 2266 870 2306 orationem
895 2266 1006 2320 apud
1031 2264 1209 2306 faventis
1237 2264 1381 2317 aequis
1409 2263 1576 2304 auribus

174 2342 191 2368 2
220 2327 361 2381 accipi.
422 2329 536 2369 nulla
573 2328 682 2369 enim
725 2343 802 2370 nec
838 2328 1084 2383 disceptatio
1122 2342 1198 2368 nec
1241 2327 1443 2368 dubitatio
1487 2326 1576 2375 fuit,

219 2388 317 2440 quin
349 2404 490 2430 omnes
524 2391 694 2431 eosdem
725 2390 839 2445 genti
864 2390 1131 2431 Achaeorum
1164 2390 1305 2430 hostes
1338 2397 1377 2429 et
1407 2389 1576 2438 amieos,

220 2465 321 2501 quos
348 2453 523 2505 populus
570 2454 766 2493 {omanus
794 2453 1044 2501 censuisset,
1071 2452 1312 2499 iudicarent,
1340 2452 1577 2504 bellumque

175 2526 193 2554 3
221 2520 259 2552 ct
286 2513 494 2554 Antiocho
527 2524 563 2555 et
591 2516 753 2556 Aetolis
782 2515 961 2556 nuntiari
993 2516 1195 2556 iuberent.
1257 2515 1409 2555 auxilia
1440 2514 1575 2561 etiam,

221 2588 302 2627 quo
327 2576 484 2615 censuit
507 2577 741 2628 (Quinctius,
770 2578 1090 2631 quingentorum
1117 2577 1293 2617 militum
1317 2575 1575 2623 Chalcidem,

171 353 189 381 27!
