1799 2900
419 135 574 169 LIBER
597 134 823 177 XXXVIII,
851 134 903 167 17.
926 134 981 168 18.
1010 135 1058 177 [a.
1073 132 1223 177 c.189]·
1411 123 1492 164 331

143 250 235 282 tura
258 246 444 281 vertente
471 253 528 286 se,
555 237 792 292 degenerat.
829 237 1022 291 Phrygas
1047 237 1172 291 igitur
1199 235 1370 277 Gallicis
1398 250 1496 276 onc-

143 310 253 343 ratos
281 300 419 348 arinis,
446 299 552 340 sicut
577 299 618 339 in
643 298 730 339 acic
744 299 942 339 Antiochi
969 298 1187 346 cecidistis,
1215 298 1345 338 victos
1367 297 1497 338 victo-

143 379 208 404 res
236 361 430 402 caedetis.
479 360 613 414 magis
640 375 797 407 vereor,
824 375 875 401 ne
899 376 1045 414 parum
1070 360 1165 400 inde
1191 359 1346 413 gloriae
1373 373 1497 411 quam

144 440 195 465 ne
219 424 391 464 nimium
416 422 512 463 belli
539 423 603 462 sit.
654 422 822 462 Attalus
849 437 918 462 eos
945 437 1018 462 rex
1038 436 1161 475 saepe
1188 421 1295 461 fudit
1319 419 1499 475 fugavit-

146 501 238 539 que.
286 485 413 525 nolite
440 484 676 524 existimare
703 484 845 524 beluas
872 492 1031 524 tantum
1061 497 1206 524 recens
1234 491 1376 536 captas
1403 481 1499 522 feri-

145 556 272 588 tatem
301 547 414 587 illam
453 546 686 586 silvestrem
722 546 854 600 primo
892 561 1075 594 servare,
1115 545 1262 585 deinde
1300 558 1394 584 cum
1430 543 1499 583 diu

144 609 336 649 manibus
362 608 553 648 humanis
581 608 745 647 aluntur
769 608 1003 653 mitescere,
1030 607 1073 647 in
1099 606 1311 647 hominum
1336 605 1499 646 feritate

144 671 366 711 mulcenda
395 685 478 710 non
494 670 690 733 ‚eandem
721 678 912 710 naturam
945 684 1056 718 esse3
1081 693 1137 697 ——
1168 669 1391 709 eosdemne
1423 667 1498 707 hos

146 733 310 774 creditis
338 747 449 780 esse,
482 731 552 784 qui
581 740 720 786 patres
747 747 888 772 eorum
914 731 1061 784 avique
1092 730 1284 771 fuerunt?
1317 738 1500 770 extorres

146 795 285 849 inopia
322 809 516 848 agrorum
556 794 732 848 profecti
769 795 891 835 domo
928 809 1001 848 per
1038 794 1307 848 asperrimam
1343 791 1499 845 Illyrici

147 872 280 904 oram,
305 855 534 896 Paeoniam
563 856 659 896 inde
685 863 723 896 et
750 856 997 896 Thraeciam
1022 855 1247 910 pugnando
1274 868 1366 894 cum
1392 854 1501 893 fero-

148 918 324 959 cissimis
357 918 550 972 gentibus
583 917 760 966 emensi,
797 918 872 958 has
905 927 1033 957 terras
1061 927 1270 971 ceperunt.
1334 916 1501 954 duratos

148 996 219 1021 cos
258 989 318 1021 tot
353 980 472 1020 malis
511 988 861 1034 exasperatosque
894 980 1052 1034 accepit
1082 988 1208 1027 terra,
1247 993 1352 1031 quae
1385 977 1504 1032 copia

147 1057 284 1082 rerum
306 1042 487 1082 onmium
514 1042 734 1095 saginaret.
771 1041 978 1081 uberrimo
1000 1056 1113 1095 agro,
1139 1040 1357 1080 mitissimo
1376 1039 1503 1087 caelo,

149 1104 418 1145 clementibus
440 1103 678 1143 adcolarum
704 1103 881 1157 ingeniis
902 1103 1035 1143 omnis
1055 1103 1138 1149 illa,
1166 1117 1259 1142 cum
1281 1117 1361 1154 qua
1384 1116 1505 1141 vene-

148 1174 258 1213 rant,
291 1166 576 1205 mansuefacta
608 1175 671 1204 est
702 1165 858 1205 feritas.
919 1164 1036 1205 vobis
1068 1163 1321 1211 mehercule,
1354 1164 1504 1203 Martis

149 1227 266 1275 viris,
300 1227 485 1267 cavenda
516 1241 565 1266 ac
589 1226 788 1281 fugienda
820 1241 944 1279 quam
975 1226 1154 1281 primum
1188 1225 1415 1265 amoenitas
1443 1233 1506 1264 est

148 1290 297 1337 Asiae3
330 1296 489 1328 tantum
521 1288 598 1328 hae
623 1288 866 1343 peregrinae
893 1289 1125 1344 voluptates
1153 1288 1206 1328 ad
1239 1288 1507 1342 exstinguen-

150 1352 248 1391 dum
274 1351 460 1406 vigorem
492 1351 721 1391 animorum
752 1360 946 1405 possunt,
980 1359 1139 1391 tantum
1165 1350 1358 1405 contagio
1385 1349 1508 1390 disci-

149 1414 287 1468 plinae
323 1413 531 1465 morisque
568 1412 807 1453 adcolarum
843 1413 965 1454 valet.
1042 1413 1121 1453 hoc
1157 1420 1296 1453 tamen
1333 1411 1507 1452 feliciter

151 1475 306 1524 evenit,
349 1475 460 1527 quod
504 1474 609 1514 sicut
650 1474 729 1514 vini
767 1475 966 1515 adversus
1011 1489 1085 1515 vos
1123 1488 1405 1527 nequaquam,
1450 1473 1506 1513 ita

152 1537 307 1577 famam
333 1536 440 1590 apud
470 1535 654 1577 Graecos
685 1551 827 1590 parem
852 1537 911 1577 illi
944 1536 1136 1589 antiquae
1170 1536 1375 1583 obtinent,
1414 1549 1505 1575 cuin

152 1613 234 1651 qua
270 1606 491 1646 venerunt,
536 1597 713 1650 bellique
757 1598 932 1652 gloriam
976 1598 1152 1639 victores
1191 1598 1365 1638 eandem
1401 1597 1540 1637 inter·

154 1659 288 1700 socios
332 1659 535 1699 habebitis
578 1674 700 1712 quam
745 1660 779 1699 si
824 1660 1025 1701 servantis
1074 1660 1255 1700 anticum
1297 1658 1507 1713 specimen

153 1721 384 1761 animorum
412 1719 557 1761 Gallos
584 1721 816 1762 vicissetis.’

238 1781 411 1824 XVIII.
439 1781 644 1823 Contione
671 1783 843 1823 dimissa
868 1783 1090 1836 missisque
1117 1783 1168 1823 ad
1188 1784 1508 1837 Eposognatum

152 1844 314 1897 legatis,
341 1844 409 1896 qui
434 1859 541 1884 unus
568 1859 618 1884 ex
643 1845 796 1899 regulis
824 1853 863 1885 et
889 1845 931 1884 in
945 1845 1146 1885 Eumenis
1172 1852 1382 1885 manserat
1407 1843 1508 1884 aini-

153 1905 249 1946 citia
280 1913 319 1945 et
355 1914 580 1960 negaverat
610 1907 822 1947 Antiocho
859 1907 1059 1947 adversus
1091 1907 1304 1947 Romanos
1343 1905 1507 1951 auxilia,

153 1975 288 2008 castra
312 1968 453 2008 movit.
492 1967 624 2023 primo
651 1969 715 2008 die
742 1969 794 2008 ad
818 1969 1052 2009 Alandrum
1077 1969 1243 2016 flumen,
1269 1975 1436 2022 postero
1458 1967 1509 2006 ad

153 2029 290 2070 vicum
315 2044 437 2082 quem
463 2039 611 2071 vocant
626 2031 796 2084 Tyscon
823 2038 1003 2071 ventum.
1045 2046 1093 2072 eo
1118 2031 1246 2085 legati
1261 2029 1509 2071 Oroanden-

154 2091 260 2131 sium
292 2106 385 2132 cum
417 2092 630 2133 venissent
662 2093 883 2133 amicitiam
908 2102 1116 2147 petentes,
1151 2094 1329 2132 ducenta
1354 2091 1508 2131 talenta

154 2152 202 2191 iis
230 2162 327 2192 sunt
349 2153 551 2207 imperata
580 2155 929 2208 precantibusque
955 2165 999 2194 ut
1033 2155 1201 2195 domum
1226 2152 1510 2193 renuntiarent

153 2221 337 2267 potestas
363 2214 486 2255 facta.
547 2215 696 2255 ducere
729 2216 825 2256 inde
852 2216 1078 2256 exercitum
1104 2215 1249 2256 consul
1275 2215 1328 2254 ad
1350 2214 1509 2254 Pliten-

155 2276 266 2324 dum,
294 2276 442 2317 deinde
468 2277 520 2316 ad
544 2276 740 2330 Alyattos
767 2288 902 2318 castra
927 2277 1076 2331 posita.
1114 2292 1162 2317 eo
1187 2276 1303 2316 missi
1325 2276 1377 2316 ad
1394 2276 1510 2329 Epo-

156 2345 376 2391 sognatum
396 2338 619 2387 redierunt,
635 2349 676 2378 et
696 2338 823 2392 legati
842 2339 974 2393 reguli
996 2346 1174 2387 orantes,
1194 2353 1246 2378 ne
1261 2337 1508 2391 Tectosagis

154 2400 308 2440 bellum
332 2400 524 2441 inferret:
551 2401 688 2455 ipsum
712 2401 755 2440 in
779 2415 870 2440 eam
896 2409 1064 2455 gentem
1089 2401 1241 2441 iturum
1259 2401 1510 2454 Eposogna-

1525 373 1564 400 14

1527 435 1565 463 15

1528 677 1566 707 16

1532 925 1568 954 17

1534 1172 1572 1201 18

1534 1421 1573 1450 19

1535 2042 1552 2071 10

155 2468 241 2500 tum
266 2476 656 2515 persuasurumque,
681 2469 727 2501 ut
750 2461 952 2516 imperata
978 2462 1144 2502 faciant.
1184 2462 1280 2502 data.
1301 2461 1421 2501 venia
1445 2475 1510 2501 re-
1533 2473 1553 2501 4

154 2522 265 2576 gulo,
291 2523 383 2563 duci
404 2524 500 2564 inde
521 2523 724 2564 exercitus
752 2538 825 2578 per
843 2524 1013 2577 Axylon
1040 2538 1162 2577 quam
1183 2530 1331 2563 vocant
1358 2530 1508 2563 terram

155 2591 338 2639 coeptus.
399 2586 452 2625 ab
476 2601 519 2626 re
545 2600 693 2626 nomen
720 2585 863 2626 habet:
889 2600 971 2626 non
996 2585 1099 2640 ligni
1124 2585 1247 2626 modo
1273 2584 1505 2637 quicquain,
