1799 2900
221 108 304 150 280
493 118 646 153 LIBER
672 119 876 163 XXXVII,
902 121 955 154 24.
976 120 1027 154 ⁴25.
1059 124 1106 165 [a.
1121 133 1154 155 u.
1171 133 1200 156 c.
1215 121 1300 162 501]

177 236 193 264 7
220 221 425 275 capessite
469 222 625 262 oculis?
699 236 995 265 consurrexere
1039 240 1180 267 omncs
1225 227 1573 282 contemplatique

219 283 536 338 trepidationem
563 284 789 339 fugamque
816 285 1014 335 hostium,
1041 303 1168 343 prope
1195 304 1277 329 una
1302 304 1402 330 voce
1429 305 1572 332 omnes

172 358 192 389 8
217 352 261 385 ut.
305 354 574 399 sequerentur
617 347 966 389 exclamaverunt.
1038 350 1167 404 ipsius
1210 352 1390 392 Eudami
1432 353 1572 393 multis

217 407 366 447 ictibus
393 408 608 449 vulnerata
632 409 750 449 navis
777 417 882 459 erat,
908 410 1214 465 Pamphilidam
1246 422 1285 454 et
1301 414 1573 455 Chariclitum

173 484 190 513 9
217 469 391 523 insequi,
420 471 556 523 quoad
581 478 775 526 putarent
800 479 946 521 tutum,
973 473 1105 515 iussit.
1166 475 1417 528 aliquamdiu
1444 477 1573 517 secuti

218 538 332 581 sunt3
370 541 591 587 postquam
627 540 760 575 terrae
793 535 1151 590 adpropinquabat
1184 538 1417 587 Hannibal,
1456 539 1573 579 veriti

216 608 267 633 ne
293 594 602 636 includerentur
627 603 751 637 vento
776 596 818 637 in
843 597 1025 638 hostium
1052 613 1140 647 ora,
1168 599 1221 639 ad
1246 600 1485 640 Eudamum
1509 615 1573 641 re-

217 657 324 699 vecti
360 657 574 712 hepterem
605 666 788 714 captam,
827 674 930 713 quae
963 660 1095 715 primo
1127 675 1330 702 concursu
1361 663 1441 703 icta
1472 671 1572 712 erat,

152 732 190 762 10
217 733 340 773 aegre
365 719 637 761 Phaselidem
670 729 973 777 pertraxerunt.
1034 723 1128 763 inde
1153 723 1350 764 Rhodum
1381 740 1464 765 non
1489 734 1574 765 tam

216 781 387 822 victoria
422 782 519 824 laeti
557 798 680 837 quam
718 784 820 825 alius
853 785 980 824 alium
1013 794 1275 834 accusantes,
1315 786 1442 839 quod,
1481 801 1571 827 cum

215 843 438 897 potuisset,
471 860 555 885 non
580 846 714 887 omnis
742 847 959 887 submersa
985 855 1053 887 aut
1076 855 1195 902 capta
1221 848 1367 889 classis
1393 848 1573 889 hostium

153 923 186 952 11
216 905 334 956 foret,
361 907 584 948 redierunt.
628 909 842 949 Hannibal
868 909 1001 949 victus
1028 924 1109 949 uno
1135 909 1292 963 proelio
1320 910 1495 951 adverso
1521 926 1573 951 ne

215 976 301 1008 tum
327 969 493 1022 quidem
526 971 786 1025 praetervehi
811 971 989 1025 Lyciam
1022 971 1219 1021 audebat,
1254 987 1346 1012 cum
1379 973 1573 1028 coniungi

150 1046 188 1075 12
216 1032 344 1072 veteri
380 1033 519 1088 regiae
552 1034 676 1075 classi
709 1049 832 1087 quam
870 1035 1048 1088 primum
1082 1043 1268 1089 cuperet3
1308 1044 1348 1076 et
1379 1051 1430 1077 ne
1462 1036 1505 1076 id
1537 1036 1574 1077 ei

214 1093 350 1135 facere
376 1095 550 1136 liberum
577 1105 706 1145 esset,
734 1096 874 1137 Rhodi
901 1095 1174 1138 Chariclitum
1200 1112 1294 1137 cum
1326 1098 1473 1152 viginti
1499 1113 1572 1139 na-

215 1155 334 1196 vibus
365 1158 553 1198 rostratis
586 1158 639 1198 ad
662 1158 818 1199 Patara
850 1166 889 1199 et
914 1158 1129 1213 Blegistcn
1160 1167 1324 1213 portum
1355 1160 1570 1201 miserunt.

152 1234 189 1262 13
215 1217 452 1258 Eudamum
479 1233 571 1259 cum
599 1228 758 1274 septem
783 1221 958 1261 navibus
980 1221 1171 1261 maximis
1193 1236 1243 1261 ex
1265 1236 1313 1261 ea
1332 1222 1479 1271 classe,
1507 1223 1571 1262 cui

214 1280 462 1334 praefuerat,
492 1281 665 1322 Samum
684 1282 817 1322 redire
833 1283 885 1322 ad
898 1283 1111 1323 Romanos
1133 1284 1354 1332 iusserunt,
1382 1292 1426 1324 ut
1441 1299 1571 1337 quan-

213 1350 301 1381 tum
338 1343 528 1392 consilio,
568 1352 766 1397 quantum
811 1344 1053 1385 auctoritate
1092 1345 1266 1395 valeret,
1304 1347 1569 1401 compelleret

212 1404 426 1445 Romanos
454 1406 503 1445 ad
530 1406 683 1446 Patara
711 1407 1003 1461 obpugnanda.

173 1482 185 1509 1
300 1466 449 1509 XXV.
500 1468 703 1522 Blagnam
730 1469 931 1509 Romanis
962 1468 1161 1509 laetitiam
1187 1470 1269 1509 iam
1301 1471 1414 1524 prius
1442 1471 1571 1512 victo-

168 1544 186 1573 ‘2
214 1528 296 1568 rIae
322 1529 509 1577 nuntius,
545 1530 693 1570 deinde
720 1530 923 1570 adventus
951 1531 1097 1570 adtulit
1120 1531 1400 1581 Rl10di0rum3
1434 1540 1472 1573 et
1499 1535 1571 1574 ad-

211 1593 403 1645 parebat,
443 1593 477 1632 si
506 1593 668 1633 Rhodis
702 1608 750 1633 ea
784 1607 882 1633 cura
914 1593 1082 1647 dempta
1115 1594 1282 1641 fuisset,
1321 1610 1473 1636 vacuos
1499 1611 1570 1637 eos

213 1660 301 1693 tuta
327 1653 413 1694 eius
440 1654 622 1709 regionis
650 1655 779 1695 maria
803 1662 1103 1710 praestaturos.
1153 1657 1227 1696 sed
1252 1657 1454 1711 profectio
1479 1659 1571 1699 An-

212 1716 337 1757 tiochi
370 1718 420 1757 ab
455 1716 677 1765 Sardibus,
715 1733 766 1758 ne
798 1718 1129 1772 obprimerentur
1164 1720 1394 1761 maritimae
1432 1722 1569 1770 urbes,

168 1792 186 1821 3
213 1779 438 1820 abscedere
464 1780 651 1820 custodia
666 1780 807 1821 Ioniae
834 1791 957 1833 atque
972 1781 1164 1822 Aeolidis
1190 1782 1412 1836 prohibuit.
1444 1783 1571 1823 Pam-

210 1841 410 1895 philidam
448 1856 541 1882 cum
579 1850 772 1896 quattuor
809 1843 986 1884 navibus
1025 1843 1144 1883 tectis
1184 1844 1236 1884 ad
1268 1859 1360 1884 eam
1392 1845 1568 1886 classem

165 1915 185 1943 4
211 1917 314 1956 quae
346 1903 454 1944 circa
478 1904 632 1945 Patara
665 1913 752 1945 erat
783 1905 997 1945 miserunt.
1056 1905 1291 1946 Antiochus
1318 1921 1401 1946 non
1427 1907 1570 1946 civita-

211 1965 313 2005 tium
339 1966 480 2015 modo,
520 1981 625 2019 quae
651 1966 759 2007 circa
793 1982 836 2007 se
869 1974 1005 2015 erant,
1045 1967 1315 2008 contrahebat
1348 1968 1567 2022 praesidia,

212 2028 285 2067 sed
311 2028 362 2068 ad
382 2028 577 2069 Prusiam
596 2029 821 2083 Bithyniae
841 2044 984 2083 regem
1009 2029 1170 2083 legatos
1197 2030 1367 2070 miserat
1390 2030 1568 2070 litteras-

210 2104 302 2142 que,
329 2091 478 2143 quibus
504 2091 724 2131 transitum
756 2092 798 2131 in
822 2092 973 2132 Asiam
997 2091 1283 2132 Romanorum
1308 2092 1568 2146 increpabat:

166 2165 184 2193 5
210 2151 349 2192 venire
382 2167 452 2193 eos
487 2153 539 2193 ad
565 2153 703 2193 omnia
732 2168 863 2208 regna
894 2153 1094 2202 tollenda,
1127 2161 1173 2194 ut
1202 2154 1360 2194 nullum
1392 2169 1568 2207 usquam

165 2227 182 2255 6
210 2214 320 2254 orbis
349 2222 548 2256 terrarum
573 2215 899 2256 nisiRomanun]
927 2215 1146 2270 imperium
1172 2224 1295 2257 esset.
1327 2216 1568 2272 Philippum

209 2284 249 2316 ct
272 2276 424 2317 Nabim
451 2284 724 2332 expugnatos,
754 2293 797 2318 se
824 2278 989 2318 tertium
1014 2278 1111 2332 peti.
1160 2285 1205 2318 ut
1231 2278 1405 2331 quisque
1431 2279 1568 2333 proxi-

209 2352 300 2377 mus
323 2339 374 2379 ab
395 2340 595 2394 obpresso
617 2340 681 2388 sit,
707 2355 781 2394 per
801 2340 934 2380 omnis
956 2340 1069 2380 velut.
1090 2340 1305 2381 continens
1332 2340 1567 2381 incendium

166 2413 182 2441 7
210 2414 493 2452 pervasurum.
555 2402 606 2442 ab
639 2417 682 2441 se
714 2402 890 2456 gradum
920 2402 964 2442 in
987 2401 1231 2456 Bithyniam
1262 2402 1370 2451 fore,
1404 2402 1568 2456 quando

166 2472 185 2502 S
212 2461 420 2503 Eumenes
465 2463 505 2502 in
544 2463 818 2504 voluntariam
860 2464 1100 2505 servitutem
1140 2464 1430 2505 concessisset.
1503 2464 1566 2504 his

209 2530 364 2562 motum
400 2524 593 2565 Prusiam
631 2525 789 2566 litterae
829 2523 1035 2580 Scipionis
1075 2526 1274 2575 consulis,
1321 2526 1394 2567 sed
1431 2525 1565 2579 magis

217 2582 351 2623 fratris
385 2585 471 2625 eius
505 2586 711 2636 Africani,
751 2588 800 2627 ab
835 2587 1061 2642 suspitione
1094 2589 1163 2628 tali
1200 2595 1456 2636 averterunt3
1495 2586 1563 2640 qui
