1799 2900
505 198 659 232 LIBER
683 199 833 242 XXXI,
858 200 912 233 41.
933 198 987 233 42.
1016 201 1064 242 [a.
1081 198 1118 233 C.
1134 199 1215 243 200]
1487 189 1541 230 37

182 303 325 344 iubere
351 317 465 343 arma
497 316 662 357 capere,
702 301 803 343 alios
837 303 1042 344 dimittere
1069 303 1122 344 ad
1151 303 1430 353 revocandos,
1469 302 1539 356 qui

182 365 310 421 palati
341 379 414 420 per
445 379 568 419 agros
599 364 926 419 praedabantur:
964 373 1161 419 tantaque
1199 366 1417 421 trepidatio
1449 365 1540 415 fuit,

183 435 229 468 ut
261 427 350 468 sine
382 427 531 481 gladiis
564 426 730 479 quidam
758 427 943 480 equitum
969 428 1147 477 exirent,
1180 428 1329 469 loricas
1355 427 1540 483 plerique

183 505 267 530 non
291 489 521 529 induerent.
553 488 611 528 ita
635 489 785 543 raptim
811 490 961 539 educti,
989 504 1081 530 cum
1108 498 1391 531 sescentorum
1417 505 1540 544 aegre
1570 504 1608 533 13

185 551 308 593 simul
339 550 497 604 equites
535 551 779 605 peditesque
812 567 1030 592 numerum
1061 553 1319 607 explessent,
1356 552 1543 592 incidunt

183 613 227 654 in
250 612 412 668 regium
439 613 679 666 equitatum,
706 629 890 662 numero,
919 614 1043 655 armis
1071 614 1303 667 animisque
1329 622 1543 668 praestan-

185 683 282 716 tem.
342 675 481 728 itaque
517 675 651 729 primo
688 675 831 730 inpetu
868 676 952 716 fusi
984 676 1051 716 vix
1088 683 1288 731 temptato
1320 675 1542 716 certamine
1573 689 1612 718 14

187 737 296 793 turpi
328 737 430 792 fuga
460 745 653 792 repetunt
684 745 832 779 castra.
894 738 1004 779 caesi
1030 738 1221 793 captique
1247 752 1351 791 quos
1384 738 1542 791 equites

186 801 238 841 ab
265 799 430 853 agmine
456 799 705 854 fugientium
729 800 1010 840 interclusere.

270 861 525 902 XXXXH.
573 862 795 917 Philippus
822 862 904 903 iam
930 862 1014 903 suis
1041 861 1149 903 vallo
1176 860 1545 916 adpropinquanti-
1574 877 1587 905 1

187 926 264 966 bus
295 925 480 979 receptui
512 925 603 965 cani
632 925 770 973 iussit,
808 925 1005 979 fatigatos
1039 925 1148 966 enim
1185 939 1314 977 equos
1352 924 1545 976 virosque

187 1002 271 1027 non
307 994 390 1026 tam
426 986 582 1040 proelio
614 1001 737 1038 quam
768 986 925 1027 itineris
959 987 1081 1027 simul
1112 985 1390 1040 longitudine,
1425 985 1546 1026 simul

187 1064 465 1104 praepropera
490 1049 698 1089 celeritate
725 1049 919 1089 habebat.
968 1048 1107 1100 itaque
1134 1048 1346 1087 turmatim
1372 1047 1545 1100 equites,

187 1112 229 1151 in
256 1112 387 1151 vicem
412 1111 645 1164 manipulos
671 1110 775 1150 levis
798 1117 1029 1150 armaturae
1056 1117 1253 1162 aquatum
1279 1109 1337 1149 ire
1360 1116 1401 1149 et
1425 1124 1548 1162 pran-

189 1174 285 1214 dere
322 1173 453 1221 iubet,
492 1172 594 1213 alios
632 1172 674 1211 in
712 1172 888 1212 statione
926 1179 1107 1212 armatos
1138 1171 1286 1211 retinet
1325 1170 1545 1225 opperiens
1574 1185 1591 1213 3

189 1249 337 1289 agmen
363 1234 549 1288 peditum
574 1234 730 1273 tardius
753 1234 922 1274 ductum
947 1240 1116 1288 propter
1141 1232 1388 1287 gravitatem
1415 1247 1548 1273 armo-

187 1313 292 1338 rum.
353 1297 464 1350 quod
488 1296 558 1337 ubi
585 1296 771 1346 advenit,
810 1305 850 1338 et
874 1296 976 1351 ipsis
1008 1296 1277 1350 imperatum,
1313 1302 1359 1335 ut
1384 1294 1548 1335 statutis
1575 1310 1595 1338 4

190 1358 319 1414 signis
359 1358 565 1412 armisque
603 1366 698 1399 ante
732 1373 776 1399 se
813 1358 960 1413 positis
999 1358 1149 1413 raptim
1187 1357 1324 1398 cibum
1356 1364 1551 1412 caperent

188 1421 296 1461 binis
323 1421 504 1462 ternisve
531 1436 740 1461 summum
767 1436 817 1462 ex
843 1421 1064 1476 manipulis
1092 1420 1272 1473 aquandi
1300 1434 1426 1460 causa
1452 1419 1551 1459 mis-

191 1484 266 1533 sis3
298 1483 462 1523 interim
488 1498 613 1536 eques
642 1498 735 1523 cum
760 1483 842 1524 levi
873 1490 1082 1523 armatura
1106 1490 1274 1537 paratus
1301 1481 1548 1521 instructus-

191 1559 270 1598 que
297 1546 426 1594 stetit,
460 1546 495 1585 si
526 1545 625 1598 quid
656 1545 787 1586 hostis
819 1553 1017 1586 moveret.
1078 1545 1221 1585 Aetoli
1244 1568 1301 1572 —
1324 1544 1408 1584 iam
1440 1543 1550 1584 enim
1577 1558 1594 1586 5

192 1615 233 1647 et
258 1621 362 1659 quae
392 1622 466 1661 per
498 1622 620 1661 agros
648 1622 794 1662 sparsa
824 1607 1043 1648 multitudo
1070 1607 1204 1648 fuerat
1236 1614 1480 1660 receperant
1506 1620 1550 1645 sc

192 1669 234 1709 in
260 1677 395 1709 castra
415 1693 470 1698 —-
487 1676 532 1708 ut
557 1669 769 1709 defensuri
795 1671 1052 1710 munimenta
1078 1669 1186 1709 circa
1210 1677 1351 1723 portas
1378 1668 1552 1708 vallum-

194 1746 272 1784 que
305 1739 483 1771 armatos
511 1731 754 1785 disponunt,
788 1732 886 1771 dum
918 1732 1079 1784 quietos
1111 1731 1253 1772 hostes
1280 1730 1359 1785 ipsi
1391 1730 1551 1770 feroces

194 1808 245 1833 ex
277 1801 364 1833 tuto
398 1794 654 1847 spectabant.
714 1801 937 1847 postquam
974 1801 1087 1833 mota
1118 1793 1237 1846 signa
1268 1792 1551 1832 Macedonum
1580 1805 1597 1834 6

196 1863 291 1895 sunt
312 1863 353 1895 et
373 1855 594 1895 succedere
619 1855 671 1895 ad
692 1855 846 1895 vallum
866 1855 999 1910 parati
1019 1862 1141 1908 atque
1161 1854 1350 1894 instructi
1365 1868 1551 1908 coepere,

194 1925 365 1971 repente
403 1932 546 1958 omnes
584 1918 737 1958 relictis
777 1918 1025 1959 stationibus
1062 1932 1136 1972 per
1172 1931 1363 1957 aversam
1392 1926 1552 1970 partem

196 1988 426 2020 castrorum
448 1979 500 2019 ad
527 1979 743 2028 tumulum,
771 1980 823 2020 ad
844 1987 980 2020 castra
993 1979 1279 2019 Athamanum
1298 1977 1552 2032 perfugiunt.

194 2042 313 2082 multi
339 2042 381 2082 in
407 2042 484 2082 hac
511 2056 674 2095 quoque
700 2050 784 2082 tam
809 2043 970 2097 trepida
995 2043 1096 2096 fuga
1117 2041 1226 2096 capti
1246 2041 1438 2093 caesique
1459 2047 1554 2081 sunt

195 2104 454 2145 Aetolorum.
514 2103 756 2158 Philippus,
785 2104 819 2145 si
846 2104 945 2145 satis
973 2104 1053 2144 diei
1080 2110 1335 2158 superesset,
1368 2117 1452 2143 non
1478 2102 1553 2142 du-
1580 2115 1595 2143 7

196 2166 307 2215 hius,
346 2167 444 2220 quin
475 2166 737 2207 Athamanes
776 2182 939 2220 quoquc
984 2166 1079 2207 exui
1123 2165 1268 2206 castris
1306 2164 1553 2219 potuissent,

197 2228 262 2268 die
293 2242 366 2282 per
396 2228 616 2282 proelium,
650 2228 799 2269 deinde
831 2244 904 2283 per
930 2228 1202 2282 direptionem
1228 2233 1457 2267 castrorum
1484 2226 1556 2267 ab-

198 2296 364 2344 sumpto
399 2291 474 2330 sub
506 2290 665 2331 tumulo
698 2290 740 2330 in
771 2290 960 2345 proxima
996 2289 1166 2344 planitie
1199 2288 1387 2330 consedit
1422 2287 1555 2342 prima

196 2352 287 2392 luce
324 2351 579 2405 insequentis
618 2352 699 2393 diei
742 2352 905 2393 hostem
943 2352 1231 2406 adgressurus.
1303 2351 1378 2392 sed
1413 2350 1555 2392 Aetoli
1580 2362 1600 2391 8

198 2413 343 2453 eodem
370 2429 536 2467 pavore,
564 2428 644 2466 quo
672 2429 747 2454 sua
773 2422 907 2454 castra
931 2414 1195 2467 reliquerant,
1221 2420 1342 2454 nocte
1367 2412 1556 2467 proxima

199 2475 375 2529 dispersi
406 2475 614 2529 fugerunt.
675 2475 856 2515 maximo
894 2475 988 2515 usui
1029 2475 1106 2515 fuit
1143 2475 1436 2528 Amynander,
1474 2488 1555 2528 quo

199 2537 302 2578 (luce
339 2538 598 2578 Athamanes
636 2538 829 2578 itinerum
867 2537 987 2592 periti
1025 2537 1196 2578 summis
1235 2537 1444 2578 montibus
1481 2552 1555 2592 per

200 2599 324 2640 calles
356 2599 520 2654 ignotas
548 2600 816 2653 sequentibus
842 2615 913 2640 eos
940 2599 1128 2640 hostibus
1160 2599 1203 2639 iu
1227 2599 1438 2640 Aetoliam
1462 2614 1557 2653 per-

201 2661 419 2702 duxerunt.
468 2677 552 2704 non
571 2662 628 2703 ita
647 2661 799 2703 multos
820 2661 863 2702 in
889 2662 1077 2716 dispersa
1096 2661 1197 2717 fuga
1215 2676 1327 2702 error
1351 2660 1488 2702 intulit
1511 2662 1554 2703 in
1576 2673 1595 2703 9

1573 1062 1591 1091 N>
