1799 2900
281 882 295 909 *1

279 1104 297 1133 (a

280 1500 293 1526 1

280 1610 297 1638 2

277 1775 293 1788 O

278 1890 296 1918 4

279 2004 297 2031 5

279 2226 296 2256 6

280 2339 296 2366 7

280 2449 298 2478 S

325 141 408 182 472
518 150 668 182 LIBER
693 149 860 193 xxxx,
886 149 1007 184 5s.59.
1036 152 1256 193 [a.u.c.571:>
1282 164 1313 187 a.
1330 152 1367 187 c.
1383 153 1475 197 1711]

324 261 488 292 starnae
515 251 685 299 vellent,
723 251 833 304 quali
866 260 1113 306 tempestate
1145 253 1288 295 Gallos
1322 257 1544 310 spoliantes
1570 257 1671 298 Del-

323 308 427 362 phos
460 308 571 347 fama
602 315 665 347 est
696 316 931 362 peremptos
964 324 1074 356 esse,
1114 309 1205 350 talis
1238 319 1322 351 tum
1347 314 1575 353 Bastarnas
1601 328 1671 354 nc-

323 363 517 415 quiquam
557 364 609 403 ad
649 363 748 416 iuga
790 364 990 404 montium
1034 365 1409 419 adpropinquantes
1452 369 1669 423 obpressit.

325 433 456 471 neque
483 419 591 459 enim
617 419 747 460 imbre
773 428 932 460 tantum
964 422 1116 468 effuso,
1155 422 1249 461 dein
1280 424 1525 465 creberrima
1550 440 1671 479 gran-

323 475 417 514 dine
443 475 579 515 obruti
606 485 700 516 sunt
732 490 823 515 cum
855 476 1012 530 ingenti
1043 476 1206 529 fragore
1239 479 1339 518 caeli
1371 480 1671 534 tonitribusque

324 539 363 570 et
388 531 621 585 fulguribus
651 532 1048 586 praestringentibus
1076 533 1206 573 aciem
1231 534 1457 583 oculorum,
1495 537 1569 579 sed
1594 538 1672 577 ful—

323 587 433 627 mina
459 587 581 627 etiam
609 588 667 627 sic
692 589 872 640 undique
899 589 1119 637 micabant,
1146 598 1189 628 ut
1215 590 1299 643 peti
1324 590 1559 631 viderentur
1584 607 1671 633 cor-

322 658 439 696 pora.
466 658 543 683 nec
569 644 702 683 solum
723 645 887 692 milites,
911 645 983 685 sed
1009 645 1131 684 etiam
1153 645 1357 700 principes
1378 646 1447 686 icti
1467 647 1671 688 caderent.

323 700 459 751 itaque
486 714 577 740 011111
603 701 816 754 praecipiti
847 701 948 755 fuga
978 716 1051 755 per
1080 716 1204 754 rupes
1236 702 1439 755 praealtas
1470 702 1673 757 inprovidi

323 762 604 795 sternerentur
624 764 884 809 ruerentque,
910 757 1119 796 instabant
1140 757 1305 810 quidem
1327 758 1525 812 perculsis
1540 759 1673 800 Thra-

323 826 409 859 ces,
449 812 523 852 sed
555 812 634 866 ipsi
665 813 764 853 deos
798 822 984 853 auctores
1017 814 1141 866 fugae
1174 829 1265 854 esse
1297 815 1537 867 caelumque
1562 815 1604 855 in
1629 831 1672 856 se

323 882 441 907 ruere
469 868 645 909 aiebant.
707 869 895 923 dissipati
926 869 1108 923 procella
1138 884 1231 909 cum
1263 879 1472 923 tamquam
1497 886 1548 911 ex
1573 887 1673 912 nau—

322 924 455 977 fragio
480 924 665 978 plerique
693 940 916 965 semermes
943 925 984 965 in
1011 933 1163 974 castra,
1200 927 1309 966 unde
1341 927 1513 981 profecti
1545 936 1671 976 erant,

323 980 547 1028 redissent,
586 981 810 1021 consultari
847 982 946 1034 quid
983 991 1154 1036 agerent
1192 990 1395 1036 coeptum.
1455 983 1548 1023 inde
1586 992 1674 1024 orta

324 1036 546 1083 dissensio,
585 1037 673 1077 aliis
711 1038 986 1086 redeundum,
1025 1038 1113 1078 aliis
1152 1039 1450 1092 penetrandum
1487 1039 1529 1079 in
1564 1039 1673 1080 Dar-

324 1092 489 1132 daniam
509 1094 786 1134 censentibus.
824 1094 993 1147 triginta
1012 1094 1141 1135 ferme
1161 1095 1272 1135 milia
1294 1095 1519 1145 hominum,
1547 1094 1674 1136 Clon-

323 1148 414 1188 dico
440 1149 561 1198 duce,
591 1148 708 1204 [quo]
737 1150 912 1204 profecti
938 1159 1052 1191 erant
1078 1160 1373 1204 pervenerunt3
1411 1159 1546 1192 cetera
1570 1151 1674 1191 mul-

323 1205 453 1245 titudo
485 1213 612 1251 retro,
651 1221 730 1257 qua
762 1215 949 1253 venerat,
987 1206 1238 1258 aquiloniam
1267 1208 1479 1260 regionem
1512 1207 1671 1262 repetit.

322 1260 502 1300 Perseus
529 1262 682 1315 potitus
708 1276 837 1314 regno
862 1262 1035 1301 interfici
1059 1262 1320 1315 Antigonum
1345 1263 1482 1311 iussit3
1510 1272 1551 1303 et
1575 1263 1672 1303 dum

322 1316 501 1356 firmaret
527 1332 612 1365 res,
649 1317 808 1371 legatos
834 1318 1012 1357 Romam
1044 1317 1094 1356 ad
1127 1318 1346 1358 amicitiam
1372 1326 1584 1372 paternam
1610 1334 1673 1359 re-

322 1373 558 1412 novandam
588 1373 911 1427 petendumque.
951 1380 995 1412 ut
1025 1388 1098 1413 rex
1131 1374 1181 1413 ab
1214 1382 1359 1414 senatu
1385 1374 1672 1428 adpellaretur,

321 1428 445 1468 misit.
496 1428 597 1468 haee
623 1444 670 1469 eo
697 1444 803 1469 anno
830 1429 870 1468 in
894 1428 1146 1469 Macedonia
1171 1437 1300 1481 gesta.

407 1485 596 1525 LVHH.
655 1485 776 1524 Alter
813 1485 1027 1525 consulum
1066 1485 1117 1535 Q.
1148 1485 1320 1525 Fulvius
1358 1500 1408 1525 ex
1444 1486 1672 1539 Liguribus

323 1539 609 1593 triumphavit,
637 1554 759 1592 quem
786 1540 1038 1594 triumphum
1064 1541 1197 1595 magis
1219 1541 1375 1594 gratiae
1396 1555 1518 1594 quam
1538 1556 1673 1582 rerum

324 1602 535 1648 gestarum
561 1596 836 1649 magnitudini
862 1596 1003 1636 datum
1029 1597 1258 1637 constabat.
1314 1611 1520 1637 armorum
1547 1597 1674 1638 hosti-

323 1652 423 1690 lium
448 1666 643 1705 magnam
670 1652 752 1691 vim
771 1652 998 1699 transtulit,
1025 1653 1180 1693 nullam
1200 1653 1418 1707 pecuniam
1439 1653 1672 1694 admodum.

323 1707 463 1747 divisit
488 1717 627 1748 tamen
658 1708 700 1747 in
733 1708 918 1761 singulos
951 1708 1101 1749 milites
1124 1717 1310 1750 trecenos
1348 1709 1472 1757 aeris,
1522 1709 1674 1764 duplex

277 1789 294 1803 ι»
325 1764 652 1811 centurionibus,
679 1764 828 1818 triplex
853 1765 991 1816 equiti.
1041 1764 1142 1804 nihil
1167 1765 1208 1805 in
1234 1780 1281 1805 eo
1308 1765 1514 1820 triumpho
1540 1765 1673 1820 magis

324 1820 486 1873 insigne
512 1820 589 1860 suit
614 1835 737 1872 quam
763 1821 874 1872 quod
899 1821 1004 1861 forte
1031 1821 1179 1869 evcnit,
1206 1831 1250 1861 ut
1275 1822 1419 1862 eodem
1446 1821 1511 1862 die
1532 1821 1674 1861 trium-

322 1876 480 1930 pharet,
496 1891 576 1928 quo
595 1877 729 1931 priore
750 1892 856 1916 anno
877 1891 929 1916 ex
947 1886 1140 1931 praetura
1153 1877 1490 1932 triumphaverat.
1529 1892 1674 1918 secun—

322 1932 420 1971 dum
457 1933 711 1986 triumphum
747 1932 912 1973 comitia
948 1933 1094 1981 edixit,
1132 1933 1280 1986 quibus
1320 1933 1446 1974 creati
1483 1933 1673 1974 consules

323 1988 384 2028 M.
412 1988 555 2028 Iunius
588 1990 763 2035 Brutus,
800 1990 855 2029 A.
887 1989 1072 2029 BIanlius
1106 1989 1252 2031 Vulso.
1312 1998 1547 2043 praetorum
1577 1989 1673 2029 inde

323 2044 451 2084 tribus
479 2045 625 2085 creatis
652 2045 818 2085 coniitia
842 2052 1067 2099 tempestas
1094 2045 1267 2086 diremit.
1327 2054 1493 2099 postero
1520 2045 1585 2085 die
1610 2060 1674 2085 re-

322 2100 421 2153 liqui
447 2108 527 2140 tres
555 2101 670 2150 faeti,
699 2109 792 2141 ante
818 2101 927 2141 diem
954 2108 1144 2153 quartum
1169 2102 1260 2141 idus
1286 2101 1481 2149 BIarfflas,
1512 2102 1575 2141 M.
1601 2101 1674 2141 Ti-

322 2156 445 2196 tinius
474 2156 658 2205 Curvus,
698 2158 762 2197 Ti.
797 2156 997 2197 Claudius
1029 2158 1157 2206 Nero,
1196 2158 1245 2198 T.
1277 2158 1476 2198 Fonteius
1510 2156 1672 2211 Capito.

323 2212 407 2252 ludi
420 2213 600 2253 Romani
625 2214 839 2254 instaurati
865 2214 917 2254 ab
943 2214 1142 2254 aedilibus
1170 2215 1378 2255 curulibus
1402 2212 1479 2254 Cn.
1498 2212 1673 2254 Servilio

325 2268 554 2322 Caepione,
591 2271 675 2323 Ap.
708 2269 884 2310 Claudio
917 2269 1106 2310 Centone
1142 2278 1310 2324 propter
1347 2269 1534 2324 prodigia
1570 2284 1674 2323 quac

324 2333 558 2365 evenerant.
620 2334 728 2366 terra
753 2326 899 2374 movit3
942 2326 983 2366 in
1015 2326 1114 2367 foris
1140 2327 1335 2380 publicis,
1374 2326 1444 2367 ubi
1475 2325 1674 2366 lectister-

324 2380 435 2419 nium
462 2390 565 2429 erat,
605 2382 774 2422 deorum
802 2382 935 2436 capita
961 2397 1064 2435 quae
1090 2383 1133 2422 in
1157 2383 1273 2423 lectis
1300 2391 1414 2423 erant
1441 2389 1674 2422 averterunt

326 2451 387 2483 se,
414 2437 592 2489 lanxque
619 2452 711 2477 eum
736 2438 1030 2493 integumentis
1058 2453 1162 2491 quae
1176 2439 1267 2479 Iovi
1294 2438 1482 2493 adposita
1502 2437 1579 2478 fuit
1604 2437 1674 2478 de-

325 2492 419 2531 cidit
447 2493 495 2532 de
523 2508 678 2534 mensa.
718 2495 828 2535 oleas
857 2509 1018 2547 quoque
1043 2503 1337 2549 praegustasse
1363 2509 1500 2535 mures
1520 2494 1562 2533 in
1581 2508 1674 2548 pro-

326 2547 481 2599 digium
508 2564 673 2589 versum
699 2561 773 2590 est.
836 2552 888 2590 ad
914 2565 962 2590 ea
987 2550 1193 2605 expianda
1222 2551 1320 2590 nihil
1354 2551 1459 2591 ultra
1483 2564 1605 2602 quam
1630 2558 1671 2588 ut

326 2602 411 2641 ludi
436 2603 762 2646 instaurarentur
788 2614 925 2646 actum
952 2614 1026 2646 est.
