1799 2900
267 185 293 225 2
584 191 738 226 LIBER
764 191 912 234 XXXI,
941 191 1016 225 Le.
1045 192 1283 235 [a.u.e.553]

266 312 358 338 eum
384 297 424 336 in
451 303 630 336 mentem
656 294 769 334 venit
794 294 866 334 tris
893 302 933 335 et
959 295 1177 348 sexaginta
1203 310 1333 335 annos
1352 319 1407 323 -—
1428 302 1486 335 tot
1512 294 1620 335 enim

266 369 360 400 sunt
399 374 421 398 a
458 357 590 412 primo
626 357 787 397 Punico
824 356 878 396 ad
915 358 1142 397 secundum
1179 357 1333 397 bellum
1370 357 1530 397 finitum
1567 381 1621 385 -—

226 438 239 464 1
266 436 395 473 aeque
422 419 552 459 multa
575 418 784 459 volumina
803 433 1031 473 occupasse
1057 419 1157 459 mihi
1184 433 1307 472 quam
1329 418 1622 473 occupaverint

265 481 556 536 quadringenti
583 481 793 534 octoginta
819 489 978 535 septem
1004 482 1100 522 anni
1120 498 1143 522 a
1165 482 1330 522 condita
1351 482 1451 522 urbe
1472 481 1524 521 ad
1536 482 1620 536 Ap.

265 543 491 585 Claudium
509 542 723 583 consulem
745 543 813 595 qui
834 543 1012 597 primum
1031 544 1185 584 bellum
1202 542 1620 598 Carthaginiensibus

220 623 238 650 ζ,
265 605 421 653 111111111,
466 605 549 645 13111
586 604 786 659 provideo
823 604 978 653 31111110,
1022 606 1137 646 velut
1172 606 1242 658 qui
1277 605 1476 660 proximis
1514 605 1621 646 litori

263 668 380 707 vadis
414 667 571 707 inducti
601 681 714 707 mare
745 667 921 721 pedibus
955 667 1258 721 ingrediuntur,
1297 668 1497 721 quidquid
1527 683 1623 722 pro-

264 729 442 784 gredior,
470 729 511 769 in
537 728 760 769 vastiorem
786 744 851 770 me
875 729 1133 770 altitudinem
1159 744 1206 770 ac
1232 730 1344 770 velut
1368 730 1619 784 profundum

264 791 403 831 invehi
436 801 475 831 et
508 805 693 832 crescere
719 806 850 846 paene
876 807 1001 846 opus,
1028 792 1139 844 quod
1164 791 1296 846 prima
1317 806 1504 844 quaeque
1529 807 1622 846 per-

262 854 440 895 ficiendo
467 853 595 893 minui
620 853 850 894 videbatur.

221 933 238 961 (3
349 917 506 957 Pacem
533 915 737 956 Punicam
767 915 923 956 bellum
947 915 1271 956 BIacedonieum
1303 914 1483 970 excepit,
1515 915 1623 970 peri-

266 979 358 1019 culo
390 978 713 1031 haudquaquam
752 977 1078 1032 comparandum
1116 984 1186 1017 aut
1223 978 1373 1018 virtute
1405 977 1520 1017 ducis
1553 985 1621 1017 aut

221 1059 236 1086 7
266 1041 441 1081 militum
476 1041 644 1089 robore,
684 1039 869 1080 clarita-te
899 1055 1046 1094 regum
1079 1039 1340 1093 antiquorum
1375 1048 1622 1092 vetustaque

264 1104 376 1143 sama
401 1102 536 1157 gentis
563 1111 604 1143 et
628 1102 912 1157 magnitudine
938 1102 1119 1157 imperii,
1151 1116 1232 1155 quo
1258 1102 1388 1142 multa
1414 1102 1623 1155 quondam

264 1166 474 1219 Europae,
500 1165 699 1205 maiorem
719 1172 880 1219 partem
894 1164 1023 1205 Asiae
1045 1164 1308 1205 obtinuerant
1329 1164 1467 1212 armis,
1493 1178 1622 1219 prope

220 1237 238 1267 8
264 1227 457 1268 nobilius.
519 1234 700 1267 ceterum
736 1235 929 1280 coeptum
966 1227 1121 1267 bellum
1157 1226 1356 1266 adversus
1381 1226 1623 1280 Philippum

265 1290 408 1330 decem
447 1289 577 1329 ferme
615 1297 708 1329 ante
746 1288 863 1329 annis
901 1289 1076 1330 triennio
1107 1289 1220 1344 prius
1254 1288 1488 1342 depositum
1521 1297 1620 1332 erat,

221 1364 238 1392 9
267 1366 361 1392 011111
385 1350 528 1391 Aetoli
560 1360 600 1391 et
624 1350 720 1391 belli
747 1359 786 1391 et
816 1350 930 1405 pacis
963 1350 1141 1391 fuissent
1172 1365 1310 1391 causa.
1371 1364 1526 1390 vacuos
1552 1350 1622 1391 (10-

264 1414 360 1454 111110
386 1428 488 1468 pace
507 1413 668 1453 Punica
693 1413 774 1453 iam
794 1414 1007 1454 Romanos
1035 1422 1074 1453 et
1100 1413 1286 1453 infensos
1306 1412 1502 1467 Philippo
1528 1426 1621 1452 cum

265 1478 318 1519 ob
350 1477 521 1517 infidam
554 1477 752 1517 adversus
786 1477 960 1517 Aetolos
994 1476 1178 1529 aliosque
1215 1475 1397 1529 regionis
1436 1475 1622 1515 eiusdem

201 1549 240 1579 10
267 1540 401 1581 socios
427 1554 586 1594 pacem,
614 1547 701 1578 tum
727 1539 779 1579 ob
806 1538 958 1578 auxilia
984 1553 1076 1577 cum
1102 1537 1277 1592 pecunia
1296 1551 1426 1591 nuper
1450 1536 1492 1577 in
1507 1536 1622 1576 Afri-

265 1617 355 1643 cam
393 1603 522 1643 missa
558 1601 788 1641 Hannibali
823 1601 1061 1653 Poenisque
1103 1614 1247 1654 preces
1285 1599 1621 1647 Atheniensium,

265 1680 369 1718 quos
397 1679 496 1718 agro
527 1672 766 1718 pervastato
797 1662 839 1702 in
864 1663 1008 1703 urbem
1035 1662 1310 1716 compulerat,
1339 1661 1621 1702 excitaverunt

265 1727 318 1767 ad
343 1726 628 1767 renovandum
656 1725 822 1765 bellum.

223 1800 237 1828 1
349 1789 407 1829 H.
460 1787 549 1829 Sub
573 1788 686 1828 idem
710 1787 797 1828 fere
823 1796 985 1841 tempus
1013 1794 1053 1827 et
1078 1787 1130 1828 ab
1151 1786 1296 1827 Attalo
1322 1801 1420 1840 rege
1446 1794 1487 1827 et
1506 1785 1622 1826 Rho-

265 1852 342 1892 diis
374 1851 502 1906 legati
533 1858 735 1891 venerunt
765 1849 1027 1898 nuntiantes,
1065 1849 1196 1890 Asiae
1233 1863 1396 1902 quoque
1433 1849 1620 1889 civitates

266 1913 489 1955 sollicitari.
550 1912 615 1953 his
652 1912 930 1967 legationibus
968 1927 1217 1966 responsum
1254 1919 1336 1960 est,
1375 1925 1497 1952 curae
1529 1926 1621 1952 eam

264 1992 352 2017 rem
378 1975 540 2016 senatui
565 1975 672 2024 fore3
700 1975 948 2015 consultatio
971 1975 1020 2015 de
1034 1974 1310 2015 BIacedonico
1332 1974 1438 2014 bello
1458 1975 1619 2029 integra

221 2053 239 2082 3
267 2039 318 2079 ad
345 2038 551 2086 consules,
579 2037 647 2090 qui
674 2045 771 2077 tune
795 2037 837 2076 in
862 2036 1086 2091 provinciis
1113 2045 1241 2083 erant,
1268 2036 1421 2076 reiecta
1445 2044 1521 2076 est.
1559 2036 1621 2075 in-

264 2101 383 2142 terim
417 2101 469 2141 ad
500 2100 790 2141 Ptolemaeum
820 2099 1009 2154 Aegypti
1040 2113 1182 2153 regem
1213 2098 1339 2152 legati
1369 2106 1452 2139 tres
1489 2097 1619 2145 missi,

267 2165 316 2206 C.
339 2164 540 2206 Claudius
565 2165 690 2213 Nero,
716 2164 778 2204 M.
798 2162 1005 2203 Aemilius
1031 2161 1241 2216 Lepidus,
1267 2161 1317 2201 P.
1346 2160 1618 2215 Sempronius

264 2228 518 2276 Tuditanus,
552 2234 597 2267 ut
622 2227 859 2267 nuntiarent
885 2225 1038 2265 victum
1064 2224 1346 2264 Hannibalem
1371 2223 1621 2275 Poenosque

223 2302 240 2329 4
266 2298 303 2330 ct
331 2290 484 2344 gratias
507 2296 679 2344 agerent
697 2288 799 2343 regi,
826 2288 936 2341 quod
960 2287 1002 2327 in
1026 2287 1150 2328 rebus
1166 2286 1315 2333 dubiis,
1342 2300 1435 2325 cum
1460 2284 1621 2326 finitimi

267 2352 391 2391 etiam
428 2351 528 2391 socii
564 2351 779 2392 Romanos
817 2350 1073 2397 desererent,
1109 2348 1151 2388 in
1185 2348 1267 2388 fide
1304 2347 1544 2395 mansisset,
1582 2354 1619 2387 et

267 2422 466 2468 peterent,
492 2422 549 2463 ut,
577 2414 611 2454 si
638 2413 769 2454 coacti
793 2413 952 2453 iniuriis
979 2412 1134 2452 bellum
1159 2411 1358 2451 adversus
1379 2409 1621 2464 Philippum

269 2476 562 2529 suscepissent,
588 2475 808 2530 pristinum
835 2475 1017 2515 animum
1043 2489 1142 2528 erga
1166 2473 1365 2528 populum
1383 2472 1620 2513 Romanum

268 2546 544 2578 conservaret.

223 2613 241 2640 5
351 2599 514 2638 Eodem
539 2599 625 2639 fere
651 2607 836 2653 tempore
859 2599 910 2639 P.
937 2598 1085 2639 Aelius
1111 2597 1255 2638 consul
1280 2596 1322 2636 in
1349 2595 1499 2644 Gallia,
1526 2608 1619 2634 cum

268 2661 452 2701 audisset
472 2676 495 2700 a
508 2661 624 2701 Boiis
652 2670 745 2700 ante
767 2676 888 2701 suum
908 2661 1129 2701 adventum
1156 2659 1410 2699 incursiones
1437 2658 1478 2697 in
1497 2670 1620 2711 agros

220 1923 237 1952 [ξι
