1799 2900
536 115 688 150 LIBER
713 116 900 160 xxxvi,
929 117 957 150 1.
986 119 1035 160 [a.
1053 115 1188 159 e.191]
1460 105 1544 148 225

185 238 229 265 se
255 226 444 264 avertant
468 234 545 261 nec
565 219 614 260 iis
635 220 784 260 noxiae
806 220 990 260 futurum
1011 220 1077 269 sit,
1104 219 1228 273 quod,
1255 233 1348 259 cum
1361 219 1542 260 Romani

183 284 327 340 procul
366 283 581 330 abessent,
620 281 704 321 vim
741 290 855 322 tuam
890 281 1122 337 praesentis
1161 281 1449 335 exercitusque
1482 282 1541 321 tui

185 345 361 400 experiri
387 343 618 385 noluerint?
649 351 803 396 quanto
829 344 954 399 igitur
979 344 1091 399 prius
1118 344 1337 398 potiusque
1364 351 1428 384 est
1439 343 1541 384 Phi-

183 408 341 463 lippum
368 406 487 447 nobis
509 406 760 459 coniungere
781 421 903 459 quam
930 406 1030 447 hos?
1056 407 1134 455 cui,
1162 406 1196 446 si
1223 406 1351 447 semel
1376 406 1418 446 in
1444 420 1541 446 cau-

185 485 275 511 sam
311 468 585 517 descenderit,
623 468 726 508 nihil
763 468 912 523 integri
950 469 1134 509 futurum
1173 469 1244 517 sit,
1283 468 1433 522 quique
1471 483 1542 509 eas

185 531 292 572 vires
325 531 505 579 adferat,
544 545 649 583 quae
688 545 771 571 non
808 530 992 571 accessio
1024 537 1185 571 tantum
1222 531 1275 571 ad
1305 531 1543 571 Romanum

184 608 276 634 esse
304 593 476 641 bellum,
516 592 590 633 sed
620 607 694 647 per
720 607 764 633 se
795 592 910 646 ipsae
942 607 1074 647 nuper
1100 592 1303 633 sustinere
1335 592 1544 647 potuerint

183 655 411 696 Romanos.
473 654 552 695 1100
583 669 661 709 ego
694 653 887 695 adiuncto
919 678 975 683 —
1005 654 1114 695 absit
1145 655 1272 695 verbo
1308 654 1464 694 invidia
1488 678 1545 683 —

184 717 254 770 qui
291 717 480 757 dubitare
517 717 567 756 (10
605 724 755 756 eventu
792 717 971 770 possim,
1017 730 1110 756 cum
1148 716 1298 769 quibus
1344 717 1543 757 adversus

183 779 423 834 Philippum
447 778 648 819 valuerint
665 778 858 827 Romani,
885 778 948 819 his
969 793 1078 818 nunc
1104 779 1192 819 fore
1214 778 1377 819 videam
1396 786 1441 818 ut
1465 778 1545 833 ipsi

184 841 490 896 obpugnentur.
550 840 711 887 Aetoli,
739 841 809 893 qui
834 840 1096 895 Philippum,
1130 841 1240 893 quod
1265 840 1371 881 inter
1396 855 1541 881 omnes

185 910 359 952 constat,
387 902 586 950 vicerunt,
609 917 701 942 cum
715 902 911 957 Philippo
933 903 1133 943 adversus
1148 903 1361 943 Romanos
1382 918 1544 957 pugna-

185 966 298 1006 bunt.
359 966 635 1019 Amynander
665 972 788 1017 atque
814 965 1099 1004 Athamanum
1125 980 1251 1018 gens,
1278 979 1453 1017 quorum
1480 980 1545 1005 00-

185 1029 365 1068 cundum
384 1028 559 1068 Aetolos
586 1027 763 1080 plurima
789 1026 865 1066 fuit
886 1041 1012 1080 opera
1036 1026 1077 1065 in
1103 1041 1151 1066 eo
1177 1026 1300 1074 bello,
1327 1027 1543 1067 nobiscum

185 1091 364 1131 stabunt.
424 1089 644 1142 Philippus
672 1096 758 1128 tum
792 1095 830 1128 te
857 1088 996 1140 quieto
1028 1094 1155 1128 totam
1188 1088 1339 1128 molem
1367 1088 1545 1128 sustine-

184 1153 253 1193 bat
294 1151 410 1200 belli3
454 1164 563 1190 1111110
601 1150 683 1191 (1110
726 1150 895 1190 maximi
939 1165 1059 1204 reges
1098 1150 1228 1190 Asiae
1266 1151 1543 1204 Europaeque

183 1213 339 1254 viribus
367 1213 567 1254 adversus
595 1228 722 1253 unum
748 1212 966 1267 populum,
993 1220 1038 1252 111
1062 1227 1197 1252 meam
1219 1220 1436 1265 utramque
1462 1213 1546 1252 for-

184 1283 326 1315 tunam
352 1283 524 1323 taceam,
550 1284 716 1329 patrum
743 1285 852 1315 certe
879 1283 1013 1315 aetate
1040 1289 1090 1314 ne
1117 1276 1187 1314 uni
1214 1274 1381 1327 quidem
1395 1274 1547 1328 Epiro-

184 1345 318 1378 tarum
354 1338 443 1391 regi
480 1352 623 1392 parem
660 1361 715 1366 —
752 1337 820 1390 qui
857 1337 957 1390 quid
994 1337 1161 1377 tandem
1199 1344 1285 1377 crat
1329 1336 1544 1377 vobiscum

184 1400 473 1454 comparatus?
513 1425 565 1428 —
604 1399 757 1454 geretis
794 1399 964 1440 bellum.
1036 1413 1141 1451 quae
1179 1398 1304 1453 igitur
1340 1413 1406 1439 res
1444 1398 1544 1438 mihi

184 1462 378 1502 fiduciam
404 1462 595 1516 praebet,
628 1461 823 1516 coniungi
855 1461 974 1502 nobis
1000 1461 1243 1516 Philippum
1275 1461 1424 1515 posse?
1462 1476 1545 1501 una

187 1524 416 1565 communis
454 1524 630 1572 utilitas,
676 1538 780 1577 quae
819 1523 1027 1564 societatis
1065 1523 1293 1563 maximum
1332 1522 1543 1563 vinculum

187 1594 268 1635 est,
296 1586 423 1627 altera
450 1595 639 1627 auctores
666 1602 740 1627 vos
767 1586 922 1627 Aetoli.
983 1594 1121 1627 vester
1146 1586 1256 1627 enim
1289 1586 1451 1640 legatus
1479 1585 1544 1625 hic

187 1649 328 1689 Thoas
355 1649 461 1689 inter
487 1657 624 1690 cetera
651 1663 755 1702 quae
782 1649 834 1689 ad
865 1649 1110 1689 exciendum
1136 1648 1178 1688 in
1205 1647 1427 1689 Graeciam
1453 1648 1544 1687 An-

187 1711 368 1752 tiochum
396 1711 531 1751 dicere
558 1718 619 1751 est
646 1710 813 1759 solitus,
841 1718 935 1750 ante
961 1710 1100 1750 onmia
1126 1709 1203 1750 hoc
1230 1725 1394 1764 semper
1420 1709 1542 1749 adfir-

188 1773 331 1821 mavit,
358 1773 536 1813 fremere
560 1772 803 1827 Philippum
829 1780 867 1813 et
894 1787 1017 1825 aegre
1044 1771 1128 1827 pati
1156 1772 1232 1812 sub
1260 1771 1396 1826 specie
1429 1771 1542 1825 pacis

185 1835 301 1889 leges
330 1835 540 1876 servitutis
568 1835 646 1875 sibi
671 1835 887 1889 inpositas.
949 1834 1015 1874 ille
1048 1834 1215 1887 quidem
1247 1834 1359 1873 ferae
1386 1833 1544 1874 bestiae

186 1898 348 1939 vinctae
381 1906 451 1938 aut
484 1898 649 1938 clausae
681 1906 720 1938 et
750 1897 979 1952 refringere
1010 1897 1191 1937 claustra
1221 1896 1402 1951 cupienti
1434 1896 1544 1951 regis

185 1959 290 2000 iram
315 1960 452 2000 verbis
486 1960 705 2013 aequabat.
767 1959 882 1999 cuius
915 1959 950 1999 si
982 1959 1074 1999 talis
1107 1959 1269 1999 animus
1296 1965 1377 2006 001,
1411 1958 1546 1999 solva-

185 2037 278 2063 mus
299 2037 374 2063 nos
397 2022 483 2063 eius
505 2023 669 2062 vincula
689 2030 729 2062 01
749 2022 928 2062 claustra
949 2021 1240 2075 resi-ingaunis,
1267 2030 1311 2060 ut
1330 2035 1545 2074 erumpere

187 2084 257 2124 diu
283 2084 504 2125 coercitam
530 2084 634 2125 iram
658 2084 700 2124 in
726 2084 868 2125 hostes
895 2098 1136 2124 comumnes
1167 2082 1313 2138 possit.
1375 2082 1485 2135 quod
1512 2081 1545 2122 si

188 2146 289 2186 nihil
314 2161 408 2186 eum
433 2146 587 2201 legatio
617 2153 761 2187 nostra
786 2146 978 2195 moverit,
1005 2153 1047 2186 at
1073 2161 1170 2193 nos,
1203 2144 1399 2198 quoniam
1424 2144 1545 2184 nobis

188 2223 283 2249 eum
319 2208 545 2263 adiungere
582 2224 666 2249 non
702 2224 944 2263 possumus,
982 2224 1033 2248 ne
1071 2208 1260 2249 hostibus
1292 2207 1445 2248 nostris
1477 2207 1545 2247 ille

189 2271 357 2325 adiungi
383 2271 517 2325 possit
547 2286 783 2312 caveamus,
847 2270 1048 2311 Seleucus
1080 2271 1188 2311 filius
1222 2278 1316 2311 tuus
1349 2270 1546 2324 Lysima-

189 2332 305 2373 chiae
343 2340 423 2381 est3
461 2332 529 2385 qui
567 2332 601 2372 si
638 2348 686 2373 eo
724 2332 926 2380 exercitu,
965 2347 1086 2385 quem
1119 2347 1259 2373 00011111
1291 2332 1435 2381 habet,
1472 2347 1546 2386 per

189 2393 411 2434 Thraciam
437 2394 625 2448 proxima
640 2394 914 2434 Macedoniae
936 2394 1117 2448 coeperit
1143 2394 1397 2449 depopulari,
1424 2393 1544 2434 facile

189 2457 241 2497 ab
267 2455 419 2496 auxilio
446 2456 617 2496 ferendo
630 2456 831 2497 Romanis
846 2456 1089 2511 Philippum
1109 2456 1162 2496 ad
1189 2471 1263 2496 sua
1282 2455 1545 2510 potissimum

189 2518 344 2560 tuenda
370 2524 540 2558 avertet.
579 2518 629 2558 de
654 2518 851 2572 Philippo
877 2533 1013 2558 meam
1038 2519 1286 2559 sententiam
1313 2518 1454 2558 habes.
1493 2517 1544 2557 de

188 2580 346 2621 ratione
377 2579 560 2621 universi
596 2580 693 2620 belli
730 2580 828 2633 quid
861 2579 1074 2628 sentirem,
1113 2580 1194 2621 iam
1232 2581 1284 2621 ab
1315 2579 1431 2621 initio
1463 2595 1545 2620 11011

261 2647 321 2673 Livi
337 2648 390 2673 rol.
406 2646 453 2672 m.
1284 2645 1326 2679 15

1574 1099 1613 1127 10

1575 1410 1609 1438 ll

1575 1846 1612 1873 13

1574 2094 1615 2122 14

1574 2281 1613 2309 15

1574 2528 1611 2558 16
