1799 2900
195 495 212 524 Ν)

190 1427 206 1454 κ1

165 1983 204 2013 10

165 2295 198 2323 11

247 122 326 162 188
540 129 691 163 LIBER
715 129 878 172 xxxv,
905 130 958 163 15.
983 130 1032 164 16.
1061 133 1107 174 [a.
1124 142 1158 165 u.
1174 143 1202 165 c.
1219 132 1300 175 5151]

244 248 288 274 sc
315 248 419 286 quae
451 248 525 287 pro
551 246 678 273 causa
703 241 842 273 essent
869 234 1092 285 dicturum,
1123 236 1348 291 persuasit,
1381 246 1425 277 ut
1450 253 1473 278 a
1497 239 1599 279 Pcr-

243 311 366 349 gamo
394 303 703 335 accerserentur
727 295 865 349 legati.

327 357 451 398 XVI.
502 357 592 396 Iam
618 357 882 398 convaluerat
900 357 1129 414 Sulpicius3
1156 361 1294 414 itaque
1321 364 1442 402 ambo
1456 363 1599 418 Ephe-

241 434 332 458 sum
359 428 572 459 venerunt.
632 434 705 459 rex
732 435 755 459 a
778 419 996 462 Eiinnione
1023 434 1259 472 excusatus,
1286 434 1325 465 ct
1352 425 1522 465 absente
1549 442 1596 466 co

240 480 307 534 agi
332 496 397 521 res
425 490 571 535 coepta
598 490 672 522 est.
733 482 789 522 ibi
814 493 1060 538 praeparata
1085 486 1268 526 oratione
1294 486 1457 528 Minnio
1485 494 1597 543 ‘spe-

238 544 350 584 cioso
377 545 511 585 titulo'
544 545 676 598 inquit
707 546 785 585 ‘uti
812 561 904 595 vos,
931 547 1128 596 Romani,
1164 549 1420 590 Graecarum
1454 551 1597 591 civita-

238 606 339 646 tium
371 606 677 647 liberandarum
710 608 849 655 video;
890 609 964 649 sed
996 610 1106 650 facta
1139 619 1277 651 vestra
1308 612 1483 652 orationi
1515 628 1597 653 non

238 669 508 718 conveniunt,
548 677 586 710 et
621 670 732 710 aliud
760 671 972 711 Antiocho
1010 672 1109 711 iuris
1144 673 1367 722 statuistis,
1406 674 1485 715 alio
1518 675 1597 730 ipsi

236 731 409 772 utimini.
495 732 564 786 qui
613 733 722 773 enim
776 733 909 787 magis
961 732 1182 788 Smyrnaei
1230 734 1595 790 Lampsaceniquc

237 792 388 833 Graeci
420 805 516 834 sunt
547 810 670 847 quam
695 795 958 849 Neapolitani
990 804 1028 836 et
1055 796 1208 850 Regini
1239 804 1283 836 et
1308 796 1541 847 Tarentini,
1575 815 1595 839 a

236 856 383 908 quibus
418 856 689 911 stipendium,
730 873 753 897 a
779 858 927 910 quibus
961 873 1089 898 naves
1122 873 1174 898 cx
1205 858 1372 899 foedere
1405 859 1596 914 exigitis?

237 931 307 957 eur
331 916 563 971 Syracusas
592 927 713 972 atque
739 920 781 959 in
807 919 908 960 alias
934 918 1100 960 Siciliae
1117 919 1302 961 Graecas
1328 921 1452 962 urbes
1478 937 1597 976 prac-

236 986 367 1020 torem
393 981 612 1033 quotannis
647 996 739 1022 cum
766 982 939 1036 imperio
965 990 1006 1022 et
1036 982 1164 1037 virgis
1191 991 1232 1023 et
1258 984 1475 1025 securibus
1502 985 1596 1024 mit-

235 1041 347 1082 titis?
384 1043 485 1082 nihil
525 1043 637 1083 aliud
667 1045 853 1098 profecto
887 1044 1033 1084 dicatis
1066 1059 1189 1097 quam
1227 1046 1594 1100 a1·1nis·su1·›cratis

234 1118 308 1143 vos
335 1104 383 1144 iis
410 1104 484 1145 has
510 1105 625 1159 leges
652 1105 901 1159 inposuisse.
964 1106 1138 1147 eandem
1166 1107 1216 1147 de
1244 1105 1437 1161 Smyrna,
1464 1108 1595 1148 Lam-

235 1180 363 1220 psaco
396 1167 713 1220 civitatibusque
747 1183 850 1221 quae
882 1169 1024 1209 Ioniae
1051 1179 1119 1209 aut
1146 1170 1336 1211 Aeolidis
1370 1179 1463 1211 sunt
1498 1186 1594 1212 eau-

235 1243 324 1267 sam
349 1228 400 1268 ab
416 1229 627 1270 Antiocho
654 1230 840 1284 accipite.
878 1231 988 1271 bello
1016 1240 1231 1285 superatas
1258 1247 1282 1272 a
1307 1232 1532 1273 maioribus
1555 1242 1594 1274 ct

235 1290 524 1345 stipendiarias
552 1306 600 1332 ac
626 1292 852 1347 vectigales
880 1294 1011 1334 factas
1039 1293 1078 1333 in
1106 1294 1322 1346 antiquum
1348 1294 1410 1335 ius
1431 1297 1592 1350 repetit.

233 1351 371 1404 itaque
405 1353 457 1392 ad
489 1353 591 1393 haec
624 1354 660 1394 ei
692 1355 935 1409 responderi
970 1355 1112 1403 velim,
1147 1356 1180 1395 si
1213 1372 1264 1396 ex
1297 1372 1426 1410 aequo
1460 1358 1594 1398 ‹lisce-

233 1422 372 1467 ptatur
408 1423 447 1455 et
485 1431 568 1455 non
604 1416 701 1456 belli
739 1430 865 1457 eausa
906 1417 1142 1469 quaeritur.’
1205 1419 1257 1457 ad
1294 1434 1343 1458 ca
1381 1418 1592 1473 Sulpicius

235 1476 352 1515 ‘fecit
388 1477 639 1518 verecunde'
688 1478 821 1531 inquit
870 1479 1142 1528 ‘Antiochus,
1190 1481 1276 1533 qui,
1323 1481 1358 1520 si
1395 1481 1474 1522 alia
1517 1497 1591 1536 pro

233 1551 358 1577 causa
394 1538 481 1578 eius
525 1554 608 1580 non
645 1549 762 1580 erant
805 1555 910 1593 quae
948 1541 1200 1590 dicerentur,
1246 1542 1470 1594 quemlibet
1513 1543 1593 1584 ista

233 1614 355 1652 quam
382 1615 426 1640 se
453 1600 588 1641 dicere
614 1602 770 1642 maluit.
809 1603 907 1655 quid
928 1603 1036 1643 enim
1060 1603 1193 1644 simile
1219 1603 1344 1644 habet
1365 1605 1590 1646 civitatium

232 1675 372 1701 carum
399 1676 501 1714 quas
529 1664 780 1718 comparasti
806 1666 957 1704 causa?
985 1666 1035 1705 ab
1050 1665 1225 1719 Reginis
1247 1674 1286 1706 et
1306 1667 1590 1721 Neapolitanis

231 1729 271 1762 ct
302 1722 538 1764 Tarentinis
578 1740 630 1765 ex
667 1740 748 1778 quo
787 1726 829 1766 in
865 1735 1051 1767 nostram
1088 1736 1289 1769 venerunt
1326 1737 1590 1783 potestatem,

229 1799 311 1824 nno
338 1793 376 1825 ct
403 1795 602 1841 perpetuo
628 1795 769 1828 tenore
796 1788 908 1837 iuris,
936 1804 1099 1844 semper
1124 1798 1336 1844 usurpato,
1364 1806 1590 1845 numquam

230 1846 483 1897 intermisso,
522 1864 626 1902 quae
660 1865 711 1890 cx
749 1851 916 1891 foedere
950 1852 1103 1892 debent
1135 1852 1354 1906 exigimus.
1414 1861 1589 1907 potesne

229 1909 398 1949 tandem
430 1910 584 1961 dicere,
623 1920 668 1952 ut
699 1913 727 1952 ii
758 1913 901 1967 populi
927 1929 1009 1954 non
1040 1929 1114 1968 per
1146 1929 1209 1961 se,
1248 1930 1330 1955 non
1355 1930 1431 1969 per
1464 1916 1588 1956 alium

229 1986 479 2025 quemquam
521 1974 669 2015 foedus
708 1983 990 2025 imitaverunt,
1036 1976 1095 2015 sic
1130 1976 1260 2016 Asiae
1299 1976 1505 2027 civitates,
1544 1987 1587 2018 ut

229 2034 358 2074 semel
385 2035 571 2076 venerint
604 2037 645 2076 in
677 2038 880 2078 maiorum
905 2038 1105 2078 Antiochi
1130 2045 1397 2092 potestatem,
1429 2040 1471 2079 in
1496 2055 1588 2094 pei·-

228 2104 353 2150 petua
390 2099 658 2151 possessione
699 2101 818 2154 regni
856 2101 981 2141 vestri
1018 2101 1244 2149 mansisse,
1290 2109 1330 2141 et
1366 2117 1449 2142 non
1487 2102 1587 2144 alias

229 2173 370 2199 carum
406 2160 448 2200 in
478 2161 680 2216 Philippi,
719 2162 820 2203 alias
858 2163 899 2202 in
930 2163 1162 2203 Ptolemaei
1199 2163 1328 2204 fuisse
1365 2172 1585 2219 potestate,

229 2220 329 2261 alias
356 2237 428 2275 per
460 2223 609 2264 multos
638 2237 767 2264 annos
801 2225 913 2265 nullo
940 2225 1177 2279 ambigente
1209 2225 1442 2267 libertatem
1468 2242 1587 2268 usur-

230 2284 379 2335 passe?
438 2299 535 2324 nam
572 2285 626 2334 si,
671 2286 782 2338 quod
826 2287 1047 2339 aliquando
1086 2287 1317 2327 servierunt
1353 2296 1584 2343 temporum

229 2343 442 2396 iniquitate
473 2347 626 2400 pressi,
661 2347 725 2388 ius
757 2356 851 2403 post
889 2356 949 2389 tot.
987 2349 1152 2389 saecula
1184 2349 1403 2390 adserendi
1441 2366 1511 2391 cos
1544 2350 1584 2390 in

187 2424 192 2429 ·
231 2405 469 2447 servitutem
496 2408 636 2457 faciet,
669 2410 766 2462 quid
792 2411 928 2459 abest,
963 2411 1061 2463 quin
1093 2419 1230 2451 actum
1255 2412 1374 2452 nobis
1400 2412 1500 2452 nihil
1534 2413 1584 2453 sit

230 2468 340 2518 quod
372 2484 393 2508 a
423 2470 618 2526 Philippo
650 2472 917 2513 liberavimus
951 2472 1193 2522 Graeciam,
1233 2481 1273 2514 et
1298 2482 1485 2528 repetant
1511 2489 1585 2529 po-

231 2529 328 2568 steri
355 2531 441 2571 cius
469 2532 729 2584 Corinthum,
759 2535 1018 2585 Chalcidem,
1045 2536 1359 2577 Demetriadem
1385 2544 1425 2576 et
1450 2536 1582 2576 Thes-

167 2601 205 2632 13
232 2590 411 2631 saiorum
438 2600 563 2634 totam
590 2599 782 2649 gentem?
822 2598 896 2638 scd
928 2598 1027 2651 quid
1059 2613 1137 2652 ego
1163 2612 1331 2638 causam
1357 2597 1581 2638 civitatium
