1799 2900
241 181 296 223 38
520 189 674 223 LIBER
699 188 852 233 xxxi,
877 189 1034 224 42—44.
1065 192 1112 234 [a.
1129 202 1162 224 u.
1179 202 1210 225 c.
1227 191 1309 234 554]

238 296 519 338 Macedonum
540 293 713 347 equites,
742 306 846 346 quos
867 292 999 348 prima
1024 293 1113 335 luce
1133 294 1367 349 Philippus,
1395 302 1438 335 ut
1457 295 1598 336 deser-

239 368 326 401 tum
352 357 553 399 tumulum
580 356 710 404 videt,
738 356 790 396 ad
816 357 1066 410 carpendum
1089 357 1270 398 hostium
1296 374 1446 412 agmen
1472 358 1595 399 misit.

198 438 211 466 1
323 419 603 461 XXXXHL
639 418 724 459 Per
743 433 815 459 eos
835 419 923 459 dies
944 426 984 460 et
1003 420 1297 474 Athenagoras
1319 421 1457 476 regius
1478 436 1598 476 prac-

239 484 373 524 fectus
405 481 629 522 Dardanos
661 480 908 535 recipientes
942 496 986 522 se
1011 481 1053 521 in
1084 482 1177 522 finis
1204 483 1398 537 adeptus,
1436 490 1597 537 postre-

194 560 212 589 2
239 560 351 586 mum
376 559 528 598 agmen
553 544 756 592 turbavit3
784 544 896 593 dein,
923 552 1145 599 postquam
1169 546 1360 586 Dardani
1385 546 1597 587 conversis

239 606 369 661 signis
403 606 589 646 direxere
622 605 772 654 aciem,
812 620 944 658 aequa
979 621 1121 661 pugna
1156 606 1265 648 iusto
1302 608 1459 662 proelio
1497 615 1596 649 erat.

240 669 311 710 ubi
343 683 486 709 rursus
518 668 744 723 procedere
769 668 959 708 Dardani
990 669 1245 723 coepissent,
1279 669 1414 722 equite
1447 677 1487 711 et
1516 670 1599 711 leri

239 739 447 772 armatura
476 730 580 785 regii
612 730 771 770 nullum
809 730 935 771 auxili
971 746 1103 785 genus
1142 731 1343 771 habentes
1374 731 1598 773 Dardanos

238 800 515 846 oneratosque
557 791 825 833 inmobilibus
863 792 987 833 armis
1034 793 1262 841 vexabant3
1306 801 1347 833 et
1381 793 1474 835 loca
1508 795 1601 849 ipsa

192 870 211 899 3
240 855 506 895 adiuvabant.
539 854 665 895 occisi
691 855 888 908 perpauci
910 863 1018 903 sunt,
1044 855 1183 909 plures
1213 855 1427 904 vulnerati,
1455 863 1598 910 captus

238 932 373 965 nemo,
401 917 498 970 quia
522 932 607 957 non
632 916 838 957 excedunt
865 923 1019 958 temere
1040 917 1254 958 ordinibus
1282 917 1381 966 suis,
1409 918 1483 958 sed
1503 932 1600 958 con-

239 979 377 1020 fertim
403 988 442 1020 et
468 986 656 1034 pugnant
682 986 722 1019 et
748 979 912 1020 cedunt.

194 1056 213 1084 4
324 1042 390 1082 Ita
416 1042 567 1082 damna
591 1041 784 1082 Romano
815 1048 987 1096 accepta
1018 1041 1127 1082 bello
1153 1041 1313 1082 duabus
1346 1057 1420 1096 per
1450 1057 1601 1097 oppor-

241 1111 362 1144 tunas
390 1103 676 1157 expeditiones
699 1103 888 1143 coercitis
914 1104 1109 1158 gentibus
1129 1104 1367 1145 restituerat
1380 1104 1600 1159 Philippus

238 1165 405 1219 incepto
430 1164 540 1213 forti,
566 1180 650 1205 non
674 1180 875 1219 prospero
903 1166 1037 1206 solum
1063 1174 1228 1207 eventu.
1278 1165 1427 1207 minuit
1452 1166 1600 1207 deinde

196 1241 214 1270 5
241 1227 278 1267 ei
303 1227 408 1268 forte
436 1227 575 1267 oblata
598 1242 664 1267 res
692 1227 872 1268 hostium
889 1228 1136 1268 Aetolorum
1160 1243 1390 1269 numerum.
1425 1228 1599 1283 Scopas,

239 1288 432 1343 princeps
458 1289 594 1343 gentis
622 1290 674 1329 ab
700 1290 967 1330 Alexandrea
999 1305 1152 1344 magno
1183 1304 1278 1330 eum
1302 1290 1486 1344 pondere
1512 1291 1600 1331 auri

241 1352 292 1392 ab
318 1365 416 1405 rege
430 1351 673 1392 Ptolemaeo
700 1351 867 1399 missus,
895 1366 968 1392 sex
993 1352 1106 1392 milia
1130 1352 1317 1407 peditum
1339 1360 1379 1394 et
1399 1353 1601 1408 quingen-

197 1426 214 1455 6
241 1421 304 1454 tos
333 1412 492 1466 equites
519 1413 709 1454 mercede
737 1414 962 1454 conductos
990 1414 1235 1468 Aegyptum
1262 1415 1386 1455 vexit.
1447 1429 1523 1455 nec
1549 1430 1600 1455 ex

240 1475 452 1516 iuventute
478 1475 726 1516 Aetolorum
754 1490 1002 1528 quemquam
1028 1476 1282 1529 reliquisset,
1313 1476 1355 1516 ni
1380 1476 1599 1517 Damocri-

198 1551 213 1578 7
241 1546 307 1578 tus
345 1552 455 1578 nune
494 1537 589 1578 belli
626 1538 737 1590 quod
773 1539 967 1587 instaret,
1011 1552 1121 1578 nunc
1163 1538 1327 1578 futurae
1366 1538 1600 1579 solitudinis

241 1600 483 1648 admonens,
511 1598 714 1640 incertum
741 1614 840 1640 eura
864 1599 1000 1654 gentis
1028 1615 1080 1640 an
1110 1606 1154 1640 ut
1180 1601 1471 1640 adversaretur
1498 1598 1601 1640 Seo-

238 1677 316 1716 pae
354 1677 501 1716 parum
539 1661 657 1702 donis
704 1662 858 1710 cultus,
902 1670 1065 1716 partem
1107 1661 1314 1702 iuniorum
1357 1662 1600 1716 castigando

240 1724 352 1764 domi
385 1723 672 1764 continuisset.
734 1723 837 1764 haec
869 1738 918 1764 ea
944 1731 1102 1765 aestate
1136 1725 1187 1765 ab
1212 1724 1414 1765 Romanis
1439 1723 1599 1779 Philip-

239 1800 376 1840 poque
401 1795 522 1840 gesta
548 1794 669 1826 terra.

198 1862 213 1890 1
324 1848 631 1889 XXXXHH.
684 1847 845 1889 Classis
885 1863 909 1889 a
946 1847 1133 1903 Corcyra
1171 1848 1358 1889 eiusdem
1398 1847 1600 1903 principio

239 1911 410 1952 aestatis
444 1925 538 1951 eum
563 1911 616 1951 L.
643 1910 827 1965 Apustio
859 1910 997 1964 legato
1023 1911 1212 1965 profecta
1236 1910 1379 1951 Maleo
1406 1918 1600 1965 superato

240 1973 347 2014 circa
382 1972 622 2027 Scyllaeum
659 1973 747 2027 agri
781 1973 1042 2013 Hermionici
1072 1973 1218 2013 Attalo
1255 1972 1345 2026 regi
1382 1972 1600 2012 coniuncta

195 2048 212 2075 ‘2
240 2043 316 2077 est.
366 2043 454 2076 tum
480 2050 577 2076 vero
592 2034 919 2075 Atheniensium
945 2034 1104 2083 civitas,
1132 2035 1197 2074 cui
1223 2034 1317 2074 odio
1342 2034 1385 2073 in
1403 2033 1599 2087 Philippo

238 2113 312 2152 per
348 2105 505 2138 metum
542 2097 624 2137 iam
656 2096 725 2137 diu
762 2097 976 2138 moderata
1014 2104 1120 2145 erat,
1158 2097 1201 2136 id
1232 2111 1354 2136 omne
1385 2096 1427 2135 in
1458 2095 1601 2135 auxilii

195 2174 213 2202 3
238 2159 469 2214 praesentis
497 2174 615 2215 spem
641 2158 829 2200 effundit.
868 2173 943 2199 nec
963 2174 1161 2211 umquam
1181 2158 1239 2198 ibi
1259 2158 1408 2198 desunt
1432 2157 1599 2211 linguae

239 2229 455 2277 promptae
487 2222 540 2263 ad
570 2222 736 2277 plebem
768 2221 1077 2271 concitandam3
1118 2221 1228 2274 quod
1265 2235 1397 2275 genus
1435 2233 1529 2259 cum
1560 2219 1602 2259 in

240 2285 431 2326 omnibus
457 2285 598 2326 liberis
632 2282 889 2332 civitatibus,
929 2291 1015 2324 tum
1044 2283 1266 2338 praecipue
1291 2281 1493 2331 Athenis,
1530 2280 1601 2321 ubi

197 2359 214 2386 4
241 2347 370 2388 oratio
395 2348 619 2402 plurimum
644 2347 790 2402 pollet,
824 2346 967 2387 favore
993 2345 1270 2386 multitudinis
1298 2345 1431 2386 alitur.
1479 2359 1602 2398 roga-

240 2408 394 2449 tionem
431 2410 641 2464 extemplo
679 2409 861 2450 tulerunt
896 2409 1124 2463 plebesque
1163 2408 1300 2457 scivit,
1337 2414 1383 2447 ut
1414 2406 1599 2461 Philippi

242 2477 401 2511 statuae
444 2469 772 2525 imagines[que]
813 2486 957 2511 omnes
1000 2471 1251 2523 nominaque
1293 2484 1454 2517 earum,
1500 2468 1599 2508 item

241 2531 444 2571 maiorum
469 2532 556 2573 eius
589 2533 705 2573 virile
738 2547 785 2573 ac
811 2532 1011 2573 muliebre
1045 2547 1165 2573 secus
1192 2531 1375 2573 omnium
1409 2530 1600 2572 tollerem

245 2600 309 2632 tur
335 2593 669 2647 delerenturque,
696 2594 866 2647 diesque
892 2594 1007 2643 sesti,
1035 2609 1171 2643 saera,
1204 2593 1461 2641 sacerdotes,
1494 2605 1599 2645 quae

242 2653 372 2708 ipsius
411 2655 695 2709 maiorumque
734 2657 821 2697 eius
861 2656 1029 2697 honoris
1068 2670 1193 2697 causa
1235 2655 1422 2696 instituta
1460 2664 1600 2695 essent
