1799 2900
260 123 339 166 108
529 128 684 163 LIBER
709 127 896 170 xxxm,
923 129 1067 164 29-31.
1095 132 1190 173 [a.u.
1208 142 1238 165 c.
1263 131 1345 174 555]

258 235 445 276 conferre
493 232 649 273 talenta
695 247 778 286 pax
826 231 947 282 data,
1008 240 1049 274 et
1096 234 1148 274 ab
1197 234 1505 289 obpugnatione
1554 249 1612 276 rc-

259 311 436 338 cessum.

218 373 230 401 1
343 356 502 397 XXX.
551 357 717 398 Paucos
750 364 846 412 post
876 357 963 398 dies
991 357 1134 398 decem
1159 357 1285 412 legati
1310 359 1362 399 ab
1387 359 1523 400 Roma
1549 373 1616 400 ve-

257 427 418 467 nerunt,
446 433 621 471 quorum
641 434 692 459 ex
713 418 885 460 consilio
906 435 987 473 pax
1009 420 1104 460 data
1123 420 1320 474 Philippo
1339 421 1381 460 in
1401 421 1475 461 has
1502 421 1616 475 leges

212 495 230 524 ‘2
259 489 334 530 est,
361 488 406 521 ut
432 495 575 521 omnes
593 480 849 522 Graecorum
876 481 1077 530 civitates,
1104 496 1209 534 (111110
1234 483 1275 521 111
1297 483 1468 537 Europa
1493 497 1618 535 quae-

258 558 337 596 que
368 543 410 582 111
441 543 548 583 Asia
579 551 739 590 essent„
777 542 1009 583 libertatem
1043 558 1091 583 ae
1124 559 1220 583 suas
1253 544 1453 585 haberent
1483 544 1617 599 leges:

258 619 363 657 quae
396 619 538 645 earum
569 605 647 645 sub
680 604 841 645 dicione
871 605 1057 660 Philippi
1095 606 1289 654 fuissent,
1327 606 1535 660 praesidia
1568 620 1618 646 ex

258 666 320 706 his
342 666 563 720 Philippus
585 666 809 706 deduceret
835 680 1070 719 vacuasque
1097 667 1277 706 traderet
1296 667 1497 708 Romanis
1524 677 1618 707 ante

212 742 229 770 3
260 728 530 769 Isthmiorum
563 736 746 782 tempus,
785 728 1006 769 deduceret
1033 736 1073 769 et
1105 744 1154 769 ex
1187 728 1270 777 his,
1309 743 1414 781 quae
1446 730 1489 768 in
1515 729 1621 769 Asia

259 798 412 839 essent,
433 791 619 831 Euromo
632 790 895 843 Pedasisque
922 798 962 830 01
979 790 1191 844 Bargyliis
1213 797 1253 830 et
1272 790 1369 830 Iaso
1391 798 1432 832 et
1450 790 1621 844 Myrina

213 867 232 895 4
260 860 300 893 ct
320 853 476 907 Abydo
497 862 537 893 et
559 853 702 893 Thaso
728 861 768 893 et
786 853 1006 901 Perintho3
1035 868 1104 893 eas
1132 867 1295 905 quoque
1322 852 1430 892 enim
1456 852 1620 907 placere

257 915 409 956 liberas
448 930 559 964 esse,
599 915 649 955 de
683 914 911 956 Cianorum
947 915 1137 956 libertate
1170 914 1413 966 Quinctium
1443 914 1620 955 Prusiae

258 977 536 1031 Bithynorum
568 977 657 1031 regi
690 978 871 1018 scribere
904 977 1001 1030 qnid
1033 977 1194 1018 senatui
1226 984 1266 1017 et
1297 977 1441 1017 decem
1472 976 1620 1031 legatis

215 1053 233 1082 5
260 1039 498 1093 placuisset,
526 1039 712 1093 captivos
741 1040 1065 1093 transfugasque
1090 1039 1264 1080 reddere
1280 1039 1522 1094 Philippum
1536 1039 1622 1080 Ro-

259 1101 392 1141 manis
425 1109 466 1141 et
496 1101 613 1141 navis
647 1101 780 1141 omnis
814 1110 943 1142 tectas
977 1101 1138 1141 tradere
1176 1110 1339 1155 praeter
1370 1101 1550 1154 quinque
1582 1108 1620 1141 et

259 1162 417 1215 regiam
438 1178 562 1202 unam
583 1163 777 1203 inhabilis
798 1179 927 1217 prope
948 1163 1260 1217 magnitudinis,
1289 1177 1413 1215 quam
1440 1162 1620 1203 sedecim

214 1238 232 1267 6
262 1239 405 1264 versus
439 1239 647 1264 remorum
679 1226 872 1279 agebant.
933 1240 985 1265 110
1018 1225 1110 1279 plus
1143 1225 1323 1278 quinque
1350 1225 1462 1265 milia
1488 1239 1621 1265 arma-

260 1293 395 1326 torum
439 1286 610 1326 haberet
652 1302 757 1327 neve
802 1287 1068 1341 elephantum
1111 1287 1253 1326 ullum.
1314 1287 1468 1327 bellum
1505 1295 1621 1327 extra

217 1361 232 1389 7
260 1347 537 1388 Blacedoniae
569 1349 672 1388 fines
704 1364 755 1389 ne
789 1348 949 1389 iniussu
982 1357 1150 1389 senatus
1182 1359 1357 1402 gereret.
1417 1348 1528 1389 mille
1561 1356 1621 1388 ta-

261 1409 420 1449 lentum
446 1409 561 1450 daret
587 1410 740 1464 populo
766 1410 976 1459 Romano,
1010 1410 1226 1450 dimidium
1251 1425 1469 1464 praesens,
1503 1409 1622 1450 dimi-

215 1484 235 1514 8
262 1470 375 1510 dium
422 1471 692 1525 pensionibus
743 1472 886 1512 decem
935 1487 1150 1512 annorum.
1226 1472 1420 1513 Valerius
1468 1472 1621 1513 Antias

262 1536 509 1585 quaternam
528 1533 686 1573 milium
707 1534 846 1587 pondo
867 1534 1027 1587 argenti
1050 1534 1227 1587 vectigal
1253 1533 1293 1573 in
1321 1534 1465 1574 decem
1491 1548 1621 1574 annos

260 1593 486 1648 inpositum
512 1595 600 1649 regi
627 1596 769 1644 tradit3
800 1594 1000 1636 Claudius
1021 1595 1063 1634 in
1084 1610 1214 1636 annos
1235 1595 1403 1650 triginta
1423 1603 1624 1648 quaterna

260 1656 374 1696 milia
398 1657 536 1710 pondo
560 1665 601 1697 et
627 1657 798 1705 ducena,
828 1656 906 1711 [in]
935 1672 1134 1712 praesens
1162 1657 1307 1711 viginti
1332 1657 1445 1698 milia
1469 1658 1622 1712 pondo.

217 1729 235 1759 9
262 1717 372 1757 idem
397 1718 640 1758 nominatim
667 1719 874 1759 adiectum
902 1719 1056 1768 scribit,
1084 1734 1135 1759 110
1163 1733 1255 1759 011111
1274 1720 1464 1760 Eumene
1489 1719 1623 1760 Attali

196 1793 236 1823 10
262 1779 344 1820 filio
364 1805 417 1809 —
438 1795 570 1820 novus
597 1780 631 1821 is
659 1788 745 1820 tum
770 1796 843 1821 rex
869 1790 955 1821 erat
974 1806 1029 1810 ——-
1052 1781 1203 1821 bellum
1229 1790 1404 1835 gereret.
1453 1781 1496 1821 in
1522 1781 1624 1822 haec

261 1841 429 1882 obsides
476 1842 654 1897 accepti,
702 1843 810 1883 inter
854 1858 957 1896 quos
995 1843 1237 1884 Demetrius
1274 1843 1460 1898 Philippi
1500 1844 1622 1884 filius.

262 1903 388 1944 adicit
412 1904 565 1945 Antias
592 1905 805 1954 Valerius,
842 1906 987 1946 Attalo
1015 1905 1177 1946 absenti
1201 1905 1413 1959 Aeginam
1444 1905 1622 1945 insulam

197 1979 234 2009 11
263 1965 590 2020 elephantosque
606 1967 714 2007 dono
730 1967 862 2015 datos,
885 1975 922 2007 et
938 1967 1114 2008 Rhodiis
1133 1966 1437 2007 Stratoniceam
1454 1966 1623 2007 Cariae-

262 2042 342 2080 que
368 2028 469 2068 alias
495 2029 633 2077 urbes,
662 2043 764 2081 quas
789 2029 1010 2083 Philippus
1038 2028 1258 2069 tenuisset:
1291 2028 1622 2069 Atheniensibus

261 2090 419 2131 insulas
446 2091 564 2131 datas
592 2091 814 2139 Lemnum,
841 2091 1042 2139 Imbrum,
1068 2091 1237 2139 Delum,
1267 2090 1458 2144 Scyrum.

221 2166 235 2194 1
348 2152 530 2194 XXXI.
582 2153 791 2194 Omnibus
826 2153 1028 2194 Graeciae
1067 2153 1301 2193 civitatibus
1339 2153 1446 2193 hanc
1477 2166 1624 2207 pacem

264 2214 590 2268 adprobantibus
618 2215 693 2255 soli
716 2215 858 2256 Aetoli
884 2216 1096 2256 decretum
1121 2215 1354 2269 legatorum
1380 2215 1487 2255 0111111
1512 2229 1624 2255 mus-

219 2287 236 2315 2
264 2285 403 2317 santes
442 2278 685 2332 carpebant:
734 2277 892 2318 litteras
930 2277 1063 2317 inanis
1103 2292 1209 2317 vana
1247 2277 1385 2332 speeie
1421 2276 1621 2317 libertatis

264 2339 528 2380 adumbratas
556 2354 668 2389 esse3
696 2355 767 2380 cur
788 2340 898 2380 0111111
924 2340 1023 2380 alias
1038 2340 1240 2380 Romanis
1268 2340 1373 2379 tradi
1398 2339 1520 2380 urbes
1547 2352 1624 2379 nec

265 2400 468 2440 nominari
502 2415 591 2449 eas,
630 2402 733 2442 alias
770 2402 975 2442 nominari
1013 2409 1053 2442 et
1091 2401 1178 2442 sine
1217 2401 1436 2442 traditione
1472 2401 1622 2441 liberas

221 2474 240 2502 3
266 2460 395 2499 iuberi
421 2476 526 2510 esse,
552 2463 631 2502 nisi
657 2464 767 2515 quod
787 2478 891 2516 quae
911 2464 952 2503 in
972 2463 1079 2504 Asia
1105 2463 1186 2503 sint
1211 2463 1436 2504 liberentur
1461 2461 1623 2516 longin-

267 2521 421 2573 quitate
446 2523 538 2576 ipsa
562 2524 753 2573 tutiores,
786 2540 891 2578 (111110
916 2525 958 2565 111
986 2525 1165 2566 Graecia
1191 2524 1284 2573 sint,
1311 2540 1362 2565 ne
1388 2524 1622 2565 nominatae

266 2582 432 2635 quidem
457 2583 781 2638 intercipiantur,
809 2585 1037 2627 Corinthus
1059 2595 1098 2627 et
1119 2585 1288 2628 Chalcis
1310 2595 1350 2627 et
1365 2586 1504 2627 Orcus
1531 2598 1620 2625 cum
