1799 2900
455 85 610 119 LIBER
634 85 875 130 xxxvnu,
900 85 955 119 49.
975 85 1029 119 50.
1057 83 1255 128 [a.0.183]
1434 73 1515 114 417

166 190 258 231 urbi
284 188 384 230 satis
411 188 579 237 scirent,
617 188 670 228 ad
696 188 976 244 spectaculum
1003 202 1147 229 omnes
1180 186 1301 228 simul
1325 185 1443 228 liberi
1468 199 1517 226 ac

131 258 133 261 ”
168 251 294 300 servi,
330 249 447 305 pueri
483 264 646 302 quoque
683 264 776 290 cum
811 250 995 299 feminis,
1033 249 1312 290 effunduntur.
1377 247 1517 300 itaque

168 313 370 353 clauserat
406 319 568 366 portam
605 311 741 360 turba,
780 312 877 351 dum
909 327 984 366 pro
1016 326 1060 352 se
1091 310 1283 364 quisque,
1320 309 1399 349 nisi
1429 309 1518 363 ipse

167 374 296 416 oeulis
324 373 408 414 suis
435 372 694 420 credidisset,
727 372 796 413 vix
820 388 894 428 pro
921 379 1130 427 comperta
1154 380 1309 412 tantam
1334 386 1421 411 rem
1446 370 1517 410 ha-

166 436 325 476 biturus
352 434 572 475 videretur.
611 449 733 488 aegre
762 435 1054 475 submoventes
1080 433 1222 474 obvios
1249 433 1399 473 intrare
1424 446 1519 487 por-

167 505 250 538 tam
287 497 355 550 qui
392 496 651 536 adducebant
685 496 1053 551 Philopoemenem
1089 501 1322 550 potuerunt.
1389 507 1518 546 aeque

167 559 351 599 conferta
376 559 497 599 turba
526 558 602 598 iter
632 557 835 610 reliquum
865 558 1086 606 clauserat3
1124 563 1164 597 et
1195 570 1288 596 cum
1311 571 1407 611 pars
1433 570 1520 595 ma-

166 621 278 661 xima
303 620 471 660 exclusa
496 635 519 660 a
544 619 779 674 spectaculo
806 626 933 669 esset,
960 619 1166 659 theatrum
1190 625 1377 673 repente,
1410 616 1520 670 quod

166 683 443 738 propinquum
467 683 557 722 viae
583 690 690 731 erat,
729 682 1039 737 compleverunt
1063 689 1122 730 et,
1153 689 1197 721 ut
1223 695 1271 721 eo
1297 680 1521 721 adducere—

168 753 232 785 tur
257 745 298 784 in
324 752 590 799 conspectum
615 744 776 798 populi,
813 759 895 784 una
925 757 1026 784 voce
1057 758 1199 784 omnes
1225 742 1520 797 exposcebant.

167 806 434 860 magistratus
468 813 508 846 et
537 805 743 860 principes
776 805 912 854 veriti,
950 820 1002 846 ne
1032 819 1155 858 quem
1179 812 1337 845 motum
1360 802 1521 843 miseri-

169 867 307 908 cordia
331 867 560 921 praesentis
587 867 689 907 tanti
714 866 789 907 viri
813 867 985 916 faceret,
1023 881 1114 906 cum
1141 866 1242 907 alios
1273 864 1521 906 verecundia

167 929 364 983 pristinae
396 928 623 969 maiestatis
656 929 817 969 conlata
847 928 1055 983 praesenti
1086 928 1294 977 fortunae,
1331 927 1432 967 ahos
1458 941 1522 967 re-

168 990 350 1031 cordatio
388 990 615 1044 ingentium
652 990 892 1030 meritorum
928 998 1089 1031 motura
1125 997 1254 1038 esset,
1301 987 1444 1043 procul
1480 987 1522 1028 in

169 1059 392 1106 conspectu
424 1066 517 1091 eum
549 1058 798 1099 statuerunt,
843 1051 991 1092 deinde
1021 1050 1171 1105 raptim
1207 1065 1257 1091 ex
1288 1049 1416 1090 oculis
1448 1049 1523 1089 ho-

168 1114 325 1153 minum
367 1114 659 1153 abstraxerunt
700 1113 862 1152 dicente
903 1120 1092 1167 praetore
1135 1112 1380 1160 Dinocrate,
1429 1125 1521 1151 esse

169 1190 273 1229 quae
298 1173 544 1229 pertinentia
569 1174 622 1214 ad
647 1189 850 1214 summam
875 1174 972 1214 belli
992 1173 1251 1228 percunctari
1271 1188 1366 1213 eum
1390 1172 1522 1226 magi-

170 1244 321 1278 stratus
347 1236 513 1276 vellent.
567 1235 662 1276 inde
689 1236 866 1278 abducto
892 1251 940 1277 eo
965 1236 1008 1276 in
1033 1236 1190 1276 curiam
1215 1242 1255 1276 et
1280 1242 1426 1276 senatu
1451 1249 1524 1275 vo-

169 1306 261 1340 cato
287 1297 511 1338 consultari
537 1306 742 1352 coeptum.

253 1360 306 1400 L.
355 1360 444 1399 Iam
469 1359 851 1414 invesperascebat,
878 1367 918 1400 et
943 1375 1025 1401 non
1049 1358 1172 1400 modo
1199 1365 1346 1407 cetera,
1374 1358 1447 1399 sed
1471 1373 1522 1398 ne

169 1422 209 1462 in
235 1421 465 1476 proximam
497 1421 664 1474 quidem
694 1431 858 1463 noctem
888 1422 958 1462 ubi
991 1422 1090 1462 satis
1123 1428 1209 1462 tuto
1235 1420 1523 1468 custodiretur,

171 1483 458 1538 expediebant.
530 1484 828 1537 obstupuerant
865 1483 917 1524 ad
957 1483 1285 1537 magnitudinem
1325 1481 1523 1536 pristinae

170 1545 258 1585 eius
295 1545 483 1584 fortunae
520 1544 765 1597 virtutisque
796 1552 837 1585 et
865 1558 999 1597 neque
1029 1544 1110 1599 ipsi
1140 1544 1307 1584 domum
1342 1543 1524 1597 recipere

172 1606 488 1648 custodiendum
515 1606 722 1646 audebant
752 1620 830 1646 nec
861 1606 1051 1659 cuiquam
1081 1605 1152 1645 uni
1179 1604 1409 1645 custodiam
1435 1605 1523 1645 eius

173 1669 271 1709 satis
298 1668 533 1708 credebant.
583 1668 806 1708 admonent
831 1667 978 1708 deinde
1004 1667 1183 1720 quidam,
1210 1681 1302 1707 esse
1328 1666 1525 1706 thensau-

171 1746 263 1771 rum
298 1729 508 1784 publicum
547 1730 623 1769 sub
660 1736 787 1779 terra,
826 1745 926 1770 saxo
964 1729 1165 1782 quadrato
1204 1734 1404 1783 saeptum.
1476 1742 1525 1768 eo

173 1792 333 1833 vinctus
356 1791 581 1832 demittitur
602 1799 641 1832 et
661 1807 807 1831 saxum
828 1791 989 1846 ingens,
1016 1805 1096 1844 quo
1116 1790 1309 1846 operitur,
1335 1789 1528 1830 machina

174 1853 522 1908 superinpositum
548 1860 622 1893 est.
660 1853 717 1893 ita
741 1854 831 1894 loco
856 1853 992 1908 potius
1014 1867 1137 1906 quam
1159 1851 1313 1893 homini
1335 1851 1525 1904 cuiquam

174 1915 420 1956 credendam
447 1914 676 1955 custodiam
701 1914 795 1963 rati,
833 1915 967 1955 lucem
997 1914 1282 1967 insequentem
1313 1920 1528 1967 exspecta-

173 1984 333 2017 verunt.
393 1984 559 2031 postero
598 1977 662 2017 die
699 1977 918 2017 multitudo
955 1976 1123 2029 quidem
1153 1976 1332 2029 integra,
1370 1989 1528 2014 memor

173 2039 440 2093 pristinorum
473 2038 559 2079 eius
591 2038 633 2078 in
664 2039 871 2079 civitatem
901 2039 1159 2086 meritorum,
1196 2037 1449 2092 parcendum
1480 2050 1528 2076 ac

174 2114 248 2154 per
279 2114 372 2140 eum
408 2100 590 2140 remedia
626 2100 861 2153 quaerenda
892 2114 981 2141 esse
1014 2099 1294 2154 praesentium
1326 2098 1527 2139 malorum

176 2162 399 2202 censebant
409 2179 418 2211 3
447 2162 520 2202 sed
545 2162 787 2203 defectionis
814 2170 1021 2210 auctores,
1048 2176 1222 2214 quorum
1246 2160 1288 2200 in
1313 2175 1438 2200 manu
1461 2174 1527 2200 res

175 2223 341 2277 publica
378 2230 482 2271 erat,
520 2223 561 2263 in
600 2232 758 2264 secreto
796 2223 1077 2264 consultantes
1115 2237 1257 2263 omnes
1297 2221 1349 2261 ad
1384 2234 1528 2261 necem

177 2286 264 2326 eius
303 2285 634 2334 consentiebant,
673 2285 746 2325 sed
781 2292 919 2325 utrum
949 2291 1203 2325 maturarent
1234 2299 1285 2324 an
1317 2283 1529 2323 differrent

177 2345 475 2400 ambigebatur.
536 2346 633 2386 vicit
662 2361 758 2400 pars
791 2346 948 2386 avidior
977 2360 1154 2399 poenae,
1193 2345 1427 2397 missusque
1458 2344 1528 2397 qui

177 2422 381 2448 venenum
402 2408 539 2448 ferret.
578 2415 746 2462 accepto
766 2408 914 2462 poculo
935 2407 1035 2447 nihil
1056 2406 1167 2446 aliud
1186 2406 1369 2446 locutum
1393 2406 1528 2446 ferunt

176 2484 301 2523 quam
326 2470 558 2522 quaesisse,
598 2470 632 2510 si
657 2470 874 2510 incolumis
900 2470 1107 2523 Lycortas
1131 2493 1188 2497 —
1212 2468 1246 2508 is
1273 2468 1376 2509 alter
1399 2467 1530 2522 impe-

174 2539 285 2573 rator
298 2531 564 2573 Achaeorum
590 2539 677 2573 erat
691 2556 746 2560 —
759 2531 998 2585 equitesque
1023 2530 1266 2572 evasissent.
1308 2536 1527 2584 postquam

245 2598 308 2625 Lim·
325 2599 377 2625 υωι.
394 2598 440 2625 111.
1262 2596 1305 2630 27

1547 567 1586 596 10

1548 813 1582 842 11

1550 1495 1568 1524 10

1551 1864 1571 1893 4

1553 1987 1572 2015 ὃ

1555 2540 1573 2570 8
