1799 2900
462 101 615 136 LIBER
638 102 842 144 XXXVII,
867 102 921 137 25.
943 103 997 137 26.
1025 105 1073 146 [a.
1090 101 1223 147 C.190]
1437 92 1517 134 281

169 214 331 263 praeter
350 205 690 246 consuetudinem
716 213 956 261 perpetuam
982 206 1124 261 populi
1143 205 1321 247 Romani
1342 204 1520 260 augendi

170 269 280 311 omni
306 268 462 308 honore
480 282 626 322 regum
648 269 852 309 sociorum
874 269 1146 317 maiestatem,
1173 267 1409 309 domesticis
1430 267 1519 322 ipse

169 330 368 385 exemplis
383 330 576 370 Prusiam
603 330 655 369 ad
679 331 995 384 promerendam
1021 330 1242 371 amicitiam
1268 345 1385 370 suam
1410 344 1522 370 comn

168 393 291 448 pulit:
328 391 496 446 regulos
535 406 578 432 se
617 399 807 446 acceptos
845 392 887 432 in
924 392 1047 432 fidem
1084 392 1126 432 in
1159 391 1364 446 Hispania
1399 406 1519 446 reges

168 453 406 507 reliquisse3
433 452 706 494 Masinissam
730 469 813 495 non
837 454 879 494 in
903 455 1035 509 patrio
1056 454 1178 495 modo
1198 454 1358 495 locasse
1377 468 1519 508 regno,

171 517 246 557 sed
275 516 316 556 in
352 515 578 570 Syphacis,
616 532 640 556 a
671 530 751 568 quo
783 523 875 557 ante
908 517 1105 571 expulsus
1144 516 1309 565 fuisset,
1346 531 1519 570 regnum

170 579 423 633 inposuisse3
463 586 502 618 et
529 593 624 619 esse
651 593 744 618 eum
770 594 852 619 non
877 579 1049 619 Africae
1074 579 1197 619 modo
1222 593 1367 632 regum
1397 578 1519 633 longe

169 640 547 696 opulentissimum,
583 641 656 680 sed
687 648 771 681 toto
797 641 839 680 in
865 642 962 681 orbe
988 648 1188 681 terrarum
1215 641 1343 680 cuivis
1374 655 1520 694 regum

169 703 236 742 vel
272 702 487 742 maiestate
525 702 590 742 vel
623 702 778 742 viribus
816 718 976 757 parem;
1013 702 1253 757 Philippum
1286 710 1326 743 et
1355 703 1518 751 Nabim,

169 764 300 804 hostis
328 772 367 804 et
393 764 501 804 bello
529 772 744 818 superatos
772 765 822 805 ab
849 764 898 804 T.
927 763 1136 816 Quinctio,
1163 772 1301 805 tamen
1325 764 1366 804 in
1390 779 1520 818 regno

168 826 347 866 relictos.
407 826 602 880 Philippo
629 826 794 878 quidem
822 842 928 866 anno
954 826 1089 880 priore
1115 826 1238 867 etiam
1270 826 1520 881 stipendium

169 887 390 928 remissum
422 895 462 928 et
492 888 619 927 filium
655 888 843 928 obsidem
867 888 1093 937 redditum,
1126 896 1166 928 et
1197 889 1397 941 quasdam
1423 889 1521 929 civi-

170 958 275 992 tates
302 958 419 991 extra
442 950 736 991 Macedoniam
761 950 1012 1005 patientibus
1039 951 1239 991 Romanis
1265 951 1523 1005 imperatori-

168 1014 246 1054 bus
277 1013 483 1067 recepisse
516 1028 622 1053 eum.
681 1013 722 1052 in
754 1013 899 1053 eadem
930 1013 1129 1067 dignitate
1161 1020 1199 1053 et
1230 1014 1379 1053 Nabim
1412 1013 1522 1054 futu—

168 1090 257 1115 rum
296 1075 444 1123 fuisse,
481 1074 560 1115 nisi
592 1089 686 1114 eum
713 1089 810 1114 suus
847 1074 1026 1128 primum
1057 1075 1188 1122 furor,
1226 1075 1374 1115 deinde
1406 1076 1519 1115 fraus

169 1137 414 1177 Aetolorum
447 1136 761 1190 absumpsisset.
829 1136 1007 1176 maxime
1042 1137 1307 1177 confirmatus
1341 1144 1404 1177 est
1436 1137 1521 1177 ani-

167 1213 258 1239 mus
284 1198 408 1252 regis,
434 1205 654 1252 postquam
681 1198 733 1238 ad
758 1213 851 1238 eum
878 1197 926 1238 C.
954 1198 1116 1247 Livius,
1144 1199 1211 1251 qui
1238 1206 1402 1253 praetor
1427 1208 1521 1239 ante

168 1260 291 1300 classi
334 1261 588 1315 praefuerat,
633 1260 795 1314 legatus
839 1261 890 1301 ab
928 1260 1064 1301 Roma
1105 1260 1219 1301 venit
1261 1268 1301 1301 et
1343 1261 1518 1308 edocuit,

168 1330 321 1376 quanto
354 1330 394 1363 et
432 1337 527 1377 spes
565 1322 760 1363 victoriae
799 1322 947 1363 certior
976 1323 1177 1363 Romanis
1215 1337 1337 1376 quam
1370 1323 1521 1364 Antio-

168 1385 245 1426 cho
271 1391 312 1426 et
337 1384 515 1425 amicitia
542 1385 721 1426 sanctior
747 1385 983 1438 firmiorque
1009 1385 1120 1440 apud
1144 1385 1357 1427 Romanos
1384 1386 1523 1427 futura

168 1454 290 1488 esset.

252 1508 425 1550 XXVI.
464 1509 697 1549 Antiochus
724 1516 944 1563 postquam
970 1525 994 1550 a
1019 1525 1091 1564 spe
1118 1509 1326 1551 societatis
1346 1510 1520 1551 Prusiae

169 1570 332 1619 decidit,
359 1571 577 1624 Ephesum
603 1572 654 1611 ab
683 1570 885 1612 Sardibus
913 1581 976 1612 est.
1007 1572 1218 1626 profectus
1245 1573 1297 1612 ad
1331 1573 1522 1617 classem,

168 1647 272 1686 quae
297 1647 371 1687 per
386 1633 539 1685 aliquot
559 1648 724 1673 menses
751 1633 952 1674 instructa
972 1648 1020 1673 ac
1040 1642 1184 1688 parata
1209 1634 1355 1683 fuerat,
1384 1634 1521 1674 visen-

169 1696 276 1744 dam,
303 1695 436 1749 magis
464 1695 560 1748 quia
584 1696 847 1736 terrestribus
874 1695 1002 1750 copiis
1030 1697 1256 1736 exercitum
1281 1696 1518 1736 Romanum

169 1764 208 1798 et
229 1757 331 1798 duos
349 1757 566 1811 Scipiones
592 1758 861 1811 imperatores
882 1757 1050 1798 videbat
1075 1757 1268 1798 sustineri
1293 1773 1375 1798 non
1396 1773 1520 1812 posse

170 1834 292 1873 quam
318 1820 427 1872 quod
452 1835 516 1860 res
543 1819 702 1860 navalis
729 1820 820 1874 ipsa
844 1835 917 1874 per
944 1834 988 1859 se
1014 1828 1083 1859 aut
1109 1826 1309 1874 temptata
1330 1819 1408 1860 sibi
1432 1835 1523 1860 um-

169 1896 292 1934 quam
323 1882 496 1922 feliciter
528 1889 597 1922 aut
627 1890 723 1921 tune
755 1896 932 1936 magnae
958 1890 998 1922 et
1029 1889 1164 1921 certae
1195 1881 1370 1922 fiduciae
1396 1889 1519 1922 esset.

169 1951 253 1984 erat
287 1952 423 1984 tamen
456 1951 709 1984 momentum
740 1945 782 1984 in
812 1943 1046 1998 praesentia
1080 1943 1185 1997 spei,
1224 1943 1334 1996 quod
1366 1950 1403 1983 et
1434 1958 1522 1983 ma-

168 2020 293 2059 gnam
318 2012 477 2059 partem
497 2005 685 2046 Rhodiae
712 2005 856 2045 classis
884 2005 991 2045 circa
1009 2005 1163 2045 Patara
1188 2020 1280 2045 esse
1306 2012 1344 2045 et
1365 2005 1521 2045 Eume-

168 2082 264 2107 nem
288 2082 429 2121 regem
456 2082 548 2107 cum
574 2068 765 2108 omnibus
792 2068 967 2107 navibus
995 2067 1078 2107 suis
1107 2067 1264 2107 consuli
1290 2067 1452 2107 obviam
1479 2067 1521 2107 in

169 2129 490 2183 Hellespontum
516 2130 749 2184 profectum
775 2129 972 2170 audierat.
1022 2129 1176 2182 aliquid
1202 2129 1325 2169 etiam
1350 2129 1521 2170 inflabat

170 2190 327 2231 animos
355 2191 499 2231 classis
520 2191 686 2232 Rhodia
711 2192 763 2231 ad
792 2191 965 2231 Samum
990 2207 1064 2245 per
1089 2191 1350 2231 occasionem
1375 2192 1520 2232 fraude

168 2260 454 2306 praeparatam
475 2253 706 2306 absumpta.
746 2252 807 2292 his
829 2253 972 2300 fretus,
993 2252 1255 2305 Polyxenida
1275 2268 1366 2292 cum
1388 2253 1520 2293 classe

170 2313 221 2353 ad
252 2314 534 2367 temptandam
568 2314 679 2354 omni
710 2314 833 2354 modo
866 2314 1099 2354 certaminis
1139 2314 1345 2354 fortunam
1377 2314 1518 2364 misso,

169 2375 257 2429 ipse
284 2376 422 2429 copias
450 2375 502 2415 ad
526 2375 695 2416 Notium
721 2375 845 2415 ducit.
905 2375 947 2414 id
973 2375 1170 2429 oppidum
1198 2374 1518 2430 Colophonium,

169 2437 271 2477 mari
296 2437 514 2485 inminens,
543 2438 660 2478 abest
680 2453 703 2478 a
723 2445 860 2478 vetere
878 2436 1121 2491 Colophone
1148 2438 1228 2478 duo
1254 2438 1383 2478 ferme
1409 2438 1521 2479 milia

169 2514 380 2553 passuum.
442 2507 482 2539 et
512 2499 645 2554 ipsam
676 2499 821 2539 urbem
848 2514 946 2539 suae
978 2499 1195 2553 potestatis
1222 2515 1313 2540 esse
1339 2500 1517 2549 volebat,

171 2561 272 2602 adeo
303 2561 574 2616 propinquam
608 2561 798 2616 Epheso,
836 2568 881 2602 ut
912 2561 1013 2601 nihil
1045 2568 1153 2602 terra
1183 2562 1338 2602 marive
1365 2570 1517 2617 ageret,

1549 593 1588 622 10

1549 718 1586 746 11

1549 1154 1588 1182 13

1550 1338 1586 1367 ll

1546 1709 1564 1738 [Ο

1545 2143 1565 2172 4

1546 2269 1565 2298 5

1545 2514 1563 2544 6
