1799 2900
449 137 601 172 LIBER
625 138 811 182 XXXVI,
837 139 892 172 26.
911 139 965 173 27.
995 141 1044 182 [a.
1060 137 1099 173 c.
1114 137 1196 182 191]
1415 127 1498 169 243

233 241 408 285 XXVI.
444 241 597 282 Paucis
623 241 864 296 priusquam
885 241 1090 282 Heraclea
1113 247 1328 296 caperetur
1353 239 1498 280 diebus

151 304 308 353 Aetoli,
344 303 515 344 concilio
542 304 756 358 Hypatam
781 310 942 351 coacto,
973 303 1134 357 legatos
1166 302 1219 343 ad
1242 301 1498 343 Antiochum

151 367 369 414 miserunt,
401 365 507 406 inter
539 380 641 418 quos
669 373 709 406 et
734 365 874 406 Thoas
907 365 1017 405 idem
1043 365 1112 418 qui
1137 371 1177 405 et
1201 371 1323 405 antea
1346 363 1498 404 missus

151 435 227 470 est.
270 427 467 467 mandata
492 435 620 475 crant,
647 435 692 467 ut
717 428 768 467 ab
793 442 891 482 rege
916 434 1115 482 peterent,
1141 426 1319 481 primum
1343 434 1389 466 ut
1412 425 1501 480 ipse

153 489 306 531 coactis
337 503 480 529 rursus
514 489 777 529 terrestribus
809 489 1109 542 navalibusque
1141 487 1270 542 copiis
1301 487 1344 527 in
1370 485 1502 528 Grae-

153 552 256 592 ciam
284 551 490 600 traicerct,
524 550 690 599 deinde,
730 550 764 591 si
791 565 871 603 qua
895 550 1032 605 ipsum
1057 557 1213 590 teneret
1237 564 1323 598 res,
1361 555 1408 588 ut
1430 562 1503 603 pe-

154 613 316 653 cuniam
353 619 393 653 et
429 611 582 652 auxilia
617 612 815 653 mitteret:
854 612 896 652 id
926 627 1019 652 cum
1051 611 1104 652 ad
1140 610 1382 665 dignitatem
1414 610 1501 650 eius

153 675 359 727 fidemque
385 674 603 728 pertinere,
630 689 710 714 non
739 673 856 728 prodi
882 673 1029 723 socios,
1056 682 1143 713 tum
1168 672 1291 713 etiam
1317 672 1368 712 ad
1393 671 1504 712 inco-

153 736 384 777 lumitatem
409 736 544 790 regni,
576 751 628 776 ne
655 735 807 776 sineret
831 736 1044 776 Romanos
1078 749 1229 775 vacuos
1256 733 1367 775 omni
1393 748 1502 781 cura,

156 812 248 838 cum
280 798 524 838 Aetolorum
555 806 722 851 gentem
754 797 1037 845 sustulissent,
1076 796 1266 837 omnibus
1299 795 1427 850 copiis
1464 795 1506 834 in

155 859 304 900 Asiam
337 859 519 899 traicere.
581 873 678 899 vera
710 867 826 899 erant
857 873 961 911 quae
999 858 1257 899 dicebantur:
1292 872 1340 898 eo
1371 856 1504 911 magis

156 936 297 976 regem
322 929 552 961 moverunt.
590 921 727 973 itaque
747 921 789 960 in
814 920 1048 975 praesentia
1072 920 1303 975 pecuniam,
1330 934 1435 972 quae
1456 918 1509 959 ad

155 998 256 1024 usus
278 983 374 1023 belli
398 982 633 1023 necessaria
662 990 761 1030 erat,
787 982 936 1036 legatis
963 982 1093 1028 dedit;
1120 981 1274 1021 auxilia
1299 980 1508 1021 terrestria

156 1045 400 1097 navaliaque
426 1044 658 1084 adfirmavit
682 1044 919 1084 missurum.
962 1043 1197 1083 Thoantem
1222 1057 1350 1082 unum
1375 1057 1426 1082 ex
1451 1042 1509 1082 lc—

156 1106 264 1160 gatis
295 1105 480 1153 retinuit,
518 1112 559 1145 et
589 1105 726 1159 ipsum
752 1105 864 1144 haud
888 1104 1062 1144 invitum
1088 1111 1336 1152 morantem,
1368 1111 1414 1143 ut
1439 1118 1510 1144 cx-

157 1177 270 1208 actor
294 1181 491 1221 praesens
517 1166 817 1220 promissorum
843 1166 1022 1206 adesset.

240 1228 438 1270 XXVII.
478 1227 676 1269 Ceterum
703 1228 909 1268 Heraclea
936 1236 1057 1283 capta
1081 1227 1206 1281 fregit
1229 1227 1399 1267 tandem
1424 1226 1510 1265 ani-

156 1305 246 1331 mos
268 1290 534 1339 Aetolorum3
562 1298 602 1331 et
627 1305 780 1344 paucos
807 1299 903 1345 post
928 1290 1015 1330 dies
1042 1304 1166 1343 quam
1192 1289 1243 1329 ad
1269 1288 1423 1348 bellum
1448 1302 1511 1328 re-

156 1352 395 1392 novandum
421 1352 750 1405 adciendumque
775 1367 917 1406 regem
942 1352 983 1391 in
998 1351 1148 1393 Asiam
1174 1350 1373 1391 miserant>
1397 1349 1511 1403 lega-

157 1422 242 1462 tos,
280 1413 450 1454 abiectis
487 1413 585 1454 belli
622 1413 803 1454 consiliis
840 1414 954 1468 pacis
998 1413 1201 1468 petendae
1239 1420 1422 1453 oratores
1460 1411 1512 1451 ad

158 1476 371 1516 consulem
391 1475 603 1516 miserunt.
641 1490 743 1529 quos
765 1476 901 1516 dicere
921 1491 1092 1517 exorsos
1114 1475 1257 1516 consul
1277 1474 1509 1522 interfatus,

160 1551 253 1577 cum
278 1536 358 1576 alia
384 1537 461 1577 sibi
485 1537 785 1591 praevertenda
810 1552 902 1577 esse
929 1537 1114 1585 dixisset,
1140 1536 1274 1577 redire
1300 1537 1513 1589 Hypatam

161 1613 245 1647 eos,
273 1599 377 1638 datis
400 1599 558 1638 dierum
580 1599 722 1639 decem
747 1599 915 1638 indutiis
937 1607 977 1639 et
995 1600 1048 1639 L.
1062 1598 1232 1641 Valerio
1244 1597 1398 1638 Flacco
1420 1611 1513 1637 cum

160 1660 210 1701 iis
225 1660 365 1708 misso,
382 1660 513 1709 iussit,
530 1661 662 1713 eique,
678 1675 782 1713 quae
799 1675 940 1701 secum
956 1660 1085 1700 acturi
1100 1660 1289 1708 fuissent,
1306 1674 1513 1713 exponere

162 1729 201 1763 et
228 1722 263 1762 si
287 1736 368 1775 qua
392 1722 545 1762 vellent
571 1723 662 1763 alia.
701 1723 915 1777 Hypatam
940 1729 985 1762 ut
1010 1729 1073 1762 est
1098 1730 1288 1770 ventum„
1306 1720 1512 1775 principes

162 1784 408 1825 Aetolorum
445 1785 556 1839 apud
589 1785 788 1825 Flaccum
825 1785 1045 1825 concilium
1081 1783 1314 1824 habuerunt
1350 1782 1515 1823 consul-

163 1854 310 1895 tantes,
338 1861 518 1899 quonam
544 1847 752 1901 agendum
777 1847 900 1887 modo
921 1847 1031 1901 apud
1056 1845 1269 1886 consulem
1293 1845 1412 1885 foret.
1450 1844 1513 1884 his

161 1908 404 1963 parantibus
431 1909 599 1961 antiqua
624 1908 713 1948 iura
737 1909 952 1949 foederum
973 1907 1096 1948 ordiri
1122 1906 1350 1959 meritaque
1375 1905 1417 1945 in
1441 1920 1516 1960 po-

162 1970 305 2025 pulum
329 1970 585 2019 Romanum,
625 1970 825 2010 absistere
856 1970 905 2010 iis
930 1969 1106 2010 Flaccus
1133 1968 1272 2017 iussit,
1305 1982 1410 2020 quae
1435 1966 1516 2021 ipsi

164 2032 390 2072 violassent
426 2046 473 2072 ac
510 2033 738 2087 rupissent:
777 2032 1081 2072 confessionem
1118 2031 1166 2071 iis
1205 2030 1350 2084 culpae
1382 2029 1515 2083 magis

163 2093 422 2148 profuturam
461 2102 501 2134 et
537 2102 664 2134 totam
696 2094 737 2134 in
773 2108 917 2148 preces
956 2093 1183 2133 orationem
1220 2106 1402 2140 versam3
1440 2104 1517 2130 nec

165 2155 275 2195 enim
298 2154 339 2194 in
367 2170 492 2196 causa
516 2156 718 2210 ipsorum,
758 2155 832 2196 sed
856 2155 898 2195 in
928 2154 1069 2210 populi
1094 2153 1273 2194 Romani
1299 2151 1517 2192 clementia

166 2231 283 2270 spem
309 2217 451 2256 salutis
477 2217 656 2271 positam
682 2232 786 2257 esse.
820 2224 860 2257 et
886 2232 929 2257 se
956 2216 1195 2271 suppliciter
1220 2214 1438 2269 agentibus
1464 2213 1513 2254 iis

166 2278 404 2318 adfuturum
426 2287 465 2318 et
491 2279 600 2332 apud
626 2279 837 2319 consulem
858 2285 898 2318 et
910 2278 1070 2318 Romae
1090 2277 1133 2317 in
1155 2284 1319 2324 senatu3
1347 2290 1394 2316 eo
1417 2289 1517 2327 quo-

166 2354 244 2392 que
271 2339 380 2379 enim
405 2339 626 2380 mittendos
654 2340 740 2380 fore
766 2340 939 2393 legatos.
1001 2339 1103 2379 haec
1126 2354 1210 2379 una
1234 2337 1302 2378 via
1326 2336 1515 2377 omnibus

167 2402 220 2441 ad
245 2402 419 2441 salutem
440 2401 529 2441 visa
550 2411 624 2449 est,
652 2409 697 2441 ut
720 2401 762 2441 in
786 2401 909 2441 fidem
937 2416 980 2441 se
1004 2401 1288 2455 permitterent
1306 2399 1518 2440 Romano-

165 2478 275 2503 rum:
313 2463 370 2503 ita
395 2463 503 2503 enim
529 2470 569 2503 et.
600 2463 679 2503 illis
708 2463 887 2503 violandi
920 2463 1127 2518 supplices
1154 2460 1446 2503 verecundiam
1472 2475 1516 2500 se

166 2524 436 2578 inposituros,
463 2532 502 2565 et
528 2525 641 2579 ipsos
666 2524 794 2564 nihilo
819 2525 953 2565 minus
982 2540 1079 2566 suae
1105 2523 1322 2579 potestatis
1348 2523 1455 2572 fore,
1482 2522 1516 2562 si

167 2587 265 2639 quid
289 2587 436 2628 melius
462 2588 627 2628 fortuna
652 2586 915 2628 ostendisset.

1221 2651 1264 2684 16
1279 2652 1294 2668 *

1527 254 1540 282 1

1526 377 1544 396 ὓ

1527 397 1543 405 a

1527 563 1545 591 3

1530 747 1548 774 4

1533 869 1551 898 5

1535 1055 1553 1084 6

1536 1300 1554 1328 Ν)
