1799 2900
456 193 610 227 LIBER
635 193 804 237 XXXH,
829 193 884 227 35.
904 193 963 227 36.
992 192 1190 236 [a.e.197]
1447 181 1501 223 79

150 297 333 340 omnium
368 296 539 337 consilio
575 295 790 336 Romanus
828 296 1051 350 imperator
1087 309 1180 335 cum
1209 295 1294 349 Ap.
1322 293 1499 335 Claudio

150 360 314 400 tribuno
339 357 515 398 militum
540 356 686 397 ceteris
720 358 921 398 submotis
949 358 1001 398 ad
1026 365 1256 397 extremum
1286 356 1381 396 litus
1407 370 1501 410 pro-

150 420 292 469 cessit3
318 434 391 459 rex
412 433 505 459 cum
526 418 701 467 duobus,
728 433 831 471 quos
854 419 985 473 pridie
1006 418 1262 466 adhibuerat,
1288 418 1332 457 in
1351 425 1500 458 terram

151 489 214 523 est
239 495 446 535 egressus.
506 479 563 519 ibi
595 493 689 519 cum
720 480 972 532 aliquamdiu
1005 490 1162 520 secreto
1193 479 1318 520 locuti
1349 488 1501 526 essent,

151 558 256 596 quae
282 550 373 582 acta
396 541 618 596 Philippus
645 541 697 581 ad
723 556 820 581 suos
846 541 1048 590 retulerit,
1086 542 1221 581 minus
1248 547 1503 594 compertum

151 612 226 645 est.
287 603 507 655 Quinctius
535 603 637 642 haec
667 603 803 643 retulit
831 603 883 642 ad
909 602 1062 650 socios,
1092 601 1292 643 Romanis
1319 616 1412 642 eum
1438 614 1503 641 ce-

150 666 248 705 dere
285 672 371 705 tota
395 663 552 718 Illyrici
584 679 674 713 ora,
711 664 908 718 perfugas
940 664 1148 704 remittere
1179 677 1227 703 ac
1257 663 1292 703 si
1322 662 1393 715 qui
1423 662 1505 702 sint

152 726 316 781 captivi.
364 726 510 767 Attalo
542 741 671 766 naves
704 734 861 766 etcum
894 725 942 766 iis
976 733 1118 780 captos
1151 725 1310 765 navalis
1349 723 1502 764 socios:

150 787 326 829 Rhodiis
346 787 573 841 regionem,
603 801 727 839 quam
746 787 935 827 Peraean
956 794 1118 834 vocant,
1140 786 1325 834 reddere,
1346 785 1442 825 Iaso
1465 792 1506 824 et

156 849 366 903 Bargyliis
392 863 475 888 non
501 862 713 889 cessurum
724 853 746 897 3⁷v
759 849 922 889 Aetolis
942 848 1191 888 Pharsalum
1206 846 1504 898 Larissamque

151 910 337 958 reddere,
348 909 516 950 Thebas
531 925 613 950 non
627 910 819 958 reddere;
835 910 1018 950 Achaeis
1036 925 1120 949 non
1133 909 1263 962 Argis
1279 908 1415 955 modo,
1432 907 1506 948 sed

153 972 277 1012 etiam
304 970 505 1012 Corintho
531 985 758 1011 cessurum.
796 971 898 1010 nulli
923 971 1106 1011 omnium
1131 971 1293 1024 placere
1313 969 1504 1023 partium,

153 1034 301 1087 quibus
328 1047 520 1073 cessurus
548 1040 617 1073 aut
642 1047 724 1072 non
749 1047 940 1072 cessurus
974 1040 1102 1080 esset,
1135 1032 1375 1072 destinatio:
1412 1031 1505 1084 plus

153 1095 263 1135 enim
288 1094 419 1134 amitti
437 1094 480 1133 in
499 1093 548 1133 iis
570 1108 693 1146 quam
709 1093 883 1145 adquiri,
904 1107 979 1132 nec
1000 1107 1210 1145 umquam,
1231 1092 1311 1131 nisi
1330 1099 1416 1131 tota
1437 1091 1507 1130 de-

153 1156 341 1196 duxisset
366 1170 418 1195 ex
434 1154 611 1195 Graecia
636 1154 856 1208 praesidia,
884 1168 1030 1193 causas
1058 1153 1329 1193 certaminum
1350 1152 1504 1192 defore.

236 1215 460 1257 XXXVI.
501 1214 609 1256 Cum
635 1215 737 1255 hacc
762 1224 848 1255 toto
875 1230 926 1255 ex
951 1215 1124 1255 concilio
1150 1215 1337 1254 certatim
1363 1227 1505 1253 omnes

154 1278 490 1325 vociferarentur,
517 1277 571 1316 ad
594 1277 839 1330 Philippum
865 1291 1028 1329 quoque
1053 1276 1196 1330 procul
1222 1285 1401 1315 stantem
1426 1289 1507 1314 vox

154 1348 217 1380 est
251 1339 422 1393 perlata.
481 1339 621 1391 itaque
652 1354 676 1378 a
708 1339 904 1389 Quinctio
935 1339 1056 1392 petit,
1095 1349 1139 1378 ut
1175 1352 1263 1377 rem
1300 1345 1430 1378 totam
1465 1336 1507 1375 in

153 1411 366 1455 posterum
391 1401 501 1440 diem
526 1401 730 1440 differret:
757 1400 944 1454 profecto
965 1407 1032 1439 aut
1054 1414 1348 1454 persuasurum
1374 1413 1418 1438 se
1438 1408 1507 1438 aut

152 1462 394 1516 persuaderi
425 1462 504 1502 sibi
533 1477 767 1516 passurum.
827 1461 923 1501 litus
956 1461 1009 1501 ad
1035 1461 1265 1501 Thronium
1291 1460 1507 1513 conloquio

155 1524 396 1563 destinatur.
447 1538 495 1564 eo
519 1532 680 1563 mature
707 1530 955 1563 conventum
982 1533 1056 1562 est..
1104 1523 1162 1562 ibi
1179 1523 1399 1576 Philippus
1424 1521 1508 1575 pri-

155 1599 266 1624 mum
292 1594 332 1624 et
346 1583 588 1635 Quinc-tium
613 1592 653 1624 et
678 1585 810 1624 omnis
837 1585 907 1636 qui
931 1584 1102 1623 aderant
1125 1598 1286 1638 rogare,
1312 1598 1364 1623 ne
1391 1597 1507 1636 spem

156 1646 268 1700 pacis
295 1645 459 1685 turbare
484 1646 657 1693 vellent,
683 1656 892 1699 postremo
918 1655 1057 1699 petere
1083 1654 1260 1699 tempus,
1289 1659 1368 1697 quo
1394 1645 1508 1697 lega-

155 1714 218 1747 tos
245 1707 405 1746 mittere
429 1707 608 1746 Romam
634 1707 687 1747 ad
712 1714 901 1746 senatum
926 1714 1090 1760 posset:
1133 1714 1200 1746 aut
1226 1707 1275 1745 iis
1303 1706 1509 1745 condicio-

156 1769 277 1808 nibus
315 1783 359 1808 se
396 1782 542 1822 pacem
577 1769 892 1822 impetraturum
924 1779 994 1808 aut
1027 1781 1307 1820 quascumque
1340 1773 1507 1806 senatus

157 1830 339 1870 dedisset
365 1829 480 1883 leges
506 1830 619 1884 pacis
647 1840 924 1883 accepturum.
957 1829 1000 1868 id
1020 1829 1166 1868 ceteris
1188 1827 1507 1879 haudquaquam

155 1893 364 1947 placebat:
412 1906 489 1932 nec
521 1893 631 1932 enim
657 1892 767 1931 aliud
793 1906 916 1944 quam
941 1906 1099 1930 moram
1126 1899 1165 1930 et
1192 1889 1430 1928 dilationem
1455 1888 1509 1928 ad

157 1954 423 2008 conligendas
450 1954 557 1994 vires
585 1954 745 2006 quaeri,
776 1977 809 1981 —
835 1953 1055 2004 Quinctius
1086 1966 1229 1992 verum
1252 1951 1295 1990 id
1325 1951 1509 1990 flitmum

156 2015 286 2055 fuisse
323 2016 478 2064 dicere,
528 2016 564 2055 si
607 2024 743 2055 aestas
784 2023 825 2054 01
860 2023 1025 2068 tempus
1062 2028 1199 2053 rerum
1235 2011 1509 2066 gerendarum

157 2084 287 2117 esset:
335 2091 445 2116 nune
480 2076 615 2117 11101110
650 2077 830 2116 instante
867 2076 969 2115 nihil
1006 2075 1136 2115 amitti
1167 2074 1262 2113 dato
1293 2073 1425 2127 spatio
1457 2073 1510 2112 ad

156 2137 316 2191 legatos
353 2138 594 2186 mittendos,
632 2153 730 2177 nam
764 2151 898 2189 neque
937 2137 1024 2176 sine
1061 2135 1304 2175 auctoritate
1341 2142 1508 2173 senatus

157 2206 291 2238 ratum
311 2200 530 2251 quicquam
557 2214 698 2240 eorum
723 2199 824 2245 fore,
853 2212 956 2251 quae
983 2212 1077 2237 cuin
1101 2211 1199 2250 rege
1223 2196 1304 2249 ipsi
1327 2195 1510 2249 pepigis-

159 2266 269 2308 sent,
307 2267 348 2300 01
378 2260 600 2314 explorari,
640 2261 738 2299 dum
772 2260 879 2299 bello
904 2259 1183 2299 necessariam
1210 2258 1390 2309 quietem
1420 2256 1509 2310 ipse

158 2320 290 2361 hiems
323 2321 456 2370 daret,
496 2329 662 2362 senatus
695 2321 982 2361 auctoritatem
1011 2334 1149 2373 posse.
1208 2319 1252 2358 in
1284 2318 1390 2357 hanc
1416 2332 1509 2357 sen-

159 2382 330 2422 tentiam
345 2390 383 2422 et
399 2383 523 2422 ceteri
545 2383 751 2422 sociorum
765 2382 972 2435 principes
995 2386 1299 2428 concesserunt,
1320 2379 1510 2419 indutiis-

159 2458 238 2495 que
264 2444 369 2483 datis
394 2443 437 2482 in
462 2444 564 2483 duos
590 2458 768 2491 menses,
796 2450 835 2482 01
859 2442 971 2496 ipsos
997 2442 1159 2482 mittere
1185 2440 1368 2495 singulos
1393 2440 1508 2494 lega-

160 2515 222 2545 tos
254 2505 307 2545 ad
338 2512 526 2545 senatum
559 2505 834 2552 edocendum,
871 2518 923 2543 ne
960 2503 1105 2543 fraude
1135 2503 1245 2556 regis
1278 2509 1505 2556 caperetur,

1535 733 1572 761 10

1534 857 1569 885 11

1533 1347 1551 1376 10

1534 1469 1552 1497 ΩΟ

160 2567 325 2621 placuit.
386 2567 571 2606 additum
605 2566 857 2605 indutiarum
894 2574 1034 2619 pacto,
1071 2572 1116 2604 ut
1151 2564 1267 2618 regia
1301 2563 1508 2618 praesidia
1533 2576 1551 2606 9

161 2628 345 2669 Phocide
393 2642 441 2668 ac
482 2628 662 2669 Locride
706 2627 914 2681 extemplo
958 2626 1270 2666 deducerentur.
1337 2632 1376 2665 et
1417 2625 1507 2678 ipse
1535 2637 1574 2666 10
