1799 2900
455 84 610 119 LIBER
635 85 880 129 XXXVIIII,
906 86 959 119 31.
980 85 1033 119 32.
1063 87 1110 128 [a.
1126 84 1165 120 c.
1179 85 1260 129 185]
1451 75 1530 118 401

183 187 409 243 Calpurnio
431 187 589 240 equites
608 187 803 243 phaleris,
818 188 1179 243 pronuntiavitque
1195 203 1336 230 eorum
1356 188 1537 230 maxime

181 265 307 305 opera
324 250 465 291 hostes
485 249 620 298 fusos,
647 258 784 290 castra
803 258 922 304 capta
943 257 982 291 et
1002 257 1240 305 expugnata
1259 265 1365 292 esse.
1403 250 1537 302 Quin·
1564 263 1605 294 18

182 313 286 353 etius
313 313 415 353 alter
439 320 604 366 praetor
630 327 726 352 suos
756 312 915 364 equites
941 312 1098 353 catellis
1123 327 1172 353 ac
1195 312 1332 353 fibulis
1355 312 1536 353 donavit.

182 375 321 416 donati
346 383 386 415 et
412 374 670 415 centuriones
698 389 749 414 ex
773 374 986 427 utriusque
1012 374 1194 416 exercitu
1218 375 1423 430 permulti,
1450 389 1537 415 ma-

181 435 290 477 xime
317 436 385 490 qui
410 436 588 476 mediam
615 435 745 476 aciem
770 444 1003 478 tenuerunt.

265 497 471 538 XXXII.
534 496 740 538 Consules
767 498 983 539 dilectibus
1016 498 1207 551 aliisque,
1245 512 1351 550 quae
1375 498 1535 539 Romae
1566 513 1576 540 1

180 560 366 614 agendae
393 567 526 608 erant,
558 559 735 614 peractis
760 561 884 600 rebus
910 561 952 600 in
977 560 1158 614 Ligures
1183 559 1440 614 provinciam
1465 575 1536 601 ex-

180 622 353 662 ercitum
377 621 594 662 (luxerunt.
646 620 917 676 Sempronius
939 621 1084 662 aPisis
1106 621 1316 675 profectus
1335 621 1377 662 in
1390 622 1537 676 Apua-
1562 634 1580 663 2

179 699 254 724 nos
281 684 483 738 Ligures,
522 684 724 724 vastando
751 699 872 738 agros
899 684 1136 737 urendoque
1162 683 1275 724 vicos
1302 691 1342 724 et
1367 684 1537 724 castella

179 760 320 786 eorum
347 745 507 800 aperuit
532 745 682 786 saltum
708 759 839 798 usque
861 744 915 784 ad
930 745 1118 786 Macram
1137 745 1308 786 fluvium
1334 753 1373 785 et
1386 745 1536 786 Lunae

178 816 354 862 portum.
415 807 555 848 hostes
581 814 780 855 montem,
809 806 1020 859 antiquam
1046 807 1188 848 sedem
1212 807 1413 847 maiorum
1440 823 1536 848 suo·
1562 819 1580 848 3

177 884 286 917 rum,
319 876 533 923 ceperunt,
567 875 607 909 et
630 868 726 909 inde
753 876 945 923 superata
968 868 1153 908 locorum
1177 866 1391 920 iniquitate
1415 881 1536 922 proe-

177 931 231 971 lio
257 931 404 971 deiecti
430 938 537 971 sunt.
587 938 627 971 et
646 930 812 985 Appius
834 929 1036 971 Claudius
1062 929 1303 971 felicitatem
1323 930 1534 971 virtutem-
1563 941 1583 971 4

178 1008 256 1045 que
294 993 476 1047 collegae
517 993 560 1032 in
596 992 824 1047 Liguribus
862 992 1063 1046 Ingaunis
1108 991 1301 1044 aequavit
1342 991 1533 1032 secundis

178 1054 333 1107 aliquot
357 1054 537 1108 proeliis.
587 1069 661 1094 sex
684 1061 898 1107 praeterea
924 1054 1075 1108 oppida
1101 1068 1240 1094 eorum
1267 1053 1534 1108 expugnavit,

179 1117 309 1156 multa
334 1116 446 1156 milia
478 1116 692 1156 hominum
722 1116 764 1155 in
794 1116 843 1155 iis
876 1115 1001 1169 cepit,
1038 1115 1136 1156 belli
1167 1123 1354 1155 auctores
1386 1126 1468 1156 tres
1495 1122 1536 1156 et

178 1178 452 1232 quadraginta
478 1177 610 1218 securi
636 1177 855 1231 percussit.

260 1240 351 1280 Iam
371 1239 630 1280 comitiorum
652 1239 871 1292 adpetebat
892 1245 1068 1292 tempus.
1118 1238 1228 1292 prior
1249 1245 1386 1278 tamen
1408 1235 1534 1278 Clau-
1561 1252 1579 1280 5

176 1301 268 1342 dius
295 1316 419 1354 quam
446 1300 738 1355 Sempronius,
773 1300 839 1340 cui
864 1315 952 1341 sors
980 1299 1145 1341 comitia
1170 1299 1350 1341 habendi
1375 1300 1535 1355 obtige-

177 1369 259 1412 rat,
285 1363 464 1404 Romam
491 1363 620 1411 venit,
652 1362 748 1415 quia
771 1363 821 1402 P.
850 1360 1051 1403 Claudius
1078 1362 1205 1402 frater
1231 1362 1317 1402 cius
1345 1362 1535 1402 consula-

178 1435 264 1464 tum
283 1428 461 1479 petcbat.
501 1424 790 1478 competitores
811 1424 990 1464 habebat
1008 1424 1202 1478 patricios
1222 1424 1275 1464 L.
1292 1424 1532 1473 Aemilium,
1561 1436 1578 1466 6

177 1485 231 1537 Q.
256 1486 454 1533 Fabium,
484 1484 573 1526 Ser.
602 1486 831 1539 Sulpicium
859 1485 1057 1534 Galbam,
1090 1492 1250 1526 veteres
1278 1486 1532 1534 candidatos,

178 1554 218 1588 et
244 1549 294 1588 ab
316 1548 493 1602 repulsis
515 1563 563 1587 eo
583 1547 716 1601 magis
739 1547 942 1595 debitum,
969 1547 1064 1600 quia
1083 1547 1216 1601 primo
1236 1554 1410 1601 negatus
1433 1557 1532 1597 erat,

176 1609 376 1650 honorem
401 1616 648 1663 repetentes.
698 1609 821 1649 etiam
847 1610 943 1662 quia
966 1609 1059 1663 plus
1081 1623 1206 1661 quam
1232 1624 1357 1648 unum
1384 1624 1435 1649 ex
1459 1624 1532 1664 pa-
1560 1624 1575 1651 7

176 1671 302 1711 triciis
330 1670 457 1711 creari
482 1686 565 1711 non
590 1670 751 1718 licebat,
778 1670 902 1711 artior
921 1671 1064 1725 petitio
1085 1677 1277 1723 quattuor
1294 1671 1531 1724 petentibus

176 1740 275 1773 erat.
334 1732 485 1787 plebeii
511 1746 673 1784 quoque
700 1731 869 1785 gratiosi
894 1732 1082 1772 homines
1107 1732 1323 1786 petebant,
1350 1731 1402 1772 L.
1429 1731 1532 1773 Por·
1557 1746 1576 1775 8

177 1794 282 1843 cius,
310 1794 363 1846 Q.
384 1794 603 1835 Terentius
627 1793 794 1843 Culleo,
823 1792 900 1834 Cn.
922 1794 1106 1834 Baebius
1132 1793 1397 1848 Tamphilus3
1424 1801 1464 1834 et
1490 1794 1532 1834 hi

175 1856 348 1910 repulsi,
387 1856 429 1896 in
466 1871 583 1910 spem
618 1855 866 1910 impetrandi
902 1856 1070 1896 tandem
1106 1855 1328 1907 aliquando
1364 1855 1531 1896 honoris

177 1917 304 1958 dilati.
345 1916 546 1958 Claudius
572 1932 679 1957 unus
707 1932 757 1957 ex
784 1917 975 1957 omnibus
1001 1931 1133 1957 novus
1162 1916 1404 1956 candidatus
1431 1924 1530 1957 erat.
1558 1930 1575 1960 9

177 1979 370 2034 opinione
404 1979 618 2020 hominum
649 1979 761 2019 haud
797 1979 919 2020 dubie
951 1979 1264 2019 destinabantur
1295 1977 1348 2030 Q.
1373 1979 1530 2019 Fabius

175 2041 322 2082 Labeo
348 2049 388 2081 et
412 2042 465 2082 L.
491 2041 665 2082 Porcius
692 2041 879 2081 Licinus.
941 2042 1015 2082 sed
1041 2040 1242 2082 Claudius
1275 2040 1417 2081 consul
1444 2040 1531 2081 sine
1559 2054 1600 2084 10

176 2103 387 2143 lictoribus
426 2117 519 2143 cum
551 2103 677 2143 fratre
708 2110 794 2143 toto
827 2102 917 2144 foro
953 2103 1181 2151 volitando,
1226 2103 1530 2143 clamitantibus

177 2164 422 2204 adversariis
449 2173 489 2204 et
514 2164 667 2205 maiore
692 2174 808 2218 parte
841 2171 1027 2213 senatus,
1067 2164 1304 2205 meminisse
1336 2179 1430 2204 eum
1461 2164 1532 2204 de-
1559 2180 1594 2208 11

177 2226 273 2266 bere
300 2240 342 2265 se
368 2226 481 2280 prius
513 2226 725 2267 consulem
755 2226 898 2280 populi
922 2226 1101 2267 Romani
1133 2241 1255 2279 quam
1287 2226 1455 2266 fratrem
1479 2226 1529 2267 P.

178 2286 342 2328 Claudii
369 2302 479 2328 esse:
519 2288 616 2340 quin
641 2288 709 2328 ille
736 2288 884 2328 sedens
912 2303 986 2342 pro
1019 2288 1212 2328 tribunali
1237 2295 1305 2328 aut
1332 2288 1530 2328 arbitrum

177 2358 245 2389 aut
266 2349 434 2389 tacitum
456 2356 731 2403 spectatorem
752 2349 1009 2390 comitiorum
1029 2365 1072 2390 se
1091 2350 1334 2404 praeberet?
1347 2374 1403 2378 —
1417 2364 1529 2390 coer-

178 2410 259 2451 ceri
283 2417 422 2451 tamen
447 2412 498 2451 ab
525 2411 658 2451 effuso
685 2410 820 2450 studio
851 2411 1004 2464 nequit.
1064 2411 1226 2466 magnis
1259 2411 1529 2451 contentioni·
1558 2425 1595 2454 12

177 2472 254 2512 bus
280 2472 537 2513 tribunorum
562 2487 724 2526 quoque
754 2471 906 2526 plebis,
943 2472 1013 2526 qui
1044 2479 1113 2512 aut
1145 2480 1286 2513 contra
1318 2472 1527 2513 consulem

178 2541 248 2574 aut>
278 2549 351 2588 pro
384 2534 519 2575 studio
552 2534 639 2575 eius
670 2535 928 2589 pugnabant,
973 2535 1137 2576 comitia
1167 2535 1412 2588 aliquotiens
1445 2543 1527 2576 tur-

245 2600 308 2627 Livi
323 2601 376 2627 vol.
392 2600 441 2626 m.
1266 2600 1309 2634 9ss
