1799 2900
795 197 869 221 LIB.
890 195 1006 225 XXXX,
1027 195 1145 220 50—59.

1525 192 1686 221 LXXIII

255 291 326 325 que
346 281 385 313 εί.
405 278 447 311 ab
465 278 537 310 eod.
556 275 685 321 sprela)
710 274 721 320 Η
744 275 776 326 23
801 274 961 308 hostium
985 273 1038 306 27.
1069 275 1080 316 Η
1111 272 1162 305 11.
1188 269 1504 315 praedispositos]
1537 267 1623 302 Bas.
1650 269 1692 302 b:

255 324 371 368 [eaesi
387 325 483 365 sunt,
498 337 513 353 ,κ
529 320 656 365 eapti,]
679 330 872 364 omnisque
886 319 960 352 Ma.
987 317 1256 362 perdispositos
1281 316 1371 360 Moy.

1402 325 1468 358 per
1492 313 1694 357 dispositos

259 372 271 414 Η
287 370 318 403 3.
335 370 387 411 et]
411 372 473 411 ,ut
488 367 569 409 (lum
590 365 798 409 venerunt,)
822 366 847 397 l.
867 364 928 397 Gr.
946 364 958 408 Η
988 373 1102 407 equos
1128 363 1288 406 ‚Siyom'us
1312 362 1323 404 Η
1351 359 1475 401 LVII,
1495 358 1526 392 ΕΞ.
1554 359 1692 409 Perop-

253 417 354 448 [aaa
370 413 434 447 Wt
452 412 633 445 indicatam
648 412 801 453 supplevi
812 421 875 442 see.
890 409 962 442 Ma.
988 409 1161 452 portuna]
1200 407 1485 450 Peropportune
1515 403 1694 437 Romanis

260 461 271 503 Η
287 459 319 493 5.
339 459 395 500 in]
420 457 506 490 Bas.
529 458 569 490 b:
595 468 659 489 om.
678 455 773 498 Bloss.
799 456 810 498 Η

839 453 961 496 LIIII,
988 453 1091 486 Heus.
1122 452 1267 495 Populo
1294 451 1462 485 Romano
1492 459 1694 493 peroppor-

253 506 274 538 ‘2
288 517 337 549 sq.
353 513 441 536 suae
458 528 464 534 .
482 500 714 541 stimulabat]
734 500 962 533 Florebellus:
988 502 1074 531 tune
1089 503 1147 530 aut
1160 497 1444 541 Peropportune
1465 494 1606 538 populo
1621 493 1693 527 Ro-

256 560 356 590 suae,
384 557 478 592 quae
501 545 718 579 stimulabat
736 546 825 588 Moy.
853 555 963 578 suae.

255 594 342 638 quin
358 591 573 625 stimulabat
590 591 760 624 Gruterus
782 600 869 623 suae
885 600 921 622 sa
929 600 961 622 e-

254 638 439 682 vitiaeque
455 663 461 670 .
478 636 695 670 stimulabat
718 635 793 669 Wt.
814 636 824 678 Η
842 634 874 668 3.
900 635 962 667 du—

253 683 337 718 bius
353 684 391 716 ci.
407 682 474 715 Dr.
490 681 502 726 Η
521 680 553 715 4.
573 684 627 722 et]
646 682 726 714 add.
748 680 834 713 Bas.
847 680 883 712 b.
904 679 916 723 Η
933 679 963 712 6.

254 727 508 773 nequaquam]
530 737 650 770 neque
671 729 782 759 antea
801 726 828 758 I.
845 726 882 758 F.
900 725 963 758 Gr.

261 775 273 817 Η
292 774 321 807 7.
337 772 442 816 regni
456 772 628 814 ventura]
644 771 728 804 Bas.
747 770 787 803 b:
809 773 962 804 ventura

254 818 357 862 regni
383 819 472 861 Moy.
501 817 513 862 Η
535 817 575 852 ss.
601 816 788 857 adsoleat]
813 815 897 849 Bas.
922 815 964 848 b:

255 863 403 897 adsolet
413 864 552 904 [uomit
565 861 723 901 adsolet,
734 866 801 893 ium
811 860 963 904 pracbe-

255 912 311 942 ret
325 909 363 941 ci.
381 908 444 940 Wt
463 907 474 952 Η
490 907 570 940 aut
584 906 755 948 ministri]
769 906 964 938 Belclcerus:

256 956 293 986 et
312 952 468 986 ministri
484 953 628 995 Maghex
642 950 818 984 ministris
834 951 930 983 (ἐγω).
949 952 960 994 Η

254 997 333 1040 LV,
356 997 386 1030 1.
415 1008 437 1030 a
457 996 582 1040 Zycho
611 996 734 1029 scriba
753 996 858 1028 Heus.
890 995 902 1037 Η
929 994 962 1027 2.

254 1039 964 1087 Xychus]f‹›rt.Eutychus(etsi‹:§.4.6.7)

254 1087 326 1120 Ma.
344 1087 355 1131 Η
372 1086 592 1130 perductus]
605 1086 691 1119 Bas.
710 1096 746 1117 a:
762 1085 964 1127 productus

255 1133 345 1175 Moy.
365 1134 375 1174 Η
393 1131 427 1164 4.
452 1130 632 1172 oblatum]
655 1130 693 1163 Τ.
709 1130 836 1162 Faber:
858 1139 963 1162 voca-

254 1182 329 1209 tum
344 1177 433 1219 Illo-(s.
460 1176 471 1219 Η
493 1174 579 1208 iube
600 1176 628 1208 I.
646 1176 683 1208 F.
709 1174 770 1206 Gr.
786 1173 873 1207 iube
887 1199 895 1206 .
917 1174 965 1206 Et

254 1221 338 1263 Kr.;
354 1222 419 1253 lac.
434 1221 594 1253 indicavit
610 1220 769 1263 *S'z'fflmius
788 1218 799 1263 Η
817 1218 847 1251 6.
862 1217 963 1251 missi

254 1291 278 1298 ..
295 1264 685 1308 comprehemlerent,]
705 1264 791 1297 Bas,
807 1274 844 1296 a:
864 1262 964 1296 misit

314 1310 690 1353 comprehenderent.
706 1309 797 1352 Mos).
818 1308 829 1353 Η
847 1308 963 1341 7.vul-

253 1357 395 1399 gatum]
412 1354 498 1388 Bas.
515 1354 555 1388 b:
571 1358 746 1398 negatum
761 1355 852 1397 Moy.
871 1353 882 1398 Η
902 1363 962 1386 ne-

280 1404 402 1433 antem
430 1426 460 1433 ..
485 1399 660 1443 Xychus,
690 1425 697 1432 .
714 1424 722 1431 .
748 1397 960 1441 adfirmant]

288 1442 960 1489 asaznegant..,Xyclium..adfirma-

255 1490 465 1534 bantllloy.11
483 1490 851 1533 &superessetquam
862 1488 961 1532 quod

255 1534 531 1578 alterperisset]
543 1534 621 1568 Ma:
638 1533 962 1578 superessetcuius

254 1580 393 1613 scelere
408 1580 502 1613 alter
515 1579 787 1623 perissetHeus.
804 1578 964 1622 perisset

253 1624 347 1667 Moy.
363 1628 574 1669 superesset
586 1625 799 1658 Florebellns
814 1625 964 1656 Muretus

259 1669 431 1712 11LV1,1.
452 1669 613 1703 Perseus
628 1689 637 1693 -
654 1668 790 1712 omnia]
813 1669 898 1701 Bas.
921 1668 962 1701 b:

255 1713 388 1747 Omnia
404 1714 564 1747 Perseus
579 1713 713 1747 certior
734 1713 857 1746 factus
871 1714 961 1755 Mass.

257 1759 268 1801 Η
286 1759 318 1792 2.
334 1758 382 1800 is]
398 1758 481 1792 Wt:
499 1760 559 1801 qui
573 1758 700 1800 Basa,
716 1759 882 1801 mnnllofs.
903 1760 913 1800 Η
931 1758 962 1790 3.

252 1803 499 1847 Antigonum]
514 1803 645 1836 Basa:
660 1801 869 1836 Antiochus
881 1813 961 1835 eum

253 1850 343 1891 Moy.
372 1847 383 1892 Η
414 1850 558 1891 neque]
586 1847 670 1880 Bas
705 1858 742 1880 a:
775 1850 812 1880 et
842 1857 962 1891 neque

254 1895 341 1936 Moy.
363 1894 373 1935 Η
392 1892 423 1925 4.
445 1894 522 1926 eius
545 1891 786 1934 custoditum]
811 1891 895 1924 Bas.
925 1903 962 1925 a:

253 1938 331 1972 eius
351 1937 645 1970 concustoditum
666 1938 756 1981 Moy.
778 1940 815 1970 et
841 1940 961 1969 custo-

254 1983 368 2016 ditum
382 1981 624 2026 thchpraef.
646 1983 656 2025 Η
675 1982 751 2026 Dsq.
767 1981 962 2024 agitarent,

252 2048 285 2052 —
300 2027 452 2060 alterius
470 2029 494 2070 .]
518 2028 603 2060 Dr.:
630 2037 710 2059 cum
732 2027 818 2059 diris
844 2026 963 2069 agita-

252 2076 346 2115 rent,
375 2071 574 2105 extinctum
600 2082 694 2115 esse,
721 2070 962 2105 execrationi-

255 2117 325 2151 bus
346 2117 498 2151 alterius
519 2118 610 2161 Moy.
631 2127 711 2150 eum
732 2116 820 2149 (liris
845 2116 960 2159 agita-

253 2165 351 2195 rent:
375 2162 576 2195 extinctum
599 2172 699 2196 esse:
722 2160 962 2194 execrationi-

252 2207 322 2240 bus
338 2206 489 2240 alterius
504 2207 589 2240 Bas.
606 2217 627 2240 a
647 2217 727 2239 eum
743 2206 831 2239 (liris
846 2205 961 2249 agita-

253 2255 353 2293 rent,
381 2251 580 2285 extinctum
607 2262 688 2285 esse
708 2262 789 2284 cum
816 2261 960 2284 execra-

253 2295 418 2329 tionibus
434 2296 608 2329 alterius.
629 2296 714 2328 Bas.
737 2296 776 2339 b3
798 2297 843 2328 al.
864 2296 961 2338 δίφο-

252 2341 339 2383 nius,
365 2341 393 2373 I.
415 2341 451 2373 F.
472 2341 535 2373 Gr.
565 2342 576 2384 Η
606 2345 729 2374 tamen
755 2339 961 2379 admoveri]

253 2384 332 2417 Ma:
352 2385 539 2418 admoveri
562 2390 686 2418 tamen
706 2386 755 2418 etl.
776 2386 859 2418 Par.
875 2384 962 2417 1573

255 2433 377 2462 tamen
404 2429 595 2462 admoneri
620 2431 709 2473 Moy.
743 2429 960 2473 (Bell-Restm)

254 2473 444 2507 admoneri
463 2477 585 2507 tamen
599 2473 684 2507 Bas.
700 2474 734 2507 b.
754 2473 766 2518 Η
786 2477 850 2507 aut
870 2474 960 2515 (tum

254 2519 330 2551 add.
353 2518 465 2562 Creu.)
487 2518 670 2551 adfuisset
694 2521 773 2560 aut]
804 2521 843 2551 A.
868 2519 960 2551 Peri<

253 2564 372 2595 :onius
383 2570 567 2606 praeeunte
575 2563 647 2605 fere
658 2563 835 2596 Glareano
846 2576 852 2596 :
863 2563 960 2596 haud

255 2609 357 2651 Moy„
378 2609 442 2641 del.
463 2608 617 2641 Roellius
637 2608 848 2652 (Belckerus,
870 2608 960 2650 Ma.)

255 2652 354 2686 haud
368 2669 383 2685 *
397 2669 412 2686 *
427 2653 492 2686 Wt
511 2653 554 2695 cf.
573 2653 684 2697 praef.
706 2653 771 2687 illa
785 2653 842 2687 die
860 2653 959 2696 Wl1,

326 2709 388 2736 Livi
409 2710 460 2735 vol.
483 2709 528 2736 ΙΙΙ.

987 553 1096 576 mano
1122 542 1204 585 Wt3
1231 541 1424 575 adverbium
1448 547 1587 583 uterque
1612 551 1641 571 v.
1660 540 1694 571 (I.

988 600 1104 621 errore
1117 587 1190 629 m‘f.
1206 588 1319 631 posuit
1334 586 1346 629 Η
1367 588 1454 630 post
1471 583 1600 629 paucis
1621 583 1693 617 clic-

991 633 1074 677 bus]
1098 633 1141 675 cf.
1157 633 1230 667 Ma.
1243 632 1319 665 474.
1336 631 1349 676 Η
1368 631 1428 673 ld,
1449 629 1693 674 praegressis,

991 704 1034 721 ..,
1061 678 1250 721 Antigono
1272 681 1309 710 et
1329 675 1478 710 Cottoni
1499 676 1528 709 I.
1542 675 1579 708 F.
1597 674 1659 707 Gr.
1677 675 1688 718 Η

990 722 1118 757 Cotto:
1146 725 1255 756 cotto
1275 722 1339 756 Wl
1359 732 1384 763 1,
1399 720 1442 754 27
1462 723 1487 754 t.
1509 719 1521 765 Η
1546 720 1594 771 is]
1617 720 1695 752 add.

990 770 1149 813 ›Siqom'us
1167 769 1178 811 Η
1195 767 1226 801 3.
1243 768 1302 812 (ea
1314 766 1406 811 res)]
1421 767 1501 807 del„
1522 776 1601 809 qma
1618 776 1696 808 pos-

989 815 1030 847 sit
1049 826 1118 847 esse
1137 825 1167 846 v.
1187 815 1209 846 l.
1229 814 1274 846 ad
1293 822 1387 856 quae
1406 822 1466 844 res
1486 812 1515 854 ξ.
1531 816 1615 843 extr.
1634 811 1697 843 huc

989 859 1240 937 25221-'2224325‘553‘
1241 885 1258 922 -'
1277 857 1402 936 gfff-{⁷5²
1418 857 1500 945 ἦῖἒὲ
1519 857 1696 934 (ξῖΡᾶἒῖῗέ

990 950 1029 982 ci.
1051 960 1073 981 a
1094 950 1165 992 δίῃ.
1185 950 1208 981 Ζ.
1229 951 1308 982 erat
1328 948 1398 991 δίῃ.
1421 950 1458 980 et
1475 947 1504 979 I.
1524 946 1562 978 F.
1586 945 1648 978 Gr.
1675 956 1697 978 a

990 1004 1076 1038 rege
1093 993 1135 1027 W
1155 994 1190 1027 ll.
1205 995 1242 1026 ll.
1261 994 1272 1037 Η
1298 992 1461 1035 saepius]
1482 991 1564 1025 Wt:
1585 1000 1696 1033 saepe

990 1038 1116 1071 Iunius
1138 1039 1228 1081 Moy.
1256 1048 1368 1080 saepe
1400 1035 1536 1069 invitus
1560 1034 1645 1068 Bas.
1671 1035 1695 1068 b

991 1082 1192 1125 perinvitus
1225 1084 1295 1126 Sisy.
1328 1082 1372 1118 (I.
1408 1082 1445 1114 F.
1473 1080 1552 1125 Gr.)
1586 1090 1697 1123 saepe

989 1128 1136 1160 iunctus
1151 1127 1227 1160 Wl.
1251 1128 1261 1169 Η
1276 1121 1356 1168 fort.
1372 1125 1520 1158 missus.
1534 1124 1609 1167 [iis]
1620 1125 1696 1158 Wl.

995 1173 1005 1214 Η
1025 1171 1134 1213 fama,
1149 1171 1234 1205 inde
1251 1170 1357 1213 certi]
1374 1170 1439 1203 Dr.
1455 1169 1554 1203 fama
1566 1169 1697 1203 incerti

989 1217 1077 1259 May.
1092 1216 1202 1259 fama,
1218 1215 1302 1249 dein
1318 1215 1406 1249 certi
1421 1216 1450 1247 I.
1466 1215 1664 1248 Perizonius
1682 1215 1693 1256 Η

987 1260 1018 1293 4.
1032 1264 1259 1305 praestaret]
1280 1260 1365 1293 Bas.
1385 1260 1427 1293 b:
1449 1260 1555 1293 daret
1569 1261 1658 1303 Moy.
1679 1260 1690 1302 Η

987 1306 1018 1339 5.
1035 1306 1143 1339 sedes
1158 1305 1333 1348 fundare]
1354 1306 1384 1338 I.
1399 1305 1436 1338 F.
1456 1305 1536 1338 Gn:
1559 1315 1597 1337 se
1617 1306 1697 1337 fun—

988 1352 1074 1384 dare
1089 1352 1179 1395 Moy.
1195 1351 1302 1384 sedes
1318 1351 1405 1383 dare
1419 1349 1545 1383 Basa.
1561 1349 1573 1394 Η
1594 1350 1624 1383 7.
1639 1359 1697 1382 ae-

989 1395 1135 1440 quales]
1160 1394 1367 1440 (aequales)
1384 1395 1476 1428 Dvlc.
1491 1393 1697 1438 praedandi

974 1446 1109 1474 ‘animo
1141 1441 1319 1485 aequales
1344 1440 1449 1472 Hem.
1476 1440 1522 1473 ab
1554 1439 1627 1472 illis
1654 1440 1695 1471 ci.

989 1487 1064 1519 th.
1093 1485 1105 1531 Η
1136 1487 1167 1519 ὃ.
1194 1485 1574 1519 accommodabantur
1599 1486 1697 1527 δίφο-

986 1532 1079 1564 ozias.-
1098 1530 1431 1564 commodabantur
1451 1531 1462 1574 Η
1478 1530 1695 1572 Bastarnae,

987 1577 1204 1617 Dardanos]
1219 1576 1302 1609 Bas.
1314 1586 1352 1608 a:
1367 1574 1534 1608 Dardani
1549 1575 1696 1608 Bastar-

987 1632 1056 1654 nae
1071 1622 1160 1665 Moy.
1181 1620 1192 1665 Η
1210 1621 1240 1654 9.
1261 1623 1352 1663 rem]
1375 1621 1452 1653 add.
1474 1620 1540 1653 Dr.
1557 1620 1568 1663 Η
1595 1630 1696 1653 aver-

989 1667 1054 1708 sis]
1076 1666 1162 1699 Bas.
1178 1677 1215 1699 a:
1236 1665 1394 1698 reversis
1415 1666 1505 1709 Moy.
1525 1667 1535 1708 Η
1559 1664 1698 1703 LVIII,

988 1712 1018 1743 1.
1041 1711 1223 1754 Digressu
1242 1731 1275 1734 —
1296 1709 1446 1752 deinde]
1464 1710 1536 1751 Ma,
1557 1711 1615 1754 «μα’
1634 1709 1697 1751 cs.;

989 1758 1083 1789 locus
1105 1757 1252 1788 nandum
1274 1762 1497 1798 persanatus:
1530 1754 1698 1798 Digressi

989 1804 1074 1833 sunt
1098 1804 1232 1843 pacato
1260 1810 1350 1842 agro
1371 1799 1504 1833 deinde
1525 1801 1617 1843 Moy.
1637 1799 1697 1832 In-

989 1845 1106 1888 gressi
1123 1847 1208 1877 sunt
1220 1848 1353 1888 pacato
1369 1844 1513 1887 agmine
1529 1843 1602 1877 fide
1618 1844 1697 1888 (du—

989 1894 1051 1922 ctu
1075 1891 1113 1922 ci.
1142 1889 1220 1933 Wt)
1245 1889 1330 1922 Bas.
1355 1900 1388 1922 a.
1413 1889 1425 1933 Η
1452 1890 1619 1931 posterius
1643 1892 1697 1929 et]

988 1936 1077 1978 Moy.
1098 1933 1188 1967 Ma:
1211 1934 1274 1967 sed
1290 1934 1374 1967 Bas.
1389 1944 1421 1967 a.
1442 1933 1454 1978 Η
1476 1937 1562 1977 post
1582 1934 1629 1967 ob
1644 1933 1697 1966 fa-

987 1991 1082 2013 mam
1097 1984 1154 2011 aut
1168 1982 1255 2022 post
1268 1982 1419 2022 propter
1432 1981 1567 2012 samam
1582 1984 1642 2012 εἰσ.
1657 1980 1696 2011 ci.

987 2025 1052 2057 Dr.
1068 2027 1156 2067 post
1174 2024 1221 2057 ad
1242 2023 1377 2056 famam
1398 2025 1436 2057 ci.
1452 2023 1527 2057 Wt.
1547 2024 1558 2067 Η
1577 2023 1692 2066 fama]

987 2069 1063 2103 Ma:
1078 2068 1212 2102 samam
1227 2069 1316 2112 Moy.
1336 2070 1346 2111 Η
1364 2070 1502 2113 neque]
1519 2070 1595 2102 add.
1610 2069 1695 2101 Bas.

987 2126 1009 2148 a
1036 2114 1136 2159 (Ma.)
1167 2114 1178 2158 Η
1209 2117 1331 2157 empto
1359 2113 1542 2155 contenti]
1568 2113 1653 2147 Bas.
1676 2125 1697 2147 a

988 2159 1091 2203 (Ma,
1113 2160 1169 2203 qui
1188 2160 1228 2191 (Ie
1240 2169 1310 2203 sqq.
1327 2158 1404 2204 cf.):
1427 2158 1524 2192 evito
1546 2162 1695 2191 eonten-

987 2205 1038 2237 tio
1067 2205 1155 2247 Moy.
1185 2205 1195 2247 Η
1225 2202 1255 2237 3.
1283 2214 1354 2247 quo
1383 2214 1464 2236 eum
1490 2203 1632 2244 subire]
1655 2204 1693 2236 ci.

988 2250 1067 2283 th:
1089 2259 1160 2292 quo
1182 2248 1246 2281 ubi
1266 2249 1317 2282 ire
1332 2249 1421 2292 Moy.
1438 2259 1549 2292 quum
1571 2248 1694 2281 subire

987 2296 1014 2327 I.
1030 2295 1068 2326 F.
1087 2296 1148 2326 Gr.
1168 2294 1179 2336 Η
1198 2293 1229 2326 7.
1249 2294 1417 2337 procella
1437 2296 1535 2334 cum]
1556 2293 1642 2326 Bas.
1658 2304 1695 2326 a:

987 2339 1232 2382 procellarum
1263 2339 1352 2381 Mass.
1382 2337 1417 2371 vi
1448 2338 1694 2381 procellarum

987 2395 1066 2416 cum
1092 2384 1132 2416 ci.
1160 2383 1237 2416 Wt.
1260 2384 1271 2427 Η
1298 2382 1465 2427 plerique
1487 2382 1694 2416 semienncs

987 2428 1071 2461 Bas.
1088 2439 1125 2462 a:
1151 2428 1356 2472 proeliique
1379 2438 1416 2461 se
1432 2428 1588 2461 inermes
1605 2429 1693 2471 Moy.

996 2475 1006 2516 Η
1022 2472 1241 2515 consultari]
1258 2472 1345 2506 Bas.
1361 2484 1400 2506 a:
1417 2472 1694 2516 consultarique

988 2520 1074 2561 Moy.
1092 2520 1103 2563 Η
1123 2518 1154 2551 8.
1177 2521 1269 2561 quo]
1290 2519 1367 2551 add.
1388 2518 1462 2551 Ma.
1484 2520 1494 2561 Η
1514 2517 1692 2561 aquiloni-

986 2567 1061 2604 am]
1082 2564 1162 2597 Ma:
1188 2562 1427 2606 Apolloniam
1453 2561 1692 2596 meridianam

988 2609 1075 2652 Moy.
1098 2609 1109 2651 Η
1125 2608 1155 2641 9.
1179 2608 1261 2641 dum
1275 2606 1439 2641 firmaret
1457 2610 1532 2649 res]
1549 2606 1633 2640 Bas.
1651 2607 1690 2640 b:

986 2657 1061 2686 tum
1080 2652 1224 2686 firmare
1245 2656 1319 2686 tres
1340 2654 1429 2697 Moy.
1448 2652 1459 2697 Η
1485 2652 1641 2694 LVIIII,
1657 2652 1687 2684 ‘2-
