1799 2900
471 127 625 161 LIBER
650 127 815 171 xxxv,
841 127 895 161 4‘2.
916 127 971 161 43.
1000 129 1048 171 [a.
1065 126 1101 161 c.
1118 126 1198 169 192]
1429 115 1506 156 211

153 248 295 289 regem
326 247 455 273 unum
487 231 652 279 ducem,
691 245 819 271 unum
852 230 1141 285 imperatorem
1179 228 1309 270 videri
1347 228 1510 269 debere.

154 295 189 337 si
203 296 393 343 classem,
422 295 457 334 si
477 294 704 334 exercitum
723 293 883 333 amittat
899 292 1124 341 Hannibal,
1140 292 1250 332 idem
1264 291 1404 331 damni
1423 290 1511 332 fore

154 372 201 398 ac
227 357 261 398 si
286 372 359 411 per
385 356 511 396 alium
539 356 684 396 ducem
711 355 970 403 amittantur-3
1005 355 1038 395 si
1064 354 1163 407 quid
1193 368 1391 409 prospere
1418 368 1513 394 eve-

154 419 250 468 niat,
277 417 528 458 Hannibalis
555 432 659 465 eam,
687 431 770 457 non
790 416 989 457 Antiochi
1015 416 1190 471 gloriam
1216 416 1316 456 fore.
1356 415 1389 455 si
1415 429 1513 455 vero

154 481 347 522 universo
385 479 494 520 bello
532 479 723 520 vincendi
760 479 972 519 Romanos
1011 478 1177 518 fortuna
1214 477 1351 525 detur,
1390 491 1514 530 quam

155 558 271 598 spem
297 556 390 582 esse
411 543 487 582 sub
508 556 606 595 rege
630 541 834 581 victurum
848 540 1144 588 Hannibalem,
1171 539 1242 579 uni
1269 539 1512 587 subiectum,

154 606 223 660 qui
247 606 423 660 patriam
449 620 576 659 prope
602 620 686 645 non
712 604 874 644 tulerit?
912 619 993 644 non
1025 603 1082 643 ita
1107 617 1151 643 se
1178 618 1202 643 a
1225 602 1393 643 iuventa
1419 617 1512 642 eum

154 667 356 722 gessisse,
386 682 458 721 spe
486 667 705 719 animoque
732 666 993 720 complexum
1019 665 1129 706 orbis
1158 672 1358 705 terrarum
1384 664 1514 718 impe-

155 730 279 779 rium,
317 737 362 769 ut
392 729 433 769 in
468 736 679 769 senectute
712 728 926 769 dominum
962 728 1119 768 laturus
1152 727 1352 768 videatur.
1413 726 1513 766 nihil

155 807 259 846 opus
288 806 380 832 esse
406 790 494 845 regi
521 791 624 831 duce
650 790 908 838 Hannibale,
942 789 1090 829 comite
1116 796 1156 829 et
1187 788 1421 829 consiliario
1447 803 1515 829 eo-

157 855 249 894 dem
276 852 329 894 ad
354 854 508 894 bellum
534 853 592 894 uti
624 869 762 907 posse.
823 853 1032 893 modicum
1064 853 1245 892 fructum
1270 867 1321 892 ex
1346 851 1513 906 iugenio

156 916 227 956 tali
254 931 388 969 neque
415 931 585 970 gravem
611 930 745 968 neque
771 915 959 955 inutilem
985 915 1094 962 fore3
1122 914 1156 954 si
1183 929 1346 954 summa
1371 921 1515 968 petan-

157 988 233 1027 tur,
261 986 299 1018 et
327 978 495 1017 dantem
520 985 559 1017 et
586 977 857 1030 accipientem
883 983 1222 1030 praegravatum.

242 1039 523 1079 XXXXIH.
560 1038 683 1079 Nulla
702 1038 871 1091 ingenia
893 1046 976 1076 tam
991 1051 1122 1090 prona
1136 1036 1189 1076 ad
1208 1035 1405 1075 invidiam
1420 1042 1515 1075 sunt

158 1116 281 1154 quam
301 1116 440 1141 eorum
462 1100 530 1152 qui
555 1115 688 1153 genus
716 1114 763 1139 ac
788 1099 998 1139 fortunam
1025 1112 1144 1137 suam
1170 1097 1318 1137 animis
1345 1112 1427 1137 non
1449 1112 1516 1137 ae-

157 1171 296 1216 quant,
324 1163 419 1215 quia
440 1163 633 1201 virtutem
656 1170 696 1202 et
716 1162 871 1201 bonum
892 1160 1070 1200 alienum
1093 1160 1280 1200 oderunt.
1307 1159 1516 1213 extemplo

157 1224 374 1265 consilium
388 1223 577 1263 mittendi
592 1223 858 1271 Hannibalis,
875 1222 986 1275 quod
1001 1237 1127 1261 unum
1142 1221 1184 1261 in
1203 1220 1404 1276 principio
1420 1220 1516 1260 belli

156 1286 308 1327 utiliter
328 1286 554 1340 cogitatum
569 1294 668 1333 erat,
696 1285 904 1325 abiectum
925 1292 1000 1324 est.
1032 1283 1314 1324 Demetriadis
1336 1282 1515 1323 maxime

158 1348 388 1389 defectione
408 1348 460 1388 ab
480 1348 683 1388 Romanis
704 1348 757 1387 ad
771 1347 947 1387 Aetolos
969 1346 1101 1387 elatus
1121 1361 1205 1386 non
1224 1345 1331 1386 ultra
1350 1345 1517 1385 differre

156 1410 455 1466 profectionem
480 1409 521 1450 in
549 1409 769 1451 Graeciam
796 1409 1020 1450 constituit.
1069 1408 1311 1463 priusquam
1338 1407 1516 1448 solveret

158 1488 299 1521 naves,
320 1473 444 1512 Ilium
459 1488 483 1512 a
495 1472 597 1512 mari
613 1472 810 1520 escendit,
839 1480 882 1511 ut
897 1471 1116 1512 Minervae
1131 1470 1394 1511 sacrificaret.
1421 1469 1516 1510 inde

159 1535 212 1574 ad
232 1535 409 1574 classem
429 1549 645 1588 regressus
664 1533 939 1588 proficiscitur
960 1532 1235 1587 quadraginta
1256 1532 1374 1573 tectis
1402 1532 1518 1572 navi-

161 1598 250 1644 bus,
279 1596 431 1650 apertis
460 1596 696 1650 sexaginta;
730 1604 768 1637 et
795 1596 997 1636 ducentae
1024 1595 1236 1635 onerariae
1264 1609 1357 1635 cum
1383 1593 1516 1634 omnis

160 1658 322 1713 generis
355 1665 588 1697 commeatu
619 1657 849 1710 bellicoque
882 1657 961 1697 alio
989 1657 1191 1711 adparatu
1224 1657 1516 1709 sequebantur.

162 1721 345 1760 Imbrum
372 1719 502 1773 primo
524 1719 700 1759 insulam
724 1719 865 1767 tenuit,
892 1719 987 1758 inde
1005 1717 1222 1758 Sciathum
1242 1717 1414 1758 traiecit.
1447 1716 1517 1757 ubi

160 1782 357 1823 conlectis
373 1781 413 1820 in
436 1782 517 1821 alto
539 1796 643 1834 quae
664 1781 889 1836 dissipatae
912 1788 1026 1820 erant
1042 1779 1232 1828 navibus,
1260 1780 1312 1820 ad
1325 1780 1516 1819 Pteleum

160 1844 338 1899 primum
356 1844 604 1884 continentis
623 1844 745 1884 venit.
785 1843 841 1883 ibi
854 1842 1119 1897 Eurylochus
1142 1843 1178 1882 ei
1191 1841 1517 1896 BIagnetarches

160 1905 449 1960 1,)1·incipcsque
464 1906 714 1960 Blagnetum
741 1906 792 1945 ab
807 1905 1076 1945 Demetriade
1104 1904 1390 1951 obcurrerunt3
1418 1918 1519 1956 quo-

160 1983 250 2007 rum
277 1967 508 2020 frequentia
539 1968 672 2008 laetus
706 1967 770 2008 die
802 1976 969 2022 postero
996 1967 1037 2006 in
1068 1975 1232 2020 portum
1264 1965 1377 2006 urbis
1404 1964 1519 2005 navi-

160 2030 238 2070 bus
265 2036 325 2070 est
352 2030 560 2078 invectus,
589 2030 728 2085 copias
755 2030 866 2070 haud
892 2029 1035 2083 procul
1061 2029 1155 2069 inde
1183 2027 1385 2082 exposuit.
1447 2026 1516 2067 de-

162 2106 251 2132 cem
265 2091 377 2131 milia
397 2091 581 2146 peditum
596 2092 711 2132 fuere
727 2100 768 2132 et,
783 2091 997 2146 quingenti
1012 2091 1186 2144 equites,
1209 2105 1282 2130 sex
1297 2088 1518 2143 elephanti,

163 2153 230 2193 vix
256 2154 310 2193 ad
331 2152 552 2194 Graeciam
578 2154 732 2194 nudam
758 2155 1043 2209 occupandam
1070 2153 1170 2194 satiS
1197 2152 1421 2206 copiarum,
1448 2166 1520 2192 ne-

163 2215 260 2255 dum
286 2216 339 2255 ad
365 2215 653 2256 sustinendum
677 2216 915 2256 Romanum
940 2215 1108 2256 bellum.

247 2277 406 2323 Aetoli,
444 2285 666 2332 postquam
701 2277 1016 2318 Demetriadem
1058 2276 1223 2317 venisse
1260 2275 1517 2316 Antiochum

163 2339 347 2380 adlatum
380 2350 460 2389 est,
499 2340 672 2380 concilio
709 2340 864 2380 indicto
895 2340 1106 2380 decretum
1143 2353 1224 2391 quo
1262 2348 1520 2379 accerserent

164 2418 259 2443 eum
295 2403 494 2443 fecerunt.
554 2403 636 2442 iam
667 2403 878 2457 profectus
911 2402 962 2442 ab
993 2401 1263 2442 Demetriade
1294 2416 1385 2448 rex,
1424 2400 1520 2453 quia

163 2465 220 2505 ita
246 2465 482 2505 decreturos
511 2465 685 2513 sciebat,
724 2464 905 2504 Phalara
936 2464 977 2503 in
1010 2463 1145 2503 sinum
1170 2462 1399 2503 BIaliacum
1423 2477 1519 2517 pro-

164 2534 359 2568 cesserat.
430 2527 526 2567 inde
569 2527 733 2567 decreto
776 2534 946 2580 accepto
982 2525 1177 2565 Lamiam
1221 2524 1350 2573 venit,
1399 2538 1520 2564 exce-

164 2596 260 2643 ptus
298 2589 455 2644 ingenti
492 2589 634 2630 favore
671 2587 944 2628 multitudinis
984 2602 1074 2628 eum
1112 2587 1327 2641 plausibus
1366 2586 1520 2626 clamo—

1223 2652 1288 2685 14*

1539 304 1578 334 10

1543 429 1579 457 ll

1544 740 1581 770 13

1543 864 1581 892 14

1544 1297 1561 1324 Ιὺ

1546 2289 1561 2317 *Ι
