1799 2900
291 115 374 155 460
578 121 731 154 LlssER
756 121 922 163 XXXX,
950 120 1004 153 41.
1023 120 1078 155 42.
1107 124 1155 164 [a.
1171 133 1204 154 u.
1221 132 1250 155 c.
1265 122 1347 166 bu]

291 240 435 265 caesae
463 225 750 276 frumentaque
777 223 935 272 deusta,
963 223 1093 264 donec
1119 224 1304 264 cladibus
1331 224 1522 265 (anilibus
1550 223 1644 264 belli

246 302 263 330 (5
291 286 419 326 coacti
440 286 480 325 in
502 285 753 325 deditionem
774 292 974 325 venerunt
994 299 1187 338 armaque
1214 286 1482 327 tradiderunt.
1531 286 1646 326 navi-

291 350 366 388 bus
399 348 493 388 inde
517 347 760 388 Postumius
793 348 845 387 ad
877 347 1091 387 visendam
1124 363 1238 388 oram
1268 350 1552 403 Ingaunorum
1577 349 1647 389 In—

248 426 261 452 ῖ
290 410 629 462 temeliorumque
649 403 856 462 Ligssrurum
876 410 1090 464 processit.
1133 410 1373 464 priusquam
1394 411 1433 450 hi
1456 410 1646 451 consules

291 471 478 511 venirent
509 471 562 510 ad
593 471 838 519 exercitum,
878 471 946 523 qui
970 471 1093 512 Pisas
1120 471 1297 511 indictus
1324 481 1429 521 erat,
1460 481 1648 527 praeerat

289 533 343 573 A.
374 532 629 572 Postumius.
697 532 822 572 frater
854 532 908 584 Q.
939 533 1077 573 Fulvii
1114 533 1174 574 M.
1206 534 1381 574 Fulvius
1417 534 1649 574 Nobilior--

245 610 263 636 s
291 594 496 634 secundae
533 594 708 648 legionis
748 594 969 646 (Fulvius)
1009 596 1197 635 tribunus
1235 595 1410 635 militum
1446 595 1480 635 is
1511 604 1648 635 erat—

290 657 501 696 mensibus
529 656 613 696 suis
641 656 796 696 dimisit
820 656 1039 710 legionem,
1066 657 1151 697 inre
1174 657 1345 697 iurando
1372 657 1528 697 adactis
1554 670 1649 696 cen-

292 719 539 767 turionibus,
573 734 642 759 aes
669 718 709 758 in
737 719 938 758 aerarium
964 719 1016 759 ad
1042 729 1281 772 quaestores
1309 734 1401 759 esse
1428 718 1648 759 delaturos.

247 797 263 823 υ
291 781 370 822 1100
405 781 474 821 ubi
512 781 771 821 Placentiam
807 806 840 809 —
876 796 971 821 nam
1009 796 1056 821 eo
1101 782 1206 822 sorte
1244 789 1331 821 erat
1372 781 1582 835 profectus
1618 804 1650 809 -—

291 843 403 883 Aulo
429 844 662 883 nuntiatum
688 851 769 891 est,
809 858 902 883 cum
929 843 1135 896 equitibus
1163 842 1366 897 expeditis
1400 850 1564 883 secutus
1592 842 1651 882 di-

292 906 461 954 missos,
499 920 602 958 quos
640 921 781 946 eorum
820 905 952 960 potuit
991 906 1181 958 adsequi,
1219 905 1389 946 deduxit
1427 905 1650 959 castigatos

227 982 265 1009 10
289 969 432 1016 Pisas,
471 968 522 1008 de
548 968 694 1008 ceteris
722 968 933 1008 consulem
960 968 1177 1008 certiorem
1202 968 1312 1008 fecit.
1373 983 1421 1008 00
1446 968 1651 1008 referente

293 1038 459 1071 senatus
481 1030 715 1070 consultum
735 1030 890 1070 factum
911 1037 986 1079 est,
1013 1039 1058 1070 ut
1072 1031 1133 1070 M.
1148 1030 1322 1071 Fulvius
1344 1030 1386 1070 in
1401 1030 1650 1084 Hispaniam

291 1092 543 1146 relegaretur
568 1092 674 1132 ultra
695 1108 843 1132 novam
861 1091 1173 1146 Carthaginem,
1200 1092 1443 1145 litteraeque
1470 1092 1508 1132 ei
1533 1092 1652 1132 datae

293 1162 387 1194 sunt
420 1170 443 1194 a
469 1154 637 1194 consule
671 1155 723 1194 ad
747 1154 796 1194 P.
823 1154 1031 1194 Manlium
1062 1154 1104 1194 in
1136 1154 1386 1209 Hispaniam
1417 1154 1652 1194 ulteriorem

228 1230 263 1258 11
294 1216 559 1264 (Ιο101·011(Ῑηο;
594 1215 742 1256 milites
770 1216 869 1256 iussi
897 1216 950 1255 ad
976 1217 1095 1270 signa
1121 1216 1267 1256 redire.
1328 1230 1454 1256 causa
1477 1215 1653 1269 ignomi-

292 1278 384 1318 niae
409 1277 468 1317 uti
495 1286 693 1317 semestre
725 1278 976 1331 stipendium
1007 1278 1048 1317 in
1081 1293 1174 1317 eum
1207 1292 1360 1317 annum
1393 1286 1504 1317 esset
1529 1277 1565 1318 ei
1592 1277 1650 1317 le-

293 1339 406 1394 gioni
432 1340 660 1388 decretum;
689 1340 757 1392 qui
783 1340 900 1379 miles
923 1339 975 1379 ad
995 1339 1220 1379 exercitum
1242 1355 1324 1380 non
1343 1339 1532 1388 redisset,
1560 1354 1652 1380 011111

293 1402 429 1456 ipsum
455 1402 645 1454 bonaque
672 1402 759 1442 eius
786 1401 964 1441 vendere
992 1402 1135 1441 consul
1160 1402 1312 1441 iussus.

254 1478 262 1505 1
379 1462 633 1503 XXXXH.
695 1463 857 1503 Eodem
889 1477 997 1503 anno
1030 1463 1082 1503 L.
1114 1462 1348 1511 Duronius,
1391 1463 1459 1515 qui
1490 1470 1655 1517 praetor

295 1540 403 1564 anno
436 1524 646 1578 superiore
676 1522 869 1578 [suerat],
908 1539 959 1564 ex
985 1524 1151 1577 Illpieo
1184 1538 1278 1563 cum
1310 1524 1453 1564 decem
1478 1524 1654 1566 navibus

294 1586 566 1626 Brundisium
602 1586 742 1634 rediit„
780 1586 875 1626 inde
912 1585 954 1625 111
996 1594 1117 1640 portu
1156 1586 1308 1626 relictis
1347 1585 1522 1626 navibus
1563 1600 1654 1626 cum

296 1648 480 1688 venisset.
494 1647 686 1696 Romam,
713 1648 818 1688 inter
844 1648 1112 1702 exponendas
1137 1663 1203 1688 res
1231 1662 1332 1701 quas
1359 1648 1416 1688 ibi
1440 1648 1655 1702 gessisset,

295 1709 407 1750 haud
434 1709 556 1749 dubie
582 1709 624 1749 in
649 1725 790 1764 regem
812 1709 1049 1763 Illyriorum
1073 1709 1271 1750 Gentium
1294 1708 1497 1750 latrocinii
1523 1711 1656 1751 omnis

295 1773 489 1813 maritimi
515 1787 684 1813 causam
711 1773 877 1813 avertit:
904 1788 955 1813 cx
975 1788 1104 1827 regno
1125 1772 1212 1813 eins
1234 1788 1377 1813 omnes
1398 1787 1526 1813 naves
1550 1788 1655 1821 esse,

296 1850 400 1888 qnae
426 1835 564 1889 superi
590 1835 714 1875 maris
741 1850 856 1875 oram
882 1834 1155 1889 depopulatae
1181 1844 1339 1883 essentg
1367 1835 1416 1874 de
1443 1835 1506 1875 his
1531 1835 1655 1876 rebus

294 1899 455 1953 legatos
481 1897 658 1946 misisse,
685 1912 761 1938 nec
787 1912 890 1938 conx
895 1897 1060 1937 enicndi
1084 1898 1194 1951 legis
1216 1904 1464 1951 potestatem
1489 1898 1655 1938 factam.

251 1974 269 2002 3
296 1967 495 2000 xeneiant
518 1960 697 2000 Romam
728 1959 854 2013 lowati
885 1974 909 1999 a
936 1958 1107 2008 Gentio,
1147 1959 1215 2011 qui
1246 1973 1327 2011 quo
1357 1966 1540 2012 tempme
1572 1959 1657 1999 Ro-

298 2022 408 2063 mani
445 2021 715 2062 eomeniendi
753 2021 864 2075 reois
904 2035 1029 2061 causa
1068 2020 1295 2069 xenissent,
1345 2036 1516 2075 aegrum
1552 2021 1657 2061 forte

253 2098 270 2126 -1
298 2099 391 2124 eum
416 2084 459 2123 in
484 2084 637 2124 ultimis
663 2083 849 2138 paitibus
873 2083 1001 2123 luisse
1021 2084 1139 2137 logni
1161 2083 1361 2123 dicerzent
1389 2090 1527 2136 petele
1545 2081 1658 2123 Gen-

296 2146 399 2186 tium
432 2146 483 2186 ab
516 2152 680 2193 senatu,
719 2160 770 2185 ne
801 2145 1017 2185 crederent
1049 2145 1234 2185 confictis
1267 2144 1505 2184 criminibus
1531 2144 1572 2184 in
1599 2160 1655 2193 se,

297 2223 401 2261 quae
426 2208 579 2248 inimici
607 2208 864 2248 detulissent.
926 2207 978 2247 ad
1004 2222 1052 2248 ea
1076 2207 1291 2247 Duronius
1319 2206 1485 2255 adiecit,
1517 2206 1655 2246 multis

298 2270 455 2310 civibus
488 2269 689 2310 Romanis
722 2276 762 2309 et
794 2269 916 2309 sociis
942 2269 1085 2309 Latini
1115 2269 1293 2309 nominis
1323 2268 1493 2308 iniurias
1525 2268 1656 2309 factas

298 2332 339 2371 in
369 2347 500 2386 regno
532 2332 620 2372 eius
653 2339 692 2372 et
726 2332 836 2372 cives
888 2332 1083 2372 'iomanes
1121 2331 1200 2371 dici
1234 2330 1442 2384 Corcyrae
1478 2331 1656 2371 retineri.

256 2407 272 2435 5
299 2410 369 2434 eos
396 2409 539 2435 omncs
565 2394 745 2435 Romam
777 2394 925 2434 adduci
958 2393 1130 2448 placuit,
1170 2392 1218 2434 C.
1248 2392 1470 2434 Claudium
1496 2400 1657 2447 praeto-

297 2471 383 2495 rem
422 2470 692 2509 cognoscere,
730 2471 864 2509 neque
902 2463 996 2496 ante
1030 2455 1182 2496 Gentio
1217 2455 1306 2509 regi
1336 2455 1538 2509 legatisve
1570 2455 1656 2495 eius

300 2532 546 2571 responsum
570 2518 700 2559 reddi.

257 2593 273 2621 (3
384 2580 497 2619 Inter
522 2580 674 2621 multos
702 2581 823 2629 alios,
861 2596 964 2634 quos
996 2580 1232 2636 pestilentia
1257 2580 1343 2621 eius
1369 2579 1464 2619 anni
1491 2579 1653 2619 absum—

251 1786 268 1814 10
