1799 2900
450 79 603 113 LIBER
628 79 831 124 XXXVII,
858 79 1002 115 43-45.
1031 80 1233 124 [a.0.190]
1434 71 1515 112 297

168 181 302 223 media
326 181 506 222 maxime
539 182 626 223 acie
660 183 987 233 cumulaverant,
1025 183 1096 225 ubi
1120 191 1161 224 et
1191 184 1316 225 robur
1340 183 1517 224 fortissi-

167 258 327 285 morum
374 243 551 284 virorum
589 252 627 285 et
671 260 786 286 arma
821 247 1023 301 gravitate
1065 247 1208 301 fugam
1243 246 1514 301 inpedierant,

165 312 343 360 pergunt
369 305 420 345 ad
446 313 582 346 castra
607 306 849 361 diripienda.
893 308 1050 362 equites
1077 308 1198 364 primi
1223 309 1405 349 omnium
1430 309 1517 348 Eu-
1542 320 1560 349 8

166 368 317 417 menis,
345 368 492 408 deinde
526 375 566 409 et
596 368 699 410 alius
731 370 936 422 equitatus
968 378 1054 411 toto
1085 371 1243 425 passim
1274 385 1419 425 campo
1452 386 1517 411 se-

166 436 313 470 cuntur
348 429 529 479 hostem,
568 437 609 471 et
644 438 896 485 postremos,
934 440 979 472 ut
1010 447 1195 485 quosque
1234 433 1371 487 adepti
1408 441 1515 481 sunt,

166 491 355 532 caedunt.
430 499 613 532 ceterum
649 492 904 547 fugientibus
941 494 1072 535 maior
1107 494 1236 548 pestis
1273 494 1513 535 intermistis
1542 508 1559 536 9

165 553 374 608 quadrigis
416 554 729 608 elephantisque
762 564 802 595 et
837 556 1003 596 camelis
1036 564 1123 597 erat
1155 563 1193 596 et
1228 571 1303 596 sua
1332 556 1517 610 ipsorum

163 617 302 665 turba,
341 630 433 657 cum
467 617 610 657 solutis
643 617 856 658 ordinibus
889 619 1000 658 velut
1034 618 1145 659 caeci
1172 633 1296 673 super
1320 618 1422 659 alios
1449 618 1517 658 alii

162 686 328 719 ruerent
353 688 393 720 et
417 679 586 719 incursu
614 680 825 720 beluarum
851 680 1146 721 obtererentur.
1178 680 1220 720 in
1246 680 1390 720 castris
1417 694 1517 733 quo-
1544 693 1583 723 10

164 755 243 794 que
268 741 414 795 ingens
437 748 476 782 et
500 742 630 782 maior
654 757 782 796 prope
803 757 926 795 quam
951 743 992 782 in
1014 742 1099 783 acie
1125 742 1273 782 caedes
1300 750 1361 783 est
1388 743 1514 790 edita3

163 817 259 842 nam
291 811 331 843 et.
366 804 592 857 primorum
630 804 731 858 fuga
760 804 803 843 in
834 811 970 844 castra
998 804 1177 844 maxime
1210 804 1439 852 inclinavit,
1477 812 1517 844 et

164 863 283 905 huius
309 865 461 905 fiducia
490 865 764 906 multitudinis
791 865 859 919 qui
889 866 930 905 in
956 866 1162 920 praesidio
1189 873 1305 906 erant
1335 865 1516 920 pertina-

164 926 250 966 cius
286 942 360 981 pro
398 927 506 968 vallo
542 935 793 982 pugnarunt.
866 928 1013 967 retenti
1058 927 1099 967 in
1141 927 1271 982 portis
1308 928 1512 980 valloque,
1542 941 1577 969 11

163 1003 268 1041 quae
301 1004 345 1029 se
375 989 516 1043 inpetu
546 990 636 1043 ipso
663 997 854 1043 capturos
882 989 1158 1037 crediderant,
1189 989 1368 1030 Romani
1398 998 1514 1043 post-

164 1065 287 1102 quam
324 1052 492 1091 tandem
528 1058 822 1106 perruperunt,
860 1052 911 1092 ab
942 1051 1003 1091 ira
1033 1050 1267 1104 graviorem
1299 1052 1514 1092 ediderunt

163 1113 344 1153 caedem.

245 1174 548 1216 XXXXHH.
597 1175 669 1215 Ad
700 1174 998 1229 quinquaginta
1034 1175 1147 1215 milia
1177 1174 1362 1230 peditum
1394 1189 1515 1216 caesa
1543 1190 1553 1217 1

161 1251 210 1277 eo
236 1237 300 1277 die
327 1237 530 1286 dicuntur,
558 1237 741 1290 equitum
768 1238 845 1278 tria
869 1238 995 1285 milia,
1022 1237 1132 1278 mille
1159 1245 1199 1277 et
1223 1237 1512 1291 quadringenti

163 1299 272 1353 capti
297 1306 338 1339 et
357 1299 591 1352 quindecim
611 1313 704 1339 cum
724 1299 952 1341 rectoribus
973 1299 1194 1354 elephanti.
1230 1299 1515 1340 Romanorum

161 1360 316 1413 aliquot
341 1361 544 1402 vulnerati
570 1369 683 1410 sunt3
716 1361 952 1402 ceciderunt
976 1377 1060 1402 non
1083 1361 1177 1416 plus
1204 1362 1375 1402 trecenti
1399 1361 1515 1416 pedi-

160 1429 242 1472 tes,
276 1431 468 1476 quattuor
500 1431 539 1464 et
564 1424 711 1478 viginti
736 1424 916 1478 equites,
955 1431 995 1465 et
1027 1424 1076 1464 de
1102 1424 1304 1464 Eumenis
1331 1423 1513 1464 exercitu

162 1485 340 1538 quinque
367 1494 407 1527 et
431 1485 590 1540 viginti.

244 1548 302 1587 Et
331 1547 400 1588 illo
433 1548 599 1600 quidem
635 1548 700 1589 die
732 1548 908 1589 victores
940 1548 1110 1603 direptis
1150 1548 1331 1589 hostium
1366 1548 1510 1588 castris
1539 1560 1556 1588 3

161 1623 254 1649 cum
284 1624 437 1664 magna
467 1610 621 1664 praeda
651 1610 693 1650 in
720 1626 794 1650 sua
818 1617 1093 1659 reverterunt,
1126 1618 1293 1664 postero
1326 1610 1391 1650 die
1418 1625 1514 1664 spo-

159 1671 316 1712 liabant
341 1686 554 1713 caesorum
577 1688 749 1728 corpora
768 1680 808 1713 et
834 1673 1018 1727 captivos
1040 1672 1352 1713 contrahebant.
1385 1671 1511 1725 legati
1537 1684 1557 1713 4

161 1735 212 1775 ab
239 1734 440 1788 Thyatira
466 1741 503 1775 ct
530 1735 754 1789 Blagnesia
779 1735 831 1775 ad
858 1734 1049 1789 Sipylum
1075 1734 1128 1774 ad
1154 1734 1364 1774 dedendas
1390 1734 1512 1773 urbes

160 1804 374 1837 venerunt.
428 1797 664 1838 Antiochus
692 1812 783 1837 cum
809 1797 952 1851 paucis
979 1796 1156 1851 fugiens,
1183 1796 1225 1835 in
1251 1795 1342 1850 ipso
1367 1796 1512 1836 itinere
1538 1810 1557 1838 5

159 1858 346 1912 pluribus
369 1859 719 1914 congregantibus
747 1874 803 1907 se,
831 1859 992 1899 modica
1012 1873 1137 1898 manu
1157 1865 1408 1898 armatorum
1427 1872 1513 1898 me-

161 1919 228 1960 dia
259 1919 388 1961 ferme
419 1929 540 1962 nocte
573 1920 717 1961 Sardis
756 1921 980 1961 contendit.
1040 1920 1156 1969 inde,
1196 1933 1289 1959 cum
1327 1919 1512 1959 audisset
1538 1933 1555 1962 6

163 1980 384 2022 Seleucum
419 1983 548 2022 filium
582 1990 622 2023 ct
658 1983 860 2036 quosdam
893 1982 1118 2023 amicorum
1149 1982 1383 2036 Apameam
1419 1995 1514 2035 pro-

160 2058 348 2097 gi·eSSOS‚
381 2051 419 2084 et
451 2044 539 2098 ipse
565 2052 711 2097 quarta
742 2044 882 2099 vigilia
908 2058 1000 2083 cum
1026 2043 1200 2097 coniuge
1226 2057 1274 2083 ac
1304 2042 1388 2082 filia
1411 2042 1513 2096 petit

159 2107 395 2160 Apameam
408 2107 580 2147 Xenoni
605 2107 755 2147 tradita
781 2107 968 2147 custodia
993 2106 1120 2154 urbis,
1148 2105 1323 2145 Timone
1349 2104 1512 2157 Lydiae

159 2169 415 2222 praeposit03
449 2169 597 2221 quibus
631 2170 779 2224 spretis
813 2184 1018 2209 consensu
1045 2168 1346 2223 oppidanorum
1372 2175 1412 2207 et
1436 2167 1512 2207 mi-
1538 2181 1553 2208 7

160 2229 291 2275 litum,
319 2231 388 2282 qui
413 2231 455 2270 in
481 2245 573 2271 arce
599 2238 727 2279 erant,
754 2231 882 2285 legati
908 2231 960 2270 ad
986 2230 1200 2270 consulem
1224 2229 1341 2269 missi
1368 2236 1476 2269 sunt.

245 2291 493 2334 XXXXV.
539 2292 628 2333 Sub
654 2293 763 2333 idem
795 2293 880 2333 fere
906 2300 1068 2347 tempus
1095 2300 1134 2332 et
1160 2293 1212 2332 ab
1238 2291 1446 2331 Trallibus
1473 2298 1513 2331 et
1540 2305 1553 2333 1

160 2355 212 2395 ab
244 2354 468 2409 Magnesia
504 2369 607 2407 quae
641 2370 763 2409 super
792 2355 1070 2395 Maeandrum
1098 2362 1160 2395 est
1192 2361 1232 2394 et
1263 2354 1315 2394 ab
1340 2353 1511 2408 Epheso

160 2417 213 2457 ad
239 2417 448 2457 dedendas
475 2417 598 2457 urbes
625 2424 837 2457 venerunt.
897 2417 1118 2469 reliquerat
1142 2416 1360 2470 Ephesum
1384 2415 1510 2468 Poly·
1535 2427 1552 2456 2

160 2478 332 2519 xenidas
360 2478 499 2519 audita
528 2493 687 2533 pugna,
719 2485 760 2518 et
784 2477 907 2518 classi
937 2492 1069 2531 usque
1097 2478 1148 2518 ad
1172 2478 1326 2518 Patara
1350 2476 1509 2530 Lyciae

160 2547 397 2595 pervectus,
435 2548 547 2581 metu
584 2539 771 2581 stationis
808 2539 1066 2581 Rhodiarum
1097 2539 1282 2589 navium,
1322 2553 1426 2592 quae
1457 2537 1509 2577 ad

1541 1314 1558 1342 [ὗ
