1799 2900
219 185 272 226 62
505 190 658 225 LIBER
683 189 852 230 XXXII,
881 190 933 223 19.
954 190 1008 224 ΞΟ.
1039 192 1086 234 [a.
1103 201 1138 224 u.
1155 201 1184 224 c.
1199 190 1281 235 556]

220 311 298 350 que
346 293 552 335 communi
598 308 741 333 omnes
798 292 968 333 consilio
1018 291 1264 334 Corinthum
1313 293 1565 348 obpugnare.

173 371 193 400 4
219 359 419 412 optimum
450 355 575 409 igitur
605 362 720 394 ratus
747 362 829 403 est,
866 355 1107 409 priusquam
1133 370 1223 396 eam
1254 370 1341 396 rem
1367 355 1569 409 adgrede-

215 426 374 466 rentur,
412 417 572 470 legatos
605 416 658 455 ad
689 423 857 470 gentem
887 416 1154 457 Achaeorum
1184 417 1290 457 mitti
1321 417 1567 471 pollicentis,

218 481 252 520 si
278 480 328 520 ab
358 493 456 533 rege
489 478 541 518 ad
564 478 777 518 Romanos
811 478 1079 527 defecissent,
1113 478 1358 521 Corinthum
1391 479 1439 520 iis
1472 493 1569 520 eon-

173 557 191 585 5
218 542 441 582 tributuros
473 541 515 580 in
541 539 721 580 anticum
747 539 882 594 gentis
910 540 1141 580 concilium.
1202 548 1367 581 auctore
1399 541 1568 581 consule

217 603 342 657 legati
374 617 398 642 a
427 602 532 643 fatre
564 601 651 642 eius
683 602 737 642 L.
769 602 964 653 Quinctio
996 609 1037 643 et
1065 602 1210 643 Attalo
1246 610 1287 642 et
1315 603 1491 643 Rhodiis
1530 610 1571 642 et

173 679 189 707 6
216 664 546 705 Atheniensibus
574 664 626 704 ad
650 664 846 704 Achaeos
872 664 1001 704 missi.
1053 663 1232 718 Sicyone
1259 665 1399 704 datum
1426 671 1489 705 est
1519 664 1569 705 iis

218 726 451 767 concilium.
513 733 601 767 erat.
637 733 775 766 autem
811 740 894 765 non
932 726 1154 765 admodum
1191 726 1367 780 simplex
1405 726 1569 766 habitus

217 789 321 829 inter
341 788 536 829 Achaeos
564 787 812 828 animorum:
839 788 1019 828 terrebat
1042 787 1172 828 Nabis
1193 787 1569 836 Lacedaemonius,

175 865 191 892 7
218 850 357 906 gravis
383 857 423 891 et
443 850 641 890 adsiduus
668 849 819 898 hostis3
846 849 1070 889 horrebant
1093 848 1285 889 Romana
1311 864 1442 896 arma3
1474 849 1570 889 Ma-

218 913 421 953 cedonum
464 911 674 952 beneficiis
719 919 757 952 et
800 912 1009 951 veteribus
1047 918 1088 951 et
1128 911 1362 951 recentibus
1400 910 1572 965 obligati

218 984 352 1023 erant3
378 990 521 1029 regem
545 974 683 1028 ipsum
710 981 949 1028 suspectum
976 973 1186 1013 habebant
1210 988 1284 1027 pro
1311 973 1399 1014 eius
1426 974 1571 1014 crude-

172 1047 191 1077 8
217 1037 330 1077 litate
372 1037 646 1091 perfidiaque,
695 1051 829 1089 neque
868 1051 918 1076 ex
960 1035 1009 1075 iis
1048 1050 1153 1088 quae
1190 1042 1277 1074 tum
1315 1036 1367 1075 ad
1407 1042 1571 1090 tempus

217 1099 370 1139 faceret
413 1098 701 1148 aestimantes,
746 1098 980 1152 graviorem
1023 1104 1119 1152 post
1160 1097 1314 1137 bellum
1359 1097 1572 1138 dominum

173 1174 190 1203 9
218 1161 402 1201 futurum
428 1161 664 1201 cernebant.
714 1175 848 1213 neque
875 1160 1008 1200 solum
1034 1159 1133 1212 quid
1157 1159 1199 1199 in
1226 1167 1372 1200 senatu
1397 1159 1572 1213 quisque

218 1222 394 1262 civitatis
438 1237 536 1262 suae
580 1230 650 1262 aut
690 1222 733 1262 in
769 1221 1057 1262 communibus
1096 1221 1278 1261 conciliis
1323 1222 1458 1275 gentis
1496 1237 1571 1276 pro

152 1297 192 1325 10
219 1284 423 1324 sententia
448 1284 631 1324 dicerent
655 1284 916 1338 ignorabant,
944 1283 1018 1322 sed
1042 1298 1093 1323 ne
1112 1283 1214 1336 ipsis
1236 1283 1401 1335 quidem
1429 1297 1568 1323 secum

217 1346 493 1400 cogitantibus
509 1346 607 1398 quid
627 1346 778 1386 vellent
799 1354 866 1385 aut
887 1344 985 1397 quid
1005 1353 1192 1398 optarent
1220 1344 1319 1385 satis
1340 1345 1569 1386 constabat.

218 1408 270 1447 ad
290 1407 477 1448 homines
498 1407 555 1447 ita
575 1407 753 1447 incertos
775 1406 1019 1447 introductis
1040 1406 1188 1460 legatis
1207 1414 1392 1460 potestas
1409 1406 1570 1447 dicendi

153 1482 189 1511 11
217 1469 328 1509 sacta
371 1478 445 1510 est.
522 1469 737 1510 Romanus
781 1469 960 1522 primum
1002 1468 1166 1522 legatus
1210 1468 1262 1508 L.
1303 1467 1570 1522 Calpurnius,

218 1530 366 1570 deinde
391 1531 525 1570 Attali
550 1531 661 1585 regis
687 1530 832 1584 legati,
864 1538 960 1583 post
991 1544 1061 1569 eos
1087 1529 1242 1569 Rhodii
1268 1529 1570 1578 disseruerunt3

152 1605 190 1633 12
215 1592 402 1646 Philippi
439 1592 587 1632 deinde
627 1592 777 1646 legatis
813 1599 999 1646 potestas
1035 1591 1198 1630 dicendi
1234 1591 1345 1631 facta
1382 1598 1462 1640 est3
1499 1607 1573 1646 po—

218 1654 360 1694 stremi
384 1654 682 1702 Athenienses,
708 1661 752 1693 ut
776 1653 1014 1693 refellerent
1039 1652 1322 1693 Blacedonum
1347 1652 1474 1701 dicta,
1502 1668 1573 1693 au-

217 1716 290 1755 diti
324 1723 431 1755 sunt.
491 1715 518 1755 ii
551 1715 637 1756 fere
668 1714 924 1756 atrocissime
955 1715 997 1754 in
1027 1729 1189 1769 regem,
1227 1715 1323 1767 quia
1358 1715 1460 1754 nulli
1495 1729 1574 1756 nec

152 1788 190 1817 13
215 1777 335 1832 plura
358 1791 435 1817 nec
465 1785 551 1817 tam
582 1778 731 1818 acerba
761 1777 876 1831 passi
909 1784 1044 1825 erant,
1081 1777 1233 1817 invecti
1265 1783 1372 1817 sunt.
1434 1784 1473 1817 et
1504 1777 1575 1817 illa

216 1839 382 1892 quidem
408 1839 544 1879 contio
571 1839 648 1879 sub
674 1853 868 1879 oceasum
896 1838 993 1878 solis
1020 1846 1079 1879 tot
1104 1838 1337 1893 legatorum
1360 1838 1571 1893 perpetuis

217 1901 471 1941 orationibus
499 1901 563 1941 die
589 1901 811 1955 absumpto
838 1900 1009 1940 dimissa
1034 1908 1110 1940 est.

173 1976 185 2003 1
301 1962 411 2003 XX.
459 1963 637 2003 Postero
663 1962 729 2002 die
756 1963 981 2002 advocatur
1007 1961 1244 2009 concilium3
1284 1961 1357 2001 ubi
1382 1975 1475 2001 eum
1499 1975 1573 2015 per

215 2039 476 2078 praeconem,
500 2024 606 2064 sieut
627 2023 799 2064 Graecis
819 2039 909 2063 mos
925 2030 1000 2071 est,
1024 2023 1238 2071 suadendi,
1267 2022 1301 2062 si
1322 2022 1412 2075 quis
1433 2022 1570 2071 vellet,

215 2094 401 2140 potestas
417 2102 439 2126 a
453 2085 764 2139 magistratibus
788 2086 895 2125 facta
917 2092 1026 2125 esset
1047 2098 1123 2124 nec
1137 2084 1355 2136 quisquam
1374 2084 1570 2138 prodiret,

171 2158 189 2186 ⁴2
217 2148 286 2187 diu
306 2148 515 2188 silentium
535 2148 709 2187 aliorum
729 2147 829 2187 alios
855 2146 1103 2187 intuentium
1144 2145 1233 2186 suit.
1255 2160 1389 2198 neque
1409 2145 1570 2194 mirum,

217 2209 252 2250 si
277 2209 425 2262 quihus
453 2225 527 2250 sua
559 2218 706 2264 sponte
732 2208 1011 2249 volutantibus
1038 2223 1103 2248 res
1130 2207 1236 2247 inter
1262 2222 1306 2248 se
1336 2221 1572 2261 repugnan-

216 2278 278 2311 tes
312 2273 608 2326 obtorpuerant
638 2272 817 2325 quodam
848 2271 971 2311 modo
1005 2269 1149 2318 animi,
1188 2285 1258 2310 eos
1298 2269 1333 2310 si
1365 2269 1570 2310 orationes

217 2347 379 2385 quoque
400 2334 569 2388 insuper
595 2334 861 2374 turbaverant,
881 2333 1087 2385 utrimque
1109 2346 1214 2385 quae
1231 2331 1414 2371 difficilia
1433 2337 1572 2372 essent

174 2404 192 2432 3
218 2396 444 2448 promendo
460 2396 804 2448 admonendoque
824 2410 896 2450 per
916 2402 1049 2435 totum
1065 2394 1173 2434 diem
1193 2393 1372 2434 habitae.
1404 2393 1571 2433 tandem

218 2455 485 2504 Aristaenus,
527 2465 692 2511 praetor
727 2457 1017 2504 Achaeorum,
1054 2471 1106 2496 ne
1144 2455 1315 2496 tacitum
1352 2454 1571 2495 concilium

219 2516 452 2565 dimitteret,
481 2519 584 2558 ‘ubi’
611 2519 743 2572 inquit
770 2519 859 2558 ‘illa
883 2518 1107 2558 certamina
1132 2517 1375 2565 animorum,
1394 2515 1569 2563 Achaei,

220 2585 333 2625 sunt,
367 2579 513 2629 quibus
545 2580 587 2619 in
613 2581 811 2621 conviviis
839 2588 879 2621 et
905 2580 1086 2627 circulis,
1115 2594 1208 2620 eum
1234 2580 1283 2620 de
1308 2578 1503 2632 Philippo
1529 2585 1568 2617 et

175 2650 195 2678 4
219 2638 418 2678 Romanis
451 2641 604 2682 mentio
636 2642 796 2691 incidit,
828 2642 900 2682 vix
925 2642 1115 2682 manibus
1147 2640 1414 2695 temperatis?
1460 2651 1570 2679 nunc
