1799 2900
229 157 282 199 68
517 164 667 198 LIBER
693 163 861 207 xxxu,
887 163 940 197 23.
960 162 1013 197 24.
1042 165 1091 206 [a.
1107 175 1141 198 u.
1157 164 1281 207 0556]

227 275 365 309 rantes
399 266 644 307 seditionem
675 265 785 306 intus
824 265 911 306 fore
943 266 1049 306 inter
1079 266 1308 321 oppidanos
1340 280 1388 307 ac
1419 266 1579 319 regium

181 345 200 373 5
228 329 493 385 praesidium.
552 334 774 381 postquam
799 342 881 367 uno
907 327 1043 368 animo
1070 343 1233 376 omncs,
1259 336 1299 369 ct
1324 328 1580 369 Macedones

228 401 437 443 tamquam
463 403 724 429 communem
749 389 926 442 patriam
952 390 1184 438 tuebantur,
1211 397 1251 430 et
1277 389 1481 430 Corinthii
1508 390 1582 429 du-

228 468 316 493 cem
347 450 543 505 praesidii
574 450 901 490 Androsthenen
928 450 1040 490 haud
1072 465 1191 491 secus
1224 465 1346 503 quam
1378 452 1509 491 civem
1542 459 1582 491 ct

229 513 429 567 suffragio
450 519 634 552 creatum
655 527 729 552 suo
748 512 920 565 imperio
940 512 982 552 in
1008 527 1051 553 se
1071 513 1129 552 uti
1148 513 1421 566 patiebantur,
1449 513 1581 554 omnis

227 575 322 615 inde
362 589 457 628 spes
495 573 779 627 pugnantibus
810 573 852 613 in
885 573 925 613 vi
958 581 998 614 et
1029 574 1152 614 armis
1185 583 1225 614 et
1256 575 1449 628 operibus
1481 582 1581 615 erat.

182 649 199 678 6
228 636 409 688 undique
431 649 606 689 aggeres
633 634 745 674 haud
769 634 880 675 facili
906 635 1018 675 aditu
1044 635 1097 675 ad
1118 635 1280 675 moenia
1305 636 1584 677 admoveban-

229 706 306 738 tur.
367 697 473 737 aries
505 712 557 737 ex
587 711 637 736 ea
666 703 783 750 parte
815 711 940 749 quam
969 696 1149 736 Romani
1182 698 1479 750 obpugnabant
1511 697 1583 737 ali-

228 766 429 812 quantum
464 758 571 798 muri
609 758 809 806 diruerat3
858 758 901 798 in
932 772 1054 810 quem
1085 758 1240 806 locum,
1279 758 1375 810 quia
1403 758 1582 798 nudatus

227 820 483 860 munimento
527 826 632 868 erat,
676 819 981 874 protegendum
1024 819 1147 859 armis
1192 833 1287 859 cum
1327 819 1583 860 Macedones

229 888 532 930 concurrerent,
559 888 677 922 atrox
701 881 904 935 proelium
930 881 1036 921 inter
1057 896 1127 921 eos
1155 895 1202 921 ac
1216 881 1430 921 Romanos
1451 889 1585 921 ortum

191 957 208 987 S
230 951 304 985 cst.
365 958 412 984 ac
442 942 575 997 primo
606 943 868 983 multitudine
901 942 1021 983 facile
1048 942 1361 996 expellebantur
1384 942 1583 991 Romani3

230 1005 460 1060 adsumptis
481 1005 629 1046 deinde
643 1005 911 1046 Achaeorum
926 1004 1141 1057 Attalique
1162 1004 1324 1044 auxiliis
1353 1005 1586 1057 aequabant

229 1077 450 1115 certamen,
477 1080 553 1107 nec
580 1067 751 1107 dubium
777 1073 881 1115 erat,
909 1065 1007 1119 quin
1031 1065 1289 1106 Macedonas
1318 1065 1585 1119 Graecosque

185 1142 202 1169 9
230 1129 349 1169 facile
398 1128 489 1169 loco
537 1128 697 1181 pulsuri
750 1128 915 1168 fuerint.
988 1128 1300 1181 transfugarum
1346 1127 1586 1168 Italicorum

228 1204 382 1243 magna
406 1189 625 1230 multitudo
652 1196 756 1237 erat,
788 1204 884 1242 pars
912 1204 963 1229 ex
988 1189 1239 1229 Hannibalis
1266 1189 1448 1229 exercitu
1472 1196 1585 1229 metu

228 1265 387 1305 poenae
413 1265 437 1290 a
460 1250 662 1291 Romanis
688 1250 930 1304 Philippum
957 1258 1116 1297 secuta,
1153 1265 1250 1303 pars
1281 1250 1451 1290 navales
1485 1249 1585 1291 socii

230 1311 383 1352 relictis
426 1326 557 1365 nuper
601 1311 804 1351 classibus
850 1311 901 1350 ad
945 1326 1062 1364 spem
1104 1310 1379 1351 honoratioris
1415 1311 1585 1351 militiae

232 1372 494 1426 transgressi.
555 1372 630 1413 hos
664 1373 883 1426 desperata
921 1373 1052 1421 salus,
1092 1372 1126 1412 si
1155 1372 1336 1412 Romani
1373 1372 1583 1421 vicissent,

229 1435 281 1475 ad
306 1435 463 1475 rabiem
486 1434 618 1487 magis
646 1448 770 1486 quam
797 1434 1012 1474 audaciam
1039 1434 1303 1474 accendebat.

165 1508 204 1537 10
313 1496 654 1537 Promuuturium
680 1503 743 1536 est
769 1496 968 1536 adversus
997 1494 1220 1548 Sicyonem
1246 1496 1432 1544 Iunonis,
1460 1509 1584 1548 quam

229 1565 379 1598 vocant
402 1559 622 1605 Acraeam,
648 1557 691 1596 in
717 1557 843 1597 altum
870 1571 1111 1605 excurrens3
1161 1556 1355 1596 traiectus
1381 1556 1476 1596 inde
1503 1555 1586 1597 Co-

166 1631 201 1659 11
228 1619 410 1659 rinthum
436 1625 595 1672 septem
621 1618 707 1658 fere
731 1618 889 1657 milium
915 1632 1127 1671 passuum.
1189 1633 1237 1658 eo
1262 1609 1491 1666 Philocles,
1522 1632 1587 1658 re-

229 1680 321 1734 gius
355 1688 395 1720 ct
424 1680 514 1734 ipse
545 1680 801 1733 praefectus,
839 1680 950 1720 mille
982 1687 1022 1720 et
1052 1679 1300 1734 quingentos
1332 1679 1482 1720 milites
1513 1695 1587 1734 per

228 1741 448 1782 Boeotiam
479 1741 607 1781 duxit.
667 1749 834 1795 praesto
867 1741 982 1781 fuere
1016 1741 1067 1781 ab
1100 1740 1303 1782 Corintho
1333 1740 1479 1789 lembi,
1518 1741 1587 1794 qui

164 1813 202 1842 1?
229 1802 483 1857 praesidium
525 1802 568 1842 id
610 1811 824 1856 acceptum
867 1803 1110 1843 Lechaeum
1153 1802 1383 1843 traicerent.
1445 1810 1587 1843 auctor

229 1871 315 1905 erat
346 1864 516 1905 Attalus
548 1864 728 1905 incensis
761 1864 954 1918 operibus
987 1865 1239 1905 omittendae
1271 1864 1479 1918 extemplo
1513 1865 1586 1905 ob-

227 1925 514 1980 pugnationis:
552 1926 803 1980 pertinacius
832 1925 1090 1979 (Quinctius)
1117 1926 1333 1966 Romanus
1354 1925 1396 1965 in
1421 1925 1585 1979 incepto

228 1987 452 2041 perstabat.
512 1987 548 2028 is
582 2003 764 2040 quoque,
801 1996 846 2028 ut
882 2002 956 2041 pro
994 1987 1184 2028 omnibus
1220 1987 1350 2040 portis
1384 1986 1586 2040 disposita

229 2049 342 2089 videt
382 2048 589 2102 praesidia
628 2049 744 2104 regia
785 2063 862 2089 nec
911 2048 1032 2089 facile
1076 2048 1378 2101 erumpentium
1420 2048 1584 2101 inpetus

164 2121 203 2149 13
231 2110 423 2150 sustineri
449 2125 586 2164 posse,
612 2110 654 2150 in
679 2110 813 2150 Attali
841 2110 1089 2150 sententiam
1115 2109 1332 2150 concessit.
1381 2109 1438 2149 ita
1469 2109 1584 2151 irrito

228 2171 392 2225 incepto
419 2171 600 2212 dimissis
626 2171 810 2212 Achaeis
842 2172 1021 2212 reditum
1048 2171 1099 2212 ad
1124 2186 1252 2212 naves
1280 2178 1355 2212 est.
1415 2171 1584 2211 Attalus

228 2233 436 2280 Piraeum,
462 2233 642 2274 Romani
669 2232 898 2287 Corcyram
922 2233 1142 2288 petierunt.

188 2305 202 2333 1
314 2294 517 2335 XXIIII.
576 2295 692 2335 Dum
734 2295 837 2335 haee
880 2296 931 2335 ab
973 2295 1110 2335 navali
1153 2294 1335 2335 exercitu
1371 2301 1583 2348 geruntur,

231 2357 373 2396 consul
404 2357 445 2396 in
470 2357 655 2398 Phocide
688 2358 740 2398 ad
764 2358 956 2398 Elateam
988 2357 1133 2398 castris
1158 2357 1304 2411 positis
1329 2357 1462 2411 primo
1488 2370 1585 2397 con-

187 2428 204 2455 ‘2
231 2416 378 2468 loquiis
404 2433 489 2457 rem
510 2433 582 2472 per
602 2419 808 2472 principes
823 2419 1084 2459 Elatensium
1104 2409 1338 2473 temptavit-z
1364 2425 1583 2472 postquam

232 2477 332 2516 nihil
358 2493 449 2518 esse
474 2479 516 2519 in
542 2495 667 2520 manu
692 2496 768 2520 sua
792 2488 831 2521 et
850 2481 989 2534 plures
1009 2480 1312 2533 validioresque
1332 2494 1424 2520 esse
1443 2478 1580 2533 regios

231 2550 354 2588 quam
375 2539 602 2592 oppidanos
622 2542 964 2595 respondebatur,
991 2548 1079 2582 tum
1105 2542 1227 2582 simul
1253 2542 1304 2582 ab
1329 2541 1441 2582 omni
1465 2546 1581 2594 parte

189 2610 206 2639 3
232 2597 424 2650 operibus
456 2601 663 2654 armisque
694 2603 838 2643 urbem
871 2611 934 2643 est
956 2603 1196 2658 adgressus.
1258 2602 1382 2642 ariete
1413 2601 1578 2641 admoto

184 711 200 738 *l
