1799 2900
266 145 320 187 96
550 151 701 186 LIBER
728 150 918 195 XXXm,
946 151 1066 185 16.17.
1095 151 1332 197 [a.u.e.557]

266 272 419 298 nanum
444 255 587 310 populi
613 269 689 295 nee
721 254 770 295 iis
797 254 867 307 qui
894 263 1173 296 convenerant
1197 255 1307 296 idem
1333 256 1507 311 plaeuit3
1547 257 1621 298 sed

266 328 304 361 et
330 318 537 373 principes
564 325 604 358 et
630 317 898 371 magistratus
924 317 1204 371 pervicerunt,
1242 326 1287 358 ut
1317 319 1524 373 privatum
1551 320 1621 361 de-

221 397 236 424 4
266 390 422 421 cretum
453 380 669 420 Romanae
703 378 912 419 societatis
950 379 1078 420 fieret.
1145 380 1186 420 id
1219 395 1363 421 omnes
1396 382 1465 434 qui
1502 382 1621 423 abfu-

265 450 381 483 erant
418 456 542 495 aegre
578 442 712 496 passi3
752 449 792 482 01
822 441 863 481 111
895 441 974 482 1100
1004 442 1170 482 fremitu
1202 442 1337 496 gentis
1371 459 1395 483 a
1426 443 1620 498 Philippo

264 505 381 545 missi
407 505 487 545 duo
513 504 721 559 principes
741 504 1011 544 Acarnanum
1028 505 1261 545 Androcles
1289 513 1329 546 01
1353 506 1620 547 Echedemus

264 583 346 607 non
384 567 436 607 ad
479 566 708 607 tollendum
744 566 867 606 modo
906 566 1117 606 decretum
1156 567 1373 608 Romanae
1411 567 1620 609 societatis

220 644 238 671 ε)
265 630 500 677 valuerunt,
541 628 615 669 sed
646 628 788 676 etiam,
825 635 870 668 ut
894 628 1128 669 Archelaus
1161 638 1201 669 01.
1225 629 1382 670 Bianor
1413 630 1621 685 principes

265 692 400 746 gentis
428 692 564 741 ambo,
591 691 703 745 quod
729 698 917 732 auctores
944 691 1031 731 eius
1059 691 1287 732 sententiae
1313 692 1503 742 fuissent,
1528 708 1623 748 pro-

264 754 431 795 ditionis
470 754 511 794 in
549 753 724 795 concilio
763 753 1057 793 damnarentur
1094 760 1135 793 et
1176 754 1388 794 Zeuxidae
1430 755 1623 809 praetori,

220 831 238 861 6
265 816 376 870 quod
413 816 463 856 de
501 830 551 856 ea
585 830 629 856 re
666 814 896 863 retulisset,
935 814 1156 869 imperium
1195 816 1477 869 abrogaretur.
1537 831 1624 857 rem

264 879 544 928 temerariam,
595 878 669 919 sed
711 885 862 919 eventu
909 892 1153 932 prosperam
1197 877 1380 918 damnati
1424 878 1623 919 fecerunt.

267 941 537 982 suadentibus
564 955 743 994 namque
770 939 934 988 amicis,
973 940 1168 980 cederent
1199 940 1375 994 tempori
1401 947 1442 981 et
1467 939 1625 994 Corcy-

221 1020 237 1047 7
265 1020 353 1044 ram
380 1004 432 1043 ad
457 1004 672 1044 Romanos
699 1002 877 1051 abirent,
905 1008 1136 1042 statuerunt
1169 1003 1331 1042 obferre
1363 1016 1408 1042 se
1442 1000 1626 1042 multitu-

266 1065 352 1105 dini
376 1073 417 1105 et
449 1073 519 1105 aut
544 1080 592 1106 eo
625 1065 716 1119 ipso
747 1064 875 1104 lenire
902 1064 984 1104 iras
1012 1071 1081 1103 aut
1107 1063 1193 1118 pati
1225 1064 1337 1117 quod
1362 1078 1482 1105 casus
1509 1063 1626 1104 tulis-

267 1135 341 1169 set.
380 1142 472 1167 cum
500 1142 544 1168 se
570 1126 774 1179 frequenti
801 1125 974 1167 concilio
1000 1126 1255 1175 intulissent,
1281 1126 1415 1180 primo
1441 1140 1626 1166 murmur

267 1204 315 1229 ae
351 1189 539 1229 fremitus
578 1188 889 1236 admirantium,
936 1188 1145 1228 silentium
1182 1203 1279 1228 mox
1316 1204 1340 1228 a
1376 1187 1627 1228 verecundia

267 1251 389 1291 simul
421 1250 619 1306 pristinae
651 1250 864 1304 dignitatis
899 1264 947 1290 ac
971 1249 1256 1290 misericordia.
1280 1249 1510 1304 praesentis
1543 1249 1626 1290 for-

222 1329 239 1358 9
268 1322 391 1353 tunae
417 1320 553 1353 ortum
573 1319 648 1352 est.
681 1318 886 1366 potestate
907 1325 1071 1364 quoque
1098 1311 1261 1351 dicendi
1288 1312 1398 1351 facta
1423 1311 1625 1366 principio

268 1375 527 1430 suppliciter,
563 1374 814 1429 procedente
851 1380 988 1414 autem
1021 1374 1226 1422 oratione,
1264 1373 1333 1413 ubi
1372 1374 1424 1413 ad
1455 1373 1626 1414 crimina

268 1438 463 1478 diluenda
488 1445 656 1477 ventum
687 1444 768 1485 051,
807 1450 901 1475 011111
926 1443 1040 1476 131113
1071 1436 1240 1484 fiducia,
1280 1442 1477 1488 quantam
1508 1435 1626 1476 inno-

203 1515 242 1544 10
268 1500 403 1541 centia
429 1500 570 1547 dabat,
605 1498 907 1546 disseruerunt3
944 1506 1155 1552 postremo
1187 1498 1296 1537 ultro
1322 1498 1476 1550 aliquid
1501 1497 1625 1538 0113111

268 1561 382 1615 queri
417 1568 457 1602 et
488 1560 691 1613 castigare
723 1560 981 1612 iniquitatem
1016 1560 1136 1599 simul
1167 1559 1210 1599 in
1241 1574 1286 1600 se
1321 1559 1626 1599 crudelitatem-

269 1639 348 1677 que
380 1623 471 1663 ausi
501 1624 558 1663 ita
590 1623 833 1663 adfecerunt
862 1621 1042 1669 animos,
1080 1628 1125 1661 ut
1156 1620 1313 1670 onmia,
1351 1635 1457 1673 quae
1487 1621 1530 1661 in
1555 1636 1627 1662 eos

204 1701 239 1730 11
269 1686 435 1726 decreta
461 1692 597 1731 erant,
624 1684 862 1737 frequentes
890 1683 1081 1724 tollerent
1112 1697 1247 1736 neque
1273 1697 1321 1723 eo
1347 1682 1483 1723 minus
1509 1682 1628 1724 rede-

267 1748 423 1787 undum
450 1747 491 1786 in
518 1746 758 1787 societatem
771 1745 957 1800 Philippi
983 1745 1328 1798 abnuendamque
1341 1745 1626 1786 Romanorum

269 1809 491 1850 amicitiam
518 1816 748 1849 censerent.

227 1887 239 1914 1
353 1872 502 1914 XVII.
552 1871 751 1912 Leucade
783 1870 886 1911 haec
913 1877 1008 1911 sunt
1041 1870 1218 1910 decreta.
1278 1869 1321 1910 id
1346 1876 1471 1923 eaput
1494 1869 1627 1909 Acar-

268 1933 416 1974 naniae
443 1940 547 1982 erat,
574 1948 706 1986 eoque
737 1932 780 1973 in
812 1932 1030 1973 concilium
1057 1946 1200 1973 01111105
1232 1931 1375 1986 populi
1408 1931 1627 1971 convenie-

225 2011 243 2039 2)
269 1997 382 2036 bant.
444 1995 582 2048 itaque
615 2009 709 2035 cum
740 1994 844 2034 haec
873 1994 1089 2048 repentina
1120 1994 1293 2034 mutatio
1321 1992 1550 2046 Corcyram
1576 1993 1628 2033 ad

269 2057 454 2113 legatum
478 2057 761 2098 Flamininum
786 2056 946 2110 perlata
976 2063 1106 2104 esset,
1139 2055 1348 2109 extemplo
1375 2069 1468 2094 cum
1494 2054 1628 2094 classe

270 2121 481 2175 profectus
518 2119 780 2167 Leucadem,
824 2117 877 2158 ad
912 2119 1127 2157 Heraeum
1164 2117 1276 2169 quod
1312 2123 1462 2157 vocant
1498 2129 1627 2156 naves

227 2199 245 2225 ες
274 2182 483 2237 adplicuit.
533 2182 629 2222 inde
656 2195 750 2221 eum
776 2179 887 2221 omni
913 2194 1065 2234 genere
1091 2186 1392 2220 tormentorum
1417 2178 1628 2219 maehina-

269 2259 465 2297 rumque,
504 2244 654 2296 quibus
682 2249 974 2297 expugnantur
1005 2242 1150 2289 urbes,
1190 2241 1241 2281 ad
1273 2255 1412 2281 muros
1441 2239 1627 2288 accessit,

226 2320 244 2348 4
272 2306 324 2345 ad
349 2306 528 2360 primum
560 2312 759 2345 terrorem
784 2311 896 2344 ratus
929 2303 1117 2343 inclinari
1143 2303 1303 2343 animos
1329 2316 1466 2357 posse.
1515 2308 1629 2356 post-

273 2382 398 2419 quam
435 2367 572 2422 pacati
608 2367 710 2407 nihil
748 2366 1064 2414 ostendebatur,
1104 2373 1192 2405 tum
1230 2364 1373 2404 vineas
1413 2370 1628 2416 turresque

273 2429 429 2483 erigere
456 2436 496 2469 et
522 2429 691 2470 arietem
717 2429 938 2469 admovere
964 2428 1092 2468 muris
1119 2426 1266 2481 coepit.

229 2504 247 2532 5
358 2491 596 2532 Acarnania
620 2491 815 2532 universa
840 2491 947 2531 inter
970 2490 1183 2531 Aetoliam
1209 2498 1331 2542 atque
1356 2488 1531 2543 Epirum
1556 2501 1629 2541 po-

275 2551 353 2591 sita
379 2553 508 2592 solem
534 2553 791 2594 occidentem
817 2561 857 2594 et
881 2568 994 2594 mare
1022 2552 1210 2594 Siculum
1243 2559 1416 2606 spectat.
1465 2551 1628 2591 Leuca-

274 2613 342 2652 dia
367 2628 475 2653 1111110
506 2614 641 2655 11151113
667 2624 729 2656 051
760 2616 918 2656 vadoso
943 2615 1069 2664 freto,
1107 2613 1217 2667 quod
1243 2613 1477 2668 perfossum
1504 2624 1628 2651 manu

220 1142 239 1171 m
