1799 2900
535 136 687 171 LIBER
711 137 878 182 xxxv,
906 138 937 172 1.
968 141 1015 181 [a.
1033 137 1166 182 0193]
1447 126 1526 168 175

492 532 797 587 [PERIOCHA
828 536 979 574 LIBRI
1008 533 1202 589 XXXV]

242 634 301 677 [P.
317 632 443 678 Scipio
457 632 657 666 Africanus
678 633 822 677 legatus
838 634 885 667 ad
899 633 1124 668 Antiochum
1139 634 1271 668 missus
1285 633 1425 679 Ephesi
1441 645 1522 668 cum

172 684 398 728 Hannibale,
420 684 482 728 qui
504 695 542 718 sc
562 683 748 718 Antiocho
770 685 956 728 iunxerat,
978 685 1198 719 conlocutus
1219 689 1287 729 est,
1314 689 1364 728 ut,
1393 685 1423 718 si
1442 683 1522 718 fieri

170 738 310 780 posset,
338 739 474 769 metum
494 734 527 768 ei
548 746 657 778 quem
678 745 719 768 ex
743 735 882 780 populo
901 736 1070 769 Romano
1092 741 1315 780 conceperat
1335 736 1518 769 eximeret.

171 786 266 820 inter
291 786 366 820 alia
396 797 477 819 cum
505 790 720 830 quaereret,
755 797 862 830 quem
897 786 1014 820 fuisse
1040 787 1234 820 maximum
1260 787 1518 832 imperatorem

171 836 363 870 Hannibal
386 837 572 879 crederet,
598 837 808 880 respondit,
836 837 1089 870 Alexandrum
1111 838 1356 871 Macedonum
1382 849 1518 881 regem,

173 888 273 932 quod
294 899 407 932 parva
422 899 532 921 manu
552 888 842 921 innumerabiles
857 888 1039 921 exercitus
1060 888 1219 923 fudisset
1240 889 1414 933 quodque
1435 888 1520 922 ulti-

171 950 249 973 mas
273 950 374 982 oras,
397 951 490 982 quas
511 939 630 972 visere
653 950 762 983 supra
783 950 884 982 spem
907 939 1103 972 humanam
1125 944 1240 982 esset,
1269 943 1519 983 peragrasset.

172 989 365 1034 quaerenti
381 989 526 1032 deiude,
556 1000 663 1033 quern
679 989 879 1022 secundum
900 994 1070 1032 poneret,
1097 989 1277 1033 Pyrrhum
1298 990 1435 1033 inquit:
1463 1001 1520 1023 ca-

171 1046 249 1074 stra
273 1040 401 1074 metari
427 1039 581 1084 primum
609 1039 799 1080 docuissc3
825 1039 873 1072 ad
898 1039 970 1072 hoc
990 1039 1173 1072 neminem
1200 1040 1408 1083 elegantius
1436 1041 1520 1074 loca.

171 1091 326 1135 cepisse,
352 1091 539 1135 praesidia
553 1090 795 1133 disposuisse.
824 1089 1055 1134 exsequenti,
1078 1101 1185 1133 quem
1202 1090 1351 1123 tertium
1367 1090 1518 1132 diceret,

171 1146 287 1175 semet
307 1141 426 1184 ipsum
448 1141 547 1173 dixit.
584 1140 709 1173 ridens
725 1140 850 1183 Scipio
873 1140 1067 1184 ‘quidnam
1089 1146 1127 1173 tu
1143 1140 1297 1182 diceres,
1320 1141 1348 1173 si
1368 1141 1441 1174 me'
1466 1141 1519 1174 in-

170 1191 249 1235 quit
264 1191 473 1224 ‘vicissestfl
494 1193 599 1224 ‘tunc
614 1202 700 1224 vero
715 1191 787 1224 me’
807 1191 927 1234 inquit
948 1193 1003 1224 ‘et
1017 1194 1102 1225 ante
1118 1190 1370 1224 Alexandrum
1384 1195 1421 1225 et
1434 1195 1519 1225 antc

169 1242 353 1286 Pyrrhum
376 1245 412 1275 et
430 1245 516 1275 ante
537 1241 631 1275 alios
657 1241 888 1285 posuissem.⁷
937 1241 1033 1275 inter
1055 1245 1179 1275 cetera
1204 1241 1394 1286 prodigia,
1424 1253 1518 1286 quae

168 1292 326 1336 plurima
350 1291 465 1325 fuisse
492 1292 704 1335 traduntur,
738 1292 870 1326 bovem
898 1291 964 1325 Cn.
986 1291 1141 1325 Domitii
1166 1292 1330 1325 consulis
1358 1293 1519 1325 locutam

169 1342 306 1376 ‘Roma
332 1354 420 1377 cave
448 1342 530 1376 tibi’
556 1342 726 1376 refertur.
786 1342 904 1376 Nabis
929 1342 1312 1376 Lacedaemoniorum
1338 1347 1519 1387 tyrannus

168 1394 342 1428 incitatus
364 1393 411 1427 ab
426 1393 582 1436 Aetolis,
611 1393 675 1438 qui
695 1397 732 1427 et
752 1394 966 1438 Philippum
987 1397 1024 1427 et
1044 1393 1272 1427 Antiochum
1293 1393 1340 1427 ad
1360 1393 1520 1426 inferen-

169 1445 253 1477 dum
276 1444 414 1478 bellum
434 1445 571 1489 populo
586 1444 754 1478 Romano
778 1445 1046 1487 sollicitabant,
1074 1456 1096 1478 a
1118 1445 1258 1489 populo
1273 1443 1442 1478 Romano
1457 1445 1518 1477 de—

170 1495 275 1528 scivit
296 1499 350 1537 et,
377 1495 477 1528 bello
504 1495 683 1528 adversus
705 1495 1022 1539 Philopoemenen
1047 1494 1282 1529 Achaeorum
1308 1499 1519 1538 praetorem

169 1548 289 1589 gesto,
317 1545 363 1579 ab
378 1545 521 1579 Aetolis
541 1545 760 1579 interfectus
782 1550 848 1580 est.
897 1545 1022 1579 Aetoli
1045 1557 1193 1590 quoquc
1214 1546 1260 1579 ab
1277 1545 1438 1578 amicitia
1456 1557 1519 1589 po-

168 1595 411 1641 puliRomani
428 1596 661 1638 defeceruntg
678 1608 758 1630 cum
775 1597 952 1631 societate
970 1600 1068 1640 [cum
1083 1597 1155 1640 his]
1173 1598 1298 1631 iuncta
1310 1597 1520 1630 Antiochus

170 1647 298 1691 Syriae
314 1658 377 1680 rex
391 1647 531 1681 bellum
547 1646 727 1681 Graeciae
742 1647 940 1688 intulisset,
960 1648 1167 1692 complures
1181 1648 1292 1680 urbes
1309 1648 1518 1690 occupavit,

169 1698 264 1731 inter
280 1709 370 1742 quas
386 1696 602 1731 Chalcidem
616 1701 653 1731 et
665 1702 781 1731 totam
797 1698 999 1732 Euboeam.
1037 1709 1095 1731 res
1110 1704 1304 1743 praeterea
1323 1697 1358 1730 iu
1373 1697 1519 1742 Liguri-

170 1749 238 1782 bus
254 1753 380 1792 gestas
396 1752 432 1782 et
446 1748 663 1793 adparatum
678 1748 768 1782 belli
783 1749 828 1783 ab
843 1749 1027 1782 Antiocho
1045 1748 1238 1791 continet]

655 2015 825 2067 TITI
862 2015 1040 2067 LIVI

511 2119 594 2156 AB
632 2120 812 2157 VRBE
850 2117 1169 2158 CONDITA

658 2242 826 2280 LIBER
857 2243 1035 2280 XXXV.

253 2338 286 2378 Ι.
334 2338 546 2393 Principio
571 2339 668 2379 anni
699 2354 778 2392 quo
804 2348 924 2393 gesta
950 2347 1044 2380 sunt
1076 2339 1177 2380 haec
1205 2338 1303 2379 Sex.
1330 2339 1514 2394 Digitius

169 2408 332 2455 praetor
367 2400 408 2440 in
440 2401 645 2455 Hispania
682 2401 867 2442 citeriore
905 2417 999 2442 cum
1035 2402 1268 2442 civitatibus
1305 2401 1373 2450 iis,
1412 2417 1516 2455 quae

167 2470 261 2516 post
296 2463 595 2517 profectionem
631 2463 693 2504 M.
727 2462 900 2505 Catonis
937 2464 1165 2520 permultae
1201 2465 1515 2512 rebellaverant,

168 2525 311 2565 crebra
336 2525 469 2580 magis
496 2540 619 2579 quam
645 2526 771 2580 digna
796 2527 908 2566 dictu
932 2527 1089 2581 proelia
1112 2526 1210 2567 fecit
1235 2535 1275 2567 et.
1300 2527 1403 2567 adeo
1428 2527 1515 2581 ple-

167 2601 293 2641 raque
319 2589 506 2638 adversa,
531 2597 576 2629 ut
602 2589 670 2629 vix
691 2588 903 2629 dimidium
930 2590 1103 2630 militum
1126 2603 1250 2642 quam
1270 2590 1380 2642 quod
1401 2603 1516 2630 acce-

1542 2539 1559 2568 ΚΟ
