1799 2900
234 152 317 193 260
532 159 683 193 LIBER
709 159 910 201 XXXVII,
936 159 968 194 9,
989 159 1019 193 3.
1049 161 1144 203 [a.u.
1163 159 1288 203 2564]

190 280 208 308 4
233 279 344 311 csse,
384 262 610 304 exercitum
641 262 684 302 in
710 261 856 302 Asiam
884 262 1086 303 traiceret.
1148 262 1264 302 alteri
1295 262 1453 303 consuli
1480 270 1589 303 totus

233 341 364 367 novus
392 324 596 365 exercitus
623 324 833 373 decretus,
872 324 976 365 duae
1002 324 1187 379 legiones
1213 324 1427 365 Romanae
1460 335 1498 365 ct
1525 339 1591 365 so-

233 388 342 427 cium
373 386 516 427 Latini
552 386 731 427 nominis
770 386 1004 440 quindecim
1041 386 1154 426 milia
1189 386 1393 440 peditum,
1432 387 1589 439 equites

189 465 208 493 5
234 449 431 490 sexcenti.
492 449 720 489 exercitum
750 463 803 489 ex
832 448 1061 503 Liguribus
1095 447 1148 500 Q.
1179 448 1390 488 Minucius
1423 472 1479 477 —-
1509 449 1591 488 iam

232 511 341 551 enim
368 510 600 551 confectam
631 510 887 565 provinciam
919 510 1141 565 scripserat
1172 518 1210 550 et
1237 510 1444 564 Ligurum
1470 525 1591 551 omne

233 587 384 613 nomen
409 572 453 612 in
479 572 731 613 deditionem
756 571 922 613 venisse
947 596 1003 600 —
1028 571 1230 612 deducere
1256 572 1297 611 in
1322 572 1450 613 Boios
1477 580 1516 612 et
1541 572 1590 612 P.

187 649 204 678 6
234 633 430 675 Cornelio
455 635 693 689 proconsuli
720 634 881 675 tradere
906 634 1058 675 iussus.
1120 649 1171 674 ex
1197 648 1315 687 agro,
1355 648 1434 687 quo
1460 634 1590 674 victos

231 696 340 737 bello
376 696 621 737 multaverat
658 696 806 745 Boios,
857 695 1124 736 deducendae
1168 697 1351 736 urbanae
1393 695 1591 749 legiones,

232 772 337 811 quae
367 758 503 813 priore
534 773 642 799 anno
675 757 933 812 conscriptae
966 767 1100 805 erant,
1138 757 1201 797 M.
1228 756 1383 797 Tuccio
1414 757 1593 810 praetori

232 821 370 869 datae,
408 831 448 861 et
480 821 638 862 socium
671 834 717 861 ao
749 820 894 861 Latini
930 819 1110 860 nominis
1140 819 1327 874 peditum
1358 819 1594 872 quindecim

231 882 342 922 milia
375 892 413 923 et
445 883 604 936 equites
639 882 842 930 sexcenti,
879 883 933 923 ad
957 882 1158 937 Apuliam
1187 881 1457 934 Bruttiosque
1489 881 1594 922 obti-

189 960 204 988 ῖ
232 944 404 985 nendos.
459 946 515 985 A.
544 943 740 986 Cornelio
767 944 989 999 superioris
1017 944 1112 984 anni
1137 943 1336 998 praetori,
1375 943 1444 996 qui
1468 943 1595 983 Brut-

231 1006 308 1047 tios
343 1021 435 1047 cum
467 1007 651 1048 exercitu
682 1007 935 1055 obtinuerat,
973 1006 1240 1060 imperatum,
1280 1006 1314 1046 si
1344 1006 1401 1047 ita
1434 1005 1594 1046 consuli

232 1069 457 1117 rideretur,
501 1079 545 1109 ut
581 1068 766 1124 legiones
803 1069 845 1109 in
876 1067 1089 1109 Aetoliam
1125 1067 1317 1108 traiectas
1347 1067 1424 1108 Μ’.
1455 1066 1594 1108 Acilio

187 1142 205 1172 S
233 1131 430 1175 traderet,
459 1131 493 1171 si
517 1131 551 1171 is
577 1146 745 1172 manere
770 1131 827 1172 ibi
852 1131 994 1172 vellet:
1022 1131 1056 1171 si
1076 1130 1238 1170 Acilius
1260 1130 1393 1170 redire
1414 1129 1594 1170 Romam

230 1192 390 1241 mallet,
416 1205 460 1233 ut
480 1193 534 1233 A.
558 1192 777 1234 Cornelius
805 1207 898 1233 cum
925 1208 972 1233 eo
999 1192 1181 1233 exercitu
1207 1193 1250 1232 in
1268 1192 1437 1232 Aetolia
1461 1206 1594 1232 rema-

232 1262 360 1295 neret.
423 1254 472 1295 C.
493 1254 684 1294 Atinium
709 1255 956 1296 Labeonem
981 1255 1236 1309 provinciam
1266 1253 1451 1294 Siciliam
1477 1269 1594 1294 exer-

233 1316 440 1369 citumque
468 1317 519 1357 ab
531 1316 594 1358 M.
610 1317 791 1357 Aemilio
818 1317 1003 1371 accipere
1029 1316 1182 1370 placuit
1209 1326 1247 1356 et
1267 1316 1310 1356 in
1331 1315 1594 1370 supplemen-

233 1389 320 1418 tum
357 1378 535 1419 scribere
573 1393 623 1419 ex
654 1378 746 1433 ipsa
776 1378 1008 1433 provincia.
1048 1378 1081 1417 si
1114 1377 1256 1425 vellet.
1294 1378 1479 1431 peditum
1513 1377 1593 1417 duo

189 1452 206 1481 9
233 1439 343 1480 milia
369 1452 408 1480 et
435 1452 599 1480 centum
626 1440 798 1492 equites.
846 1440 897 1480 P.
918 1439 1062 1480 Iunius
1089 1439 1246 1478 Brutus
1272 1439 1312 1477 in
1335 1439 1497 1479 Tuscos
1524 1453 1595 1478 cx-

233 1501 404 1541 ercitum
430 1516 604 1550 novum,
631 1501 839 1555 legionem
865 1516 991 1540 unam
1005 1500 1239 1541 Romanam
1260 1513 1300 1540 et
1320 1500 1463 1540 decem
1482 1501 1595 1541 milia

233 1563 391 1603 socium
416 1578 463 1604 ac
484 1563 627 1603 Latini
651 1563 828 1604 nominis
856 1563 1035 1603 scribere
1062 1570 1099 1603 et
1128 1562 1452 1616 quadringentos
1480 1562 1594 1615 equi-

168 1636 207 1666 10
232 1634 313 1674 tes,
339 1625 392 1666 L.
414 1626 640 1674 Aemilius,
668 1625 733 1666 cui
758 1625 962 1666 maritima
988 1625 1200 1680 provincia
1221 1636 1325 1673 erat,
1351 1624 1498 1679 viginti
1523 1640 1596 1664 na-

231 1702 304 1728 ves
329 1687 476 1742 longas
504 1700 543 1728 et
571 1687 703 1728 socios
730 1687 890 1728 navalis
918 1702 940 1728 a
964 1687 1026 1727 M.
1050 1687 1171 1727 Iunio
1196 1695 1384 1741 praetore
1412 1686 1596 1741 superio-

230 1750 286 1790 ris
314 1750 410 1790 anni
436 1750 622 1805 accipere
648 1761 710 1791 est
736 1750 873 1791 iussus
908 1758 947 1790 et
975 1749 1153 1789 scribere
1178 1749 1268 1803 ipse
1299 1748 1409 1788 mille
1435 1749 1594 1789 navalis

233 1811 387 1859 socios,
425 1811 506 1853 duo
531 1812 644 1852 milia
669 1812 874 1866 peditum:
915 1826 1009 1852 cum
1033 1811 1082 1852 iis
1109 1811 1284 1851 navibus
1311 1810 1594 1864 militibusque

167 1887 203 1915 11
232 1874 273 1913 in
297 1874 446 1914 Asiam
473 1875 678 1929 proficisci
704 1882 745 1915 et
770 1875 947 1915 classem
974 1890 996 1914 a
1018 1872 1067 1915 C.
1089 1874 1213 1915 Livio
1240 1875 1439 1929 accipere.
1491 1875 1593 1915 duas

233 1936 461 1991 Hispanias
489 1936 807 1990 Sardiniamque
840 1936 1122 1977 obtinentibus
1153 1949 1422 1991 prorogatum
1453 1936 1494 1976 in
1523 1952 1594 1976 an-

167 2011 205 2039 12
233 2013 333 2038 num
368 1998 586 2054 imperium
623 2009 685 2040 est
723 2008 762 2040 et
799 1998 909 2039 idem
949 1997 1154 2039 exercitus
1187 1998 1352 2038 decreti.
1427 1996 1594 2038 Siciliae

234 2058 533 2114 Sardiniaeque
560 2061 681 2101 binae
709 2075 756 2101 eo
784 2075 890 2101 anno
913 2060 1109 2100 decumae
1131 2059 1327 2100 frumenti
1346 2060 1593 2114 imperatae,

235 2121 421 2162 Siculum
448 2137 568 2163 omne
594 2122 848 2163 frumentum
872 2122 912 2162 in
934 2121 1145 2162 Aetoliam
1172 2121 1224 2161 ad
1250 2121 1475 2162 exercituin
1500 2136 1594 2175 por-

233 2184 310 2224 tari
333 2185 512 2233 iussum,
540 2199 591 2225 ex
619 2183 811 2224 Sardinia
835 2199 930 2239 pars
957 2183 1154 2232 Romam,
1180 2199 1276 2238 pars
1302 2183 1343 2223 in
1369 2183 1593 2231 Aetoliam,

233 2245 378 2286 eodem
406 2260 485 2298 quo
514 2244 714 2286 Siculum.

318 2307 399 2348 III.
446 2307 698 2361 Priusquam
732 2307 923 2349 consules
956 2307 998 2347 in
1022 2306 1258 2362 provincias
1284 2306 1595 2362 proficisceren-

234 2382 316 2417 tur,
342 2369 532 2424 prodigia
556 2385 630 2424 per
655 2370 870 2424 pontifices
896 2369 1106 2424 procurari
1132 2369 1302 2424 placuit.
1339 2369 1500 2410 Romae
1524 2368 1594 2409 Iu-

234 2431 350 2470 nonis
377 2431 564 2472 Lucinae
597 2432 795 2486 templum
827 2432 876 2472 de
903 2431 1017 2472 caelo
1048 2443 1203 2473 tactum
1236 2439 1322 2472 erat
1351 2431 1427 2479 ita,
1464 2438 1507 2470 ut
1533 2430 1595 2470 fa-

235 2491 402 2545 stigium
431 2493 656 2547 valvaeque
683 2494 1026 2534 deformarentur.
1065 2493 1252 2534 Puteolis
1278 2492 1465 2547 pluribus
1491 2491 1591 2532 locis

233 2566 373 2591 murus
407 2567 445 2594 et
476 2569 594 2608 porta
625 2555 797 2596 fulmine
829 2555 910 2595 icta
947 2567 986 2596 et
1024 2555 1104 2596 duo
1138 2554 1325 2596 homines
1357 2552 1591 2595 exanimati.

190 2628 207 2656 3
232 2613 407 2655 Nursiae
440 2631 584 2657 sereno
618 2617 717 2657 satis
750 2618 966 2657 constabat
998 2616 1185 2657 nimbum
1215 2627 1368 2657 ortum:
1405 2614 1460 2654 ibi
1492 2629 1592 2667 quo-

189 2321 206 2410 ¹02-
