1799 2900
239 137 321 179 342
501 144 654 179 LIBER
678 145 901 189 xxxvm,
927 146 980 179 29.
999 145 1054 180 30.
1084 148 1133 189 [a.
1152 157 1183 180 u.
1199 145 1324 189 c.5‹55]

237 249 418 289 validum
453 262 527 302 pro
565 247 699 287 diruto
736 262 889 287 novum
926 249 1187 289 obstruentes
1224 263 1406 298 murum,
1445 249 1584 300 altera,

237 309 518 364 eruptionibus
546 308 691 349 subitis
722 323 831 349 nunc
861 309 903 349 in
928 324 1054 364 opera
1078 309 1276 359 hostium,
1302 326 1411 351 nune
1435 311 1477 351 in
1503 320 1586 353 sta-

193 386 211 415 3
237 372 381 412 tioncs.
444 378 484 410 et
508 370 748 424 plerumque
780 370 843 410 his
868 371 1035 424 proeliis
1068 372 1300 426 superiores
1327 381 1455 414 erant.
1504 389 1586 414 una

237 433 289 473 ad
325 432 574 473 coercendos
611 432 779 472 inventa
816 431 915 472 haut
952 447 1103 486 magna
1139 443 1367 475 memoratu
1404 450 1469 475 res
1509 443 1583 476 est.

236 502 400 534 centum
431 493 660 534 funditores
692 494 744 533 ab
777 493 913 548 Aegio
951 502 992 534 ct
1020 494 1157 535 Patris
1190 504 1230 535 et
1263 495 1414 550 Dymis
1447 497 1584 538 adciti.

191 570 210 597 4
237 572 260 596 a
289 555 427 610 pueris
465 555 492 595 ii
523 570 636 596 more
668 555 846 608 quodam
877 555 1012 609 gentis
1044 556 1154 597 saxis
1192 557 1397 611 globosis,
1436 559 1583 611 quibus

235 618 363 658 ferme
384 632 532 657 arenae
556 616 739 657 inmixtis
762 624 890 658 strata
909 617 1029 658 litora
1050 627 1157 666 sunt,
1184 619 1314 659 funda
1333 634 1446 660 mare
1468 635 1585 674 aper-

191 695 210 723 5
237 687 323 720 tum
348 679 603 719 incessentes
630 679 939 719 exercebantur.
1000 679 1137 731 itaque
1163 679 1326 733 longius
1353 681 1585 734 certiusque

236 748 276 782 et
303 741 499 782 validiore
530 740 612 780 ictu
640 755 763 793 quam
789 740 967 781 Baliaris
994 740 1176 780 funditor
1201 756 1250 781 eo
1276 741 1356 781 telo
1387 742 1452 782 usi
1477 750 1584 783 sunt.

236 809 276 843 et
312 810 375 843 cst
410 817 493 842 non
531 801 729 856 simplicis
768 802 974 850 habenae,
1010 809 1056 842 ut
1090 802 1297 842 Baliarica
1333 802 1586 856 aliarumque

192 880 209 910 6
235 864 420 919 gentium
446 864 592 912 funda,
625 864 698 904 sed
724 863 871 918 triplex
898 864 1078 912 scutale,
1105 864 1259 904 crebris
1287 865 1438 904 suturis
1465 865 1587 905 dura-

236 934 334 975 tum,
360 941 411 966 ne
437 925 548 966 fluxa
574 925 737 966 habena
757 925 962 965 volutetur
981 925 1022 964 in
1047 925 1155 965 iactu
1182 925 1314 979 glans,
1343 926 1415 966 sed
1440 926 1587 966 librata

195 1005 211 1032 7
239 1003 330 1028 cum
357 988 527 1036 sederit,
560 987 672 1027 velut
701 1002 828 1027 nervo
855 988 983 1027 missa
1008 986 1250 1028 excutiatur.
1300 1002 1473 1029 coronas
1499 1003 1587 1028 mo-

237 1051 316 1091 dici
343 1051 480 1090 circuli
507 1065 660 1104 magno
687 1065 737 1089 ex
762 1049 981 1090 intervallo
1002 1049 1080 1089 loci
1107 1049 1266 1089 adsueti
1293 1050 1476 1098 traicere,
1503 1065 1586 1090 non

236 1113 372 1167 capita
403 1112 537 1152 solum
568 1111 749 1152 hostium
782 1111 1073 1159 vulnerabant,
1108 1111 1181 1151 sed
1207 1125 1329 1163 quem
1353 1111 1491 1152 locum
1516 1111 1587 1152 dc-

191 1188 210 1217 8
237 1175 459 1215 stinassent
486 1174 581 1214 oris.
620 1188 691 1213 eae
717 1173 871 1213 fundae
887 1174 1088 1213 Samaeos
1116 1173 1398 1221 cohibuerunt,
1425 1188 1476 1213 ne
1502 1180 1585 1213 tam

236 1237 380 1277 crebro
398 1250 474 1275 nec
497 1242 581 1275 tam
606 1235 801 1275 audacter
826 1242 1099 1288 erumperent,
1128 1235 1230 1274 adeo
1251 1241 1295 1274 ut
1320 1242 1585 1288 precarentur

235 1313 287 1338 ex
317 1297 443 1337 muris
469 1297 685 1344 Achaeos,
722 1304 767 1336 ut
795 1311 1017 1350 parumper
1050 1296 1318 1335 abscederent
1351 1303 1390 1336 et
1423 1310 1465 1336 se
1492 1310 1585 1336 cum

192 1374 209 1403 9
235 1359 434 1399 Romanis
471 1358 714 1398 stationibus
747 1357 970 1412 pugnantis
1003 1357 1138 1409 quiete
1172 1364 1418 1410 spectarent.
1468 1364 1585 1409 quat-

235 1428 326 1461 tuor
352 1435 515 1460 menses
542 1419 799 1460 ohsidionem
827 1420 952 1459 Same
978 1418 1185 1459 sustinuit.
1246 1433 1339 1458 cum
1365 1433 1414 1458 ex
1441 1418 1584 1473 paucis

236 1482 383 1522 cotidie
415 1481 539 1534 aliqui
572 1496 712 1521 eorum
745 1481 939 1520 caderent
970 1489 1039 1520 aut
1076 1480 1407 1528 vulnerarentur,
1446 1489 1486 1520 et
1517 1480 1585 1533 qui

171 1558 210 1587 10
237 1552 496 1598 supererant,
524 1543 623 1583 fessi
650 1550 689 1583 et
715 1542 954 1597 corporibus
982 1550 1020 1582 et
1047 1542 1193 1582 animis
1221 1550 1380 1590 essent,
1406 1542 1585 1582 Romani

236 1613 354 1646 nocte
380 1620 453 1659 per
486 1619 621 1645 arcem
649 1619 771 1657 quam
799 1602 1019 1657 Cyatidem
1046 1612 1196 1644 vocant
1221 1628 1277 1632 —-
1301 1619 1397 1643 nam
1422 1604 1518 1644 urbs
1544 1604 1586 1644 in

235 1682 347 1707 mare
380 1667 539 1706 devexa
569 1667 612 1706 in
643 1666 900 1707 occidentem
933 1665 1066 1720 vergit
1090 1690 1143 1694 —
1170 1680 1287 1706 muro
1320 1673 1512 1720 superato
1544 1665 1586 1705 in

171 1743 205 1771 11
235 1729 369 1769 forum
405 1735 693 1782 pervenerunt.
762 1726 929 1768 Samaei
965 1735 1186 1781 postquam
1224 1734 1389 1781 captam
1425 1735 1586 1782 partem

235 1789 347 1830 urbis
381 1791 432 1830 ab
464 1789 653 1830 hostibus
686 1796 923 1837 senserunt,
962 1803 1054 1829 curn
1092 1789 1336 1843 coniugibus
1369 1803 1416 1829 ac
1446 1788 1585 1829 liberis

233 1852 275 1892 in
306 1851 503 1892 maiorem
532 1852 777 1907 refugerunt
814 1865 963 1891 arcem.
1023 1851 1118 1891 inde
1155 1860 1323 1905 postero
1355 1851 1420 1891 die
1459 1850 1585 1891 dediti

235 1914 394 1968 direpta
418 1915 519 1954 urbe
545 1915 622 1955 sub
648 1928 800 1955 corona
824 1928 967 1954 omnes
994 1912 1223 1953 venierunt.

193 1990 206 2018 1
319 1975 478 2016 XXX.
530 1975 689 2016 Consul
716 1975 954 2029 compositis
979 1975 1102 2015 rebus
1131 1973 1439 2028 Cephalleniae‚
1466 1988 1586 2027 prac-

236 2038 339 2079 sidio
372 2037 524 2079 Samae
555 2038 752 2092 inposito,
788 2038 831 2076 in
859 2036 1197 2091 Peloponnesum
1233 2035 1315 2075 iam
1347 2036 1415 2075 diu
1449 2049 1586 2075 accer-

235 2101 419 2141 sentibus
451 2099 734 2154 Aegiensibus
766 2098 944 2139 maxime
976 2112 1023 2138 ac
1048 2098 1380 2137 Lacedaemonis
1414 2096 1585 2137 traiecit.

191 2175 209 2204 ‘2
234 2162 419 2216 Aegium
456 2178 479 2203 a
514 2161 714 2217 principio
744 2160 921 2201 Achaici
958 2159 1118 2200 concilii
1156 2174 1319 2213 semper
1357 2166 1584 2199 conventus

234 2224 369 2277 gentis
400 2224 543 2263 indicti
569 2230 681 2272 sunt,
719 2237 792 2263 seu
824 2221 1013 2276 dignitati
1043 2221 1156 2261 urbis
1188 2221 1230 2260 id
1256 2236 1329 2261 seu
1360 2220 1438 2261 loci
1466 2235 1586 2274 opor-

191 2298 209 2326 3
235 2286 398 2326 tunitati
424 2286 564 2326 datum
590 2292 666 2326 est.
705 2285 812 2325 hunc
838 2299 993 2325 morem
1006 2284 1308 2338 Philopoemen
1334 2298 1382 2323 eo
1408 2282 1585 2337 primum

235 2363 342 2388 anno
377 2348 628 2388 labefactare
667 2354 858 2395 conatus,
896 2346 1032 2401 legem
1069 2346 1242 2400 parabat
1279 2345 1404 2392 ferre,
1448 2343 1507 2384 uti
1545 2343 1587 2383 in

235 2410 424 2450 omnibus
447 2409 695 2457 civitatibus,
717 2423 822 2461 quae
837 2407 1011 2447 Achaici
1031 2407 1191 2447 concilii
1212 2414 1364 2454 essent,
1390 2406 1431 2445 in
1453 2405 1584 2445 vicem

191 2482 211 2511 4
236 2479 462 2511 convontus
489 2479 721 2525 agerentur.
754 2478 794 2510 et
815 2470 892 2510 sub
913 2469 1135 2509 adventum
1157 2468 1338 2509 consulis
1359 2466 1584 2520 damiurgis

238 2532 475 2580 civitatium,
503 2532 571 2584 qui
592 2547 776 2572 summus
798 2538 861 2571 est
874 2531 1155 2585 magistratus,
1174 2529 1354 2583 Aegium
1376 2526 1585 2569 evocanti-

238 2592 327 2640 bus,
352 2592 651 2646 Philopoemen
665 2617 721 2622 —-
733 2600 898 2646 praetor
912 2600 997 2633 tum
1013 2600 1099 2632 crat
1111 2615 1166 2620 ——
1180 2592 1320 2644 Argos
1337 2596 1583 2630 conventum
