1799 2900
472 103 622 137 LIBER
646 103 851 147 xxxvn,
877 104 931 138 54.
951 104 1005 138 55.
1035 107 1082 147 [a.
1100 103 1137 138 c,
1155 104 1234 147 189]
1446 93 1529 135 309

180 208 380 251 Graeciae
405 207 648 255 incolerent3
676 222 758 247 non
778 207 886 247 enirn
908 222 1055 248 sonum
1075 207 1199 248 modo
1218 206 1384 261 linguae
1406 205 1529 246 vesti·
1555 220 1596 249 22

178 280 345 322 tumque
371 276 411 309 et
436 267 634 315 habitum,
663 269 736 308 sed
761 277 858 309 ante
879 269 1017 309 omnia
1042 284 1177 310 mores
1205 276 1245 310 et
1268 269 1384 324 leges
1410 275 1450 308 et
1469 267 1530 307 in-

179 331 348 386 genium
386 330 592 370 sincerum
628 330 918 384 integrumque
957 347 980 371 a
1018 331 1262 385 contagione
1294 330 1530 371 adcolarum

180 399 408 433 servarunt.
447 391 647 432 terminus
669 399 732 432 est
757 407 866 432 nunc
891 392 1050 447 imperii
1071 393 1197 433 vestri
1217 408 1335 433 mons
1351 393 1528 432 Taurus.
1555 404 1596 433 23

178 453 378 508 quidquid
402 453 509 493 intra
534 468 628 493 eum
655 453 864 494 cardinem
891 463 966 503 est,
993 455 1094 494 nihil
1119 454 1391 509 longinquum
1411 453 1530 494 vobis

178 516 308 556 videri
334 515 470 555 debet.
532 529 613 568 quo
639 531 753 556 arma
786 523 923 556 vestra
953 524 1250 571 pervenerunt,
1290 517 1436 557 eodem
1466 516 1530 556 ius

178 577 273 618 hinc
303 578 537 632 profectum
569 577 797 632 perveniat.
858 579 1042 628 barbari,
1082 579 1231 632 quibus
1262 594 1336 633 pro
1369 579 1530 633 legibus
1557 591 1599 619 24

180 654 342 694 semper
369 639 630 679 dominorum
660 639 834 694 imperia
859 640 1044 690 fuerunt,
1077 655 1157 693 quo
1183 640 1384 694 gaudent,
1410 654 1531 695 reges

179 702 378 749 habeant3
413 700 564 742 Gracci
591 716 709 741 suam
740 702 967 751 fortunam,
995 710 1155 743 vestros
1182 702 1342 743 animos
1369 711 1531 756 gerunt.

180 763 415 803 domesticis
454 763 660 815 quondam
697 763 852 804 viribus
891 764 1015 804 etiam
1056 764 1274 818 imperium
1310 764 1533 818 amplecte-
1558 776 1599 805 25

179 826 346 874 bantur3
390 839 500 864 nunc
536 825 754 879 imperium
790 826 861 866 ubi
898 834 980 875 est,
1024 826 1081 867 ibi
1116 834 1162 866 ut
1199 827 1251 866 sit
1286 833 1533 881 perpetuum

179 894 341 941 optant,
380 886 612 926 libertatem
644 887 791 927 vestris
819 887 923 927 tueri
950 888 1073 928 armis
1101 888 1200 928 satis
1227 887 1399 936 habent,
1433 902 1533 940 quo-

179 949 290 988 niam
315 948 400 988 suis
425 963 508 988 non
538 956 727 1002 possunt.
789 956 829 988 at
855 949 964 988 enim
990 949 1192 1002 quaedam
1227 948 1412 989 civitates
1439 962 1533 988 cum
1559 961 1600 991 26

179 1009 391 1050 Antiocho
418 1017 649 1049 senserunt.
690 1017 730 1049 et
755 1010 859 1050 aliae
885 1010 998 1064 prius
1026 1024 1118 1049 cum
1143 1009 1353 1063 Philippo,
1380 1016 1420 1049 et
1440 1023 1534 1048 cum

178 1071 341 1124 Pyrrho
367 1071 595 1111 Tarentini.
634 1085 684 1110 ne
711 1071 813 1111 alios
840 1071 1015 1125 populos
1043 1085 1293 1119 enumerem,
1321 1070 1533 1124 Carthago

180 1134 309 1174 libera
330 1147 423 1173 cum
444 1133 527 1173 suis
548 1133 712 1186 legibus
734 1141 809 1173 est.
848 1133 943 1173 huic
964 1141 1103 1174 vestro
1124 1133 1314 1187 exemplo
1335 1140 1533 1186 quantum
1560 1147 1600 1175 27

181 1194 384 1241 debeatis,
412 1194 568 1243 videte,
595 1202 733 1248 patres
761 1195 996 1249 conscripti.
1056 1194 1259 1235 inducetis
1286 1194 1327 1234 in
1352 1194 1535 1234 animum

180 1272 333 1311 negare
359 1256 562 1296 Eumenis
590 1257 823 1311 cupiditati,
851 1257 960 1310 quod
984 1256 1235 1297 iustissimae
1261 1256 1345 1297 irae
1371 1264 1534 1296 vestrae

180 1318 378 1373 negastis.
410 1318 565 1358 Rhodii
588 1316 647 1372 [et
671 1319 714 1359 in
738 1317 835 1373 hoc]
858 1327 898 1359 et
922 1319 965 1359 in
986 1319 1176 1359 omnibus
1203 1319 1335 1367 bellis,
1363 1333 1467 1371 quae
1492 1318 1535 1358 in
1560 1332 1601 1362 28

181 1381 250 1421 illa
283 1396 354 1422 ora
391 1381 600 1436 gessistis,
638 1396 761 1434 quam
798 1382 894 1423 forti
930 1382 1122 1435 fidelique
1156 1397 1282 1436 opera
1312 1396 1386 1422 vos
1420 1382 1535 1422 adiu-

182 1442 382 1492 verimus,
420 1451 557 1483 vestro
594 1443 745 1484 iudicio
781 1443 1064 1496 relinquimus.
1131 1458 1240 1484 nunc
1276 1443 1319 1484 in
1353 1457 1456 1498 pace
1492 1443 1534 1483 id

183 1504 399 1544 consilium
425 1504 670 1553 adferimus,
704 1505 815 1557 quod
846 1505 881 1545 si
906 1505 1240 1560 comprobaritis,
1266 1505 1533 1559 magnificen-

183 1565 262 1605 tius
289 1580 362 1606 vos
389 1565 559 1606 victoria
583 1581 681 1606 usos
708 1581 800 1607 esse
826 1580 950 1619 quam
976 1567 1126 1607 vicisse
1152 1581 1296 1607 omnes
1324 1566 1534 1606 existima-

183 1627 262 1667 turi
288 1626 394 1667 sint.'
456 1636 552 1681 apta
576 1627 852 1682 magnitudini
876 1628 1093 1668 Romanae
1120 1628 1250 1669 oratio
1275 1628 1365 1668 visa
1390 1635 1465 1668 est.

268 1689 362 1731 LV.
400 1689 505 1729 Post
519 1689 706 1730 Rhodios
721 1689 921 1729 Antiochi
946 1690 1073 1744 legati
1093 1689 1228 1730 vocati
1249 1696 1355 1729 sunt.
1393 1688 1421 1728 ii
1446 1688 1535 1728 vul-
1563 1704 1576 1732 1

183 1758 280 1805 gato
300 1752 528 1804 petentium
548 1752 711 1791 veniam
732 1766 859 1800 more,
876 1766 1055 1792 errorem
1075 1751 1177 1791 fassi
1196 1751 1320 1805 regis,
1341 1750 1535 1791 obtestati

185 1820 280 1853 sunt
310 1820 448 1866 patres
476 1813 751 1868 conscriptos,
784 1821 830 1853 ut
855 1828 954 1854 suae
980 1813 1116 1871 potius
1143 1812 1386 1852 clementiae
1412 1826 1534 1864 quam
1561 1826 1579 1854 2

183 1874 293 1929 regis
321 1874 483 1929 culpae,
511 1875 580 1928 qui
607 1875 705 1915 satis
734 1890 938 1929 superque
964 1890 1191 1929 poenarum
1218 1874 1418 1922 dedisset,
1450 1888 1537 1913 me-

184 1951 319 1977 mores
347 1937 621 1985 consulerent,
648 1945 858 1992 postremo
883 1951 1029 1991 pacem
1055 1937 1194 1977 datam
1220 1951 1243 1975 a
1269 1936 1321 1976 L.
1339 1934 1534 1990 Scipione

184 1999 449 2053 imperatore,
478 1999 625 2052 quibus
657 1999 820 2053 legibus
847 1999 1049 2048 dedisset,
1082 1999 1372 2039 confirmarent
1396 2005 1536 2038 aucto-

184 2060 304 2100 ritate
330 2075 415 2100 sua.
476 2068 514 2101 et
542 2068 709 2101 senatus
737 2076 828 2101 eam
852 2075 998 2115 pacem
1025 2060 1272 2101 servandam
1298 2059 1470 2108 censuit,
1496 2066 1537 2099 et
1561 2073 1580 2102 3

185 2135 339 2175 paucos
365 2129 460 2175 post
486 2122 572 2162 dies
598 2122 775 2176 populus
800 2122 934 2162 iussit.
984 2122 1130 2162 foedus
1156 2122 1199 2161 in
1215 2120 1422 2176 Capitolio
1444 2134 1535 2160 cum

186 2182 409 2236 Antipatro
439 2184 624 2238 principe
655 2184 872 2238 legationis
900 2192 940 2224 et
971 2184 1116 2225 eodem
1148 2183 1285 2224 fratris
1311 2183 1395 2223 filio
1426 2182 1535 2236 regis

187 2243 386 2284 Antiochi
412 2253 474 2285 est
498 2245 637 2286 ictum.

271 2306 454 2346 Auditae
480 2307 626 2347 deinde
653 2314 693 2347 et
718 2307 821 2347 aliae
846 2307 1075 2361 legationes
1103 2322 1154 2347 ex
1173 2306 1279 2347 Asia
1305 2313 1411 2346 sunt.
1443 2305 1538 2359 ,qui-
1562 2320 1582 2348 4

187 2368 265 2407 bus
291 2367 482 2407 omnibus
509 2368 650 2408 datum
675 2376 739 2408 est
763 2383 1029 2422 responsum,
1063 2369 1207 2408 decem
1238 2368 1398 2422 legatos
1424 2381 1538 2407 more

187 2429 389 2470 maiorum
426 2438 614 2470 senatum
645 2431 868 2471 missurum
899 2431 952 2471 ad
983 2446 1048 2471 res
1082 2431 1212 2471 Asiae
1245 2430 1536 2484 disceptandas

188 2493 596 2546 componendasque:
624 2508 829 2533 summam
854 2500 993 2533 tamen
1018 2492 1125 2533 hanc
1150 2493 1251 2542 fore,
1277 2500 1322 2532 ut
1347 2492 1404 2532 cis
1426 2491 1537 2531 Tau·
1562 2504 1582 2533 5

186 2568 276 2593 rum
310 2561 510 2603 montem,
547 2569 651 2607 quae
683 2555 791 2595 intra
821 2554 939 2609 regni
970 2554 1168 2596 Antiochi
1204 2555 1308 2595 fines
1345 2553 1534 2602 fuissent,
