1799 2900
493 123 646 157 LIBER
670 122 833 166 xxxv,
859 122 913 156 40.
934 122 987 156 41.
1016 121 1214 165 [a.e.192]
1453 109 1536 151 209

183 227 380 268 inmixtae
405 225 627 274 Romanis,
661 240 744 265 non
770 225 866 278 quia
896 225 1009 280 ipsas
1035 239 1186 280 operae
1217 222 1394 278 pretium
1426 229 1539 263 esset

183 290 452 347 perscribere,
479 288 553 330 sed
585 289 682 341 quia
707 302 857 328 causae
884 302 978 328 cum
1000 286 1208 328 Antiocho
1235 286 1402 326 fuerunt
1428 284 1536 325 belli.

184 351 421 393 consulibus
454 349 682 404 designatis
709 374 764 378 -—
788 349 884 390 inde
909 364 1087 402 namque
1120 349 1379 389 deverteram
1403 371 1459 376 ——
1482 347 1535 387 L.
1562 359 1581 388 2

184 413 405 466 Quinctius
433 420 472 453 et
489 411 567 453 Cn.
582 411 793 452 Domitius
820 412 1010 453 consules
1036 412 1078 451 in
1104 410 1338 466 provincias
1365 408 1539 464 profecti

185 484 301 525 sunt,
339 475 560 527 Quinctius
597 474 639 514 in
676 474 878 528 Ligures,
915 474 1126 515 Domitius
1165 473 1365 513 adversus
1395 471 1538 512 Boios.

184 537 264 579 Boi
289 537 552 590 quieverunt.;
580 544 703 589 atque
724 536 848 577 etiam
869 544 1036 577 senatus
1058 550 1200 576 eorum
1220 549 1314 575 cum
1339 533 1477 574 liberis
1500 540 1540 573 et
1566 544 1584 572 3

184 599 383 655 praefecti
398 614 491 639 cum
506 598 755 651 equitatu—
770 613 931 638 summa
945 598 1127 638 omnium
1142 596 1252 637 mille
1268 603 1308 636 et
1322 595 1539 650 quingenti

184 687 240 691 —
259 661 417 703 consuli
438 661 683 702 dediderunt
704 675 762 701 se.
802 661 853 701 ab
874 661 1001 701 altero
1024 660 1194 701 consule
1215 674 1313 713 ager
1332 658 1539 712 Ligurum
1566 670 1586 697 4

185 725 264 765 late
280 732 343 764 cst
358 731 543 764 vastatus
560 723 812 776 castellaque
828 723 984 775 aliquot
999 730 1138 776 eapta3
1165 721 1274 762 unde
1289 736 1372 761 11011
1387 719 1542 774 pracda

186 787 310 831 modo
325 786 458 827 omnis
474 785 638 840 generis
654 800 748 825 cum
763 785 936 840 captivis
958 791 1088 839 parta,
1109 784 1183 825 sed
1203 783 1357 838 recepti
1379 796 1542 836 quoquc

186 849 342 901 aliquot
366 848 476 888 cives
504 847 705 900 sociique,
733 847 802 900 qui
827 847 869 887 in
894 847 1075 888 hostium
1100 853 1306 900 potestate
1333 845 1511 885 fuerant.

270 910 433 951 Eodem
454 909 532 950 lioc
552 924 658 950 anno
673 909 882 951 Vibonem
896 908 1057 949 colonia
1073 908 1251 948 deducta
1269 914 1333 947 cst
1352 922 1403 947 cx
1424 921 1544 946 sena·
1570 917 1588 944 ῡ

187 980 252 1013 tus
268 972 456 1013 consulto
476 971 669 1026 plebique
685 970 801 1011 scito.
839 970 917 1010 tria
934 970 1048 1010 milia
1062 976 1100 1010 et
1116 968 1367 1023 septingenti
1383 967 1543 1022 pedites

186 1034 334 1082 ierunt,
362 1033 533 1073 trecenti
559 1032 732 1085 equites.
764 1031 967 1071 triumviri
994 1031 1256 1070 deduxerunt
1280 1044 1351 1069 eos
1367 1029 1421 1080 Q
1436 1029 1544 1069 Nae·
1570 1039 1588 1067 6

187 1097 292 1144 vius,
307 1095 369 1135 M.
384 1094 611 1139 Minucius,
626 1093 688 1133 M.
703 1093 855 1133 Furius
873 1091 1109 1146 Crassipes.
1142 1091 1268 1145 quina
1282 1091 1389 1131 dena
1402 1090 1545 1143 iugera

187 1158 276 1212 agri
296 1157 392 1197 data
411 1156 452 1195 in
474 1156 660 1210 singulos
689 1155 849 1209 pedites
872 1161 980 1202 sunt,
1007 1154 1160 1209 duplex
1182 1153 1322 1206 equiti.
1360 1151 1546 1192 Bruttio-

186 1234 278 1259 rum
303 1217 489 1273 proxime
515 1217 650 1258 fuerat
676 1231 794 1271 ager3
820 1216 974 1256 Bruttii
1000 1223 1196 1270 ceperant
1221 1215 1272 1255 de
1300 1213 1488 1255 Graccis.

271 1280 432 1321 Romae
457 1294 531 1334 per
550 1279 661 1319 idem
676 1286 838 1333 tempus
859 1279 941 1319 duo
961 1277 1129 1318 maximi
1157 1277 1324 1317 fuerunt
1354 1286 1545 1316 terrores·

188 1342 370 1383 diutinus
398 1341 518 1390 alter,
551 1341 626 1381 sed
652 1340 838 1395 segnior:
876 1347 986 1381 terra
1010 1339 1098 1380 dies
1132 1336 1547 1391 duodequadraginta

187 1404 328 1445 movit.
372 1419 445 1458 per
482 1403 654 1444 totidem
691 1403 778 1443 dies
813 1403 940 1443 feriae
973 1402 1014 1442 in
1047 1400 1322 1442 sollicitudine
1355 1413 1402 1440 ac
1433 1406 1546 1439 metu

188 1467 322 1515 fuere3
355 1466 397 1506 in
428 1465 608 1505 triduum
641 1464 728 1505 eius
759 1464 818 1505 rei
849 1479 975 1505 causa
1007 1462 1253 1518 supplicatio
1290 1461 1432 1502 habita
1470 1468 1546 1501 est.

189 1528 258 1568 ille
283 1543 365 1568 non
391 1543 521 1582 pavor
548 1542 692 1575 vanus,
720 1526 794 1567 sed
819 1542 918 1567 vera
943 1526 1166 1566 multorum
1193 1524 1332 1564 clades
1358 1523 1454 1563 fuit:
1486 1521 1545 1561 in-
1573 1534 1592 1563 3

192 1589 336 1630 cendio
363 1604 387 1629 a
418 1589 507 1629 foro
539 1588 709 1629 bovario
742 1595 830 1628 orto
863 1588 972 1628 diem
1003 1594 1250 1639 noctemque
1283 1585 1470 1625 aedificia
1507 1583 1546 1622 in

192 1651 377 1691 Tiberim
399 1666 519 1691 versa
539 1665 676 1691 arsere
696 1650 975 1702 tabernaeque
990 1663 1134 1689 omnes
1151 1662 1245 1688 cum
1266 1645 1406 1700 magni
1428 1645 1547 1700 pretii

192 1713 396 1754 mercibus
423 1712 796 1766 conflagraverunt.

277 1773 508 1814 XXXXL
557 1774 648 1814 Iam
679 1774 765 1814 fere
796 1773 838 1812 in
870 1772 982 1813 exitu
1014 1786 1146 1812 annus
1173 1778 1278 1818 erat,
1316 1776 1357 1810 et
1387 1768 1428 1808 in
1460 1768 1548 1808 dics
1578 1782 1592 1810 1

193 1836 325 1890 magis
352 1836 464 1875 fama
489 1835 539 1875 de
554 1835 753 1875 Antiochi
779 1835 887 1875 bello
914 1841 954 1875 ct
980 1848 1077 1874 cura
1102 1832 1288 1887 patribus
1316 1830 1547 1878 erescebat3

192 1898 330 1950 itaque
357 1898 407 1938 de
433 1897 654 1952 provinciis
682 1896 993 1951 designatorum
1018 1894 1356 1949 magistratuum,
1383 1906 1464 1945 quo
1489 1890 1551 1930 in—
1576 1905 1595 1933 2

193 1960 389 2000 tentiores
416 1966 554 2000 essent
577 1974 734 2007 omnes,
762 1958 907 2013 agitari
929 1965 1121 2012 coeptum
1142 1963 1218 1996 est.
1251 1955 1483 2003 decrevere,
1504 1961 1549 1993 ut
1576 1968 1594 1996 3

193 2022 432 2063 consulibus
466 2021 587 2062 Italia
618 2030 659 2062 et
690 2036 770 2074 quo
803 2028 971 2062 senatus
1005 2019 1235 2061 censuisset
1259 2042 1315 2047 —-
1345 2017 1426 2057 iam
1459 2030 1551 2056 esse

193 2085 349 2125 bellum
369 2084 567 2124 adversus
582 2083 839 2124 Antiochum
859 2098 1002 2137 regem
1026 2097 1168 2123 omncs
1192 2080 1376 2121 sciebant
1389 2103 1445 2108 —
1458 2092 1553 2132 pro-

195 2145 353 2186 vinciae
374 2153 532 2194 essent3
560 2146 676 2185 euius
693 2160 742 2186 ea
763 2160 852 2186 sors
874 2152 998 2192 essct,
1026 2151 1219 2197 quattuor
1239 2141 1351 2181 milia
1365 2140 1551 2195 peditum
1576 2153 1595 2182 4

196 2207 347 2247 civium
368 2207 653 2248 Romanorum
678 2213 719 2247 et
744 2207 917 2247 trecenti
943 2206 1119 2259 equites,
1154 2220 1228 2245 sex
1253 2203 1366 2243 milia
1392 2201 1552 2243 socium

195 2269 337 2308 Latini
362 2269 540 2309 nominis
567 2283 661 2308 cum
687 2267 1001 2322 quadringentis
1028 2267 1235 2320 equitibus
1258 2274 1352 2305 sunt
1374 2264 1551 2304 decreta.

196 2345 339 2371 eorum
353 2330 548 2370 dilectum
570 2330 722 2370 habere
737 2330 789 2370 L.
807 2329 1028 2380 Quinctius
1051 2327 1195 2369 consul
1214 2327 1367 2375 iussus,
1389 2340 1439 2366 ne
1455 2325 1553 2378 quid
1578 2339 1597 2367 5

196 2399 436 2440 moraretur,
464 2407 544 2445 quo
570 2391 706 2431 minus
734 2391 878 2431 consul
903 2406 1036 2431 novus
1063 2404 1143 2443 quo
1170 2398 1339 2430 senatus
1366 2387 1552 2428 censuis-

198 2461 260 2495 set
286 2454 493 2509 cxtcmplo
518 2453 724 2509 proficisci
749 2459 904 2508 posset.
966 2452 1065 2492 item
1096 2452 1146 2492 de
1177 2449 1400 2506 provinciis
1432 2463 1552 2503 prae-
1578 2462 1596 2491 6

198 2525 333 2558 torum
363 2518 575 2558 decretum
606 2527 687 2565 est,
724 2516 858 2571 prima
887 2524 930 2556 ut
966 2530 1054 2556 sors
1082 2515 1206 2564 duae,
1245 2515 1486 2566 urbanaque
1513 2520 1553 2552 et

198 2579 302 2620 inter
327 2579 428 2620 civis
450 2594 496 2620 ac
521 2579 762 2635 peregrinos
785 2577 1012 2619 iurisdictio
1033 2585 1156 2626 esset,
1184 2576 1368 2617 secunda
1381 2573 1550 2621 Bruttii,

269 2647 330 2673 Livi
346 2647 398 2673 vol.
415 2645 461 2673 111.
1288 2641 1330 2675 14

1574 1289 1589 1316 *Ι
