1799 2900
483 103 635 138 LIBER
661 103 843 147 xxxvi,
868 103 969 137 4-6.
998 106 1047 147 [a.
1063 102 1100 137 C.
1116 103 1196 146 191]
1429 92 1512 133 2523

158 210 341 251 modium
361 208 496 256 tritici,
523 214 706 247 trecenta
731 207 874 247 hordei
900 208 952 247 ad
972 207 1197 248 exercitum
1216 206 1259 246 in
1274 204 1507 252 Graeciam,

159 272 335 313 Romam
366 276 550 311 trecenta
579 269 692 309 milia
722 269 907 310 modium
938 269 1076 318 tritici,
1110 269 1288 309 ducenta
1312 267 1513 321 quinqua-

157 333 271 389 ginta
290 332 452 380 hordei3
480 331 638 384 equites
659 331 922 386 quingentos,
942 331 1184 386 elephantos
1206 330 1352 384 viginti
1370 344 1512 384 regem

157 396 211 436 ad
234 394 311 435 M’.
333 394 516 434 Acilium
543 393 755 433 consulem
782 393 1018 434 missurum.
1080 393 1130 434 de
1157 393 1364 432 frumento
1389 391 1514 432 utris-

157 472 236 511 que
272 471 538 511 responsum,
577 455 634 495 ita
670 470 843 495 usurum
874 471 922 496 eo
954 456 1153 510 populum
1185 455 1440 503 Romanum,
1480 453 1515 494 si

157 519 334 575 pretium
365 518 612 572 acciperent.
674 518 724 558 de
757 518 891 558 classe
918 517 1337 572 Carthaginiensibus
1369 516 1515 557 remis—

158 598 269 631 sum,
306 589 598 636 praeterquam
631 581 664 621 si
696 581 794 634 quid
825 581 993 621 navium
1026 597 1077 622 ex
1110 581 1277 622 foedere
1303 581 1515 621 deberent.

158 645 209 685 de
234 644 410 700 pecunia
431 644 529 684 item
548 658 810 698 responsum,
838 645 991 685 nullam
1013 651 1108 684 ante
1131 643 1238 683 diem
1259 650 1514 697 accepturos.

243 708 296 749 V.
336 704 443 746 Cum
471 705 573 745 haec
592 705 753 746 Romae
780 707 1022 761 agebantur,
1051 705 1252 746 Chalcide
1267 704 1515 752 Antiochus,

160 783 211 808 ne
238 777 421 808 cessaret
446 782 519 822 per
545 767 810 808 hibernorum
843 776 1025 822 tempus,
1063 766 1213 821 partim
1244 767 1334 821 ipse
1367 766 1518 806 sollici-

160 831 275 871 tabat
300 829 528 869 civitatium
549 829 707 870 animos
734 830 944 870 mittendis
972 829 1135 884 legatis,
1161 829 1310 883 partim
1336 828 1443 869 ultro
1466 828 1518 868 ad

161 907 255 932 eum
281 891 522 940 veniebant,
555 892 661 931 sicut
685 892 885 945 Epirotae
912 891 1120 931 communi
1145 890 1282 944 gentis
1310 904 1516 930 consensu

1543 527 1582 558 10

161 962 201 994 et
225 954 319 994 Elei
346 969 367 994 c
392 954 687 1007 Peloponneso
713 962 928 995 venerunt.
972 953 1065 992 Elei
1093 952 1290 992 auxilium
1316 952 1517 992 adversus
1544 962 1562 991 2

160 1015 356 1056 Achaeos
382 1016 592 1069 petebant,
619 1029 722 1067 quos
747 1022 841 1069 post
864 1015 1018 1054 bellum
1040 1029 1123 1053 non
1143 1028 1193 1053 ex
1220 1029 1294 1053 sua
1315 1013 1521 1054 sententia

161 1077 361 1117 indictum
392 1076 603 1116 Antiocho
640 1076 819 1130 primum
851 1076 1007 1116 civitati
1044 1090 1143 1115 suae
1175 1090 1290 1114 arma
1319 1075 1518 1115 inlaturos

162 1139 397 1179 credebant.
447 1137 558 1177 mille
590 1138 639 1177 iis
666 1138 825 1192 pedites
853 1152 946 1177 cum
973 1138 1076 1178 duce
1100 1136 1293 1177 Cretensi
1312 1136 1518 1190 Euphane
1546 1147 1564 1175 3

163 1208 258 1241 sunt
292 1199 422 1240 missi.
483 1199 750 1254 Epirotarum
783 1199 936 1254 legatio
969 1208 1055 1239 erat
1087 1199 1255 1239 minime
1287 1199 1328 1238 in
1359 1206 1519 1253 partem

162 1263 289 1303 ullam
318 1261 435 1301 liberi
468 1270 538 1301 aut
576 1261 773 1315 simplicis
813 1262 950 1302 animi.
1019 1262 1129 1317 apud
1164 1276 1307 1315 regem
1345 1261 1521 1315 gratiam

162 1325 304 1364 initam
331 1324 527 1365 volebant.
554 1338 646 1364 cum
673 1339 721 1364 eo
746 1331 792 1364 ut
817 1332 1029 1371 caverent,
1062 1339 1113 1364 ne
1140 1324 1237 1376 quid
1264 1324 1523 1364 offenderent

162 1387 388 1427 Romanos.
438 1386 634 1440 petebant
660 1386 783 1435 enim,
811 1401 861 1426 nc
889 1401 932 1426 sc
959 1394 1112 1426 temere
1139 1386 1181 1425 in
1203 1400 1372 1425 causam
1395 1385 1523 1425 (ledu-

164 1458 292 1495 ceret,
331 1447 543 1502 expositos
580 1448 782 1488 adversus
820 1448 982 1488 [taliam
1018 1463 1093 1501 pro
1130 1447 1242 1488 omni
1270 1446 1448 1487 Graecia
1484 1456 1524 1487 et.

165 1510 318 1565 primos
345 1510 509 1564 inpetus
535 1510 820 1550 Romanorum
846 1517 1106 1564 excepturos.
1153 1510 1227 1550 scd
1253 1510 1286 1550 si
1311 1510 1401 1564 ipse
1426 1524 1523 1564 pos-

167 1580 230 1613 set
272 1572 536 1613 terrestribus
580 1572 880 1625 navalibusque
924 1572 1052 1627 copiis
1097 1572 1334 1627 praesidere
1379 1571 1523 1626 EpirO,

167 1634 314 1688 cupide
346 1649 441 1674 enm
472 1634 605 1674 omnis
631 1634 827 1688 Epirotas
862 1642 902 1674 et
932 1634 1102 1673 urbibus
1136 1641 1175 1674 et
1206 1633 1406 1688 portubus
1439 1632 1524 1673 suis

168 1704 422 1750 accepturos,
485 1695 519 1736 si
556 1696 597 1735 id
628 1711 710 1736 non
747 1704 908 1750 posset,
949 1696 1180 1750 deprecari,
1220 1710 1272 1735 ne
1310 1710 1353 1735 se
1390 1695 1524 1734 nudos

168 1766 289 1810 atquc
322 1757 499 1798 inermes
524 1758 715 1798 Romano
746 1758 854 1798 bello
881 1757 1075 1799 obiceret.
1138 1758 1214 1797 hac
1245 1756 1452 1811 legatione
1484 1757 1527 1796 id

168 1821 236 1874 agi
262 1820 501 1874 adparebat,
531 1828 575 1859 ut.
601 1820 706 1868 sive,
734 1820 845 1872 quod
870 1819 1005 1874 magis
1033 1820 1274 1867 credebant,
1303 1819 1527 1859 abstinuis-

170 1891 230 1923 set
261 1882 404 1936 Epiro,
443 1881 605 1936 integra
643 1882 720 1922 sibi
753 1882 891 1922 onmia
928 1882 1038 1936 apud
1075 1882 1279 1922 exercitus
1311 1881 1525 1921 Romanos

169 1952 321 1993 essent,
349 1944 567 1984 conciliata
593 1944 693 1984 satis
717 1944 826 1998 apud
852 1959 993 1998 regem
1015 1944 1161 1998 gratia,
1189 1943 1298 1996 quod
1319 1943 1527 1997 accepturi

170 2006 346 2046 fuissent
372 2006 618 2055 venientem,
647 2006 733 2046 sive
760 2006 956 2055 venisset,
984 2006 1042 2046 sic
1069 2020 1232 2059 quoque
1259 2020 1353 2060 spes
1382 2004 1525 2044 veniae

171 2069 222 2109 ab
248 2068 448 2108 Romanis
475 2069 600 2117 foret,
634 2069 745 2121 quod
770 2083 853 2109 non
879 2076 1120 2122 exspectato
1151 2068 1378 2122 longinquo
1405 2067 1456 2107 ab
1484 2081 1527 2106 se

172 2129 323 2169 auxilio
354 2130 586 2184 praesentis
620 2131 774 2170 viribus
803 2130 1138 2171 subcubuissent,
1200 2130 1296 2169 huic
1327 2137 1409 2168 tam
1436 2143 1528 2182 per-

171 2192 317 2246 plexae
343 2192 540 2246 legationi
566 2193 661 2245 quia
686 2208 768 2232 non
796 2193 896 2233 satis
922 2192 963 2232 in
990 2199 1182 2247 promptu
1210 2199 1315 2237 erat,
1343 2191 1441 2243 qnid
1465 2204 1528 2229 re-

173 2253 413 2308 sponderet,
451 2254 611 2308 legatos
640 2269 683 2294 se
709 2254 935 2294 missurum
960 2254 1014 2294 ad
1039 2269 1109 2293 eos
1137 2253 1258 2300 dixit,
1297 2252 1367 2305 qni
1398 2252 1448 2291 de
1478 2251 1526 2291 iis

173 2329 278 2368 quae
304 2315 357 2355 ad
382 2315 472 2355 illos
501 2330 626 2368 seque
653 2316 924 2356 communiter
950 2315 1202 2369 pertinerent
1226 2315 1505 2367 loquerentur.

257 2377 332 2418 VI.
370 2377 418 2417 In
435 2377 653 2417 Boeotiam
673 2377 762 2431 ipse
782 2377 994 2431 profectus
1016 2384 1091 2425 est,
1118 2390 1265 2417 causas
1286 2376 1326 2416 in
1349 2375 1530 2430 speciem

173 2438 257 2479 irae
296 2438 497 2479 adversus
533 2439 748 2479 Romanos
785 2453 855 2479 eas
893 2453 995 2491 quas
1039 2448 1134 2478 ante
1172 2438 1257 2478 dixi
1293 2437 1527 2486 habentem,

175 2501 421 2554 Brachyllae
448 2515 593 2541 necem
618 2508 657 2541 et
683 2501 835 2541 bellum
860 2516 882 2540 a
903 2500 1099 2552 Quinctio
1121 2499 1337 2541 Coroneae
1362 2509 1531 2554 propter

176 2563 458 2605 Romanorum
489 2564 665 2604 militum
697 2563 845 2604 caedes
878 2563 1068 2611 inlatum,
1106 2577 1149 2604 re
1176 2578 1273 2604 vera
1303 2577 1377 2617 per
1401 2561 1531 2602 multa

1559 2388 1568 2416 ]

1557 2573 1574 2593 ·)

1557 2594 1574 2602 ,ι
