1799 2900
461 133 614 167 LIBER
640 134 844 178 XXXVII,
871 132 998 167 10.11.
1025 134 1072 176 [a.
1088 130 1126 166 c.
1142 132 1222 176 190]
1440 121 1522 163 267

170 238 414 280 traditurum
446 236 503 285 ei3
534 237 711 292 pretium
743 237 846 277 tanti
876 236 1009 278 meriti
1040 236 1197 276 nullum
1229 234 1340 275 aliud
1370 234 1523 289 pacisci

171 316 296 355 quam
320 299 498 340 reditum
523 299 564 339 in
590 299 777 353 patriam.
816 299 1058 353 magnitudo
1083 298 1142 339 rei
1166 312 1242 338 nec
1267 304 1311 337 ut
1336 297 1522 338 crederet

170 377 246 404 nec
281 370 327 402 ut
363 372 653 416 aspernaretur
691 362 799 402 dicta
835 362 973 402 efficit.
1038 361 1322 402 Panhormum
1356 360 1521 402 Samiae

169 435 302 467 terrae
326 425 442 480 petit,
468 425 606 477 ibique
631 425 684 465 ad
710 425 1006 479 explorandam
1030 440 1117 464 rem
1144 438 1248 477 quae
1274 424 1412 464 oblata
1437 431 1524 464 erat

171 487 365 529 substitit.
426 487 532 528 ultro
572 487 754 540 citroque
793 487 925 526 nuntii
957 501 1140 535 cursare3
1178 500 1254 526 nec
1291 486 1394 526 fides
1425 494 1520 526 ante

168 549 431 591 Pausistrato
463 550 572 589 facta
603 557 666 589 est
697 563 821 602 quain
846 563 984 590 coram
1014 548 1157 589 nuntio
1185 548 1271 588 eius
1296 547 1524 601 Polyxeni-

170 612 244 652 das
272 627 346 652 sua
376 627 501 651 manu
532 611 714 665 scripsit,
749 626 792 651 se
819 626 867 651 ea
893 625 997 663 quae
1022 610 1228 664 pollicitus
1255 618 1366 650 esset
1391 609 1523 649 factu-

169 688 260 715 rum
286 688 391 722 esse,
419 673 621 727 signoque
649 688 723 713 suo
748 673 960 727 inpressas
986 672 1159 712 tabellas
1186 671 1310 712 misit.
1349 686 1397 711 eo
1423 686 1521 711 vcro

168 736 342 790 pignore
375 735 487 775 velut
518 744 773 775 auctoratum
806 735 885 774 sibi
916 735 1168 789 proditorem
1193 742 1306 774 ratus
1334 742 1414 774 est:
1452 748 1524 773 ne—

170 812 249 850 que
275 797 384 837 enim
410 812 502 837 eum
529 797 598 849 qui
624 797 700 837 sub
725 812 822 850 rege
844 796 1012 844 viveret,
1039 795 1356 836 commissurum
1381 794 1523 843 fuisse,

172 867 217 899 ut
242 859 440 899 adversus
469 866 598 898 semet
625 858 760 913 ipsum
791 858 943 898 indicia
967 873 1091 897 manu
1118 872 1192 897 sua
1217 864 1368 897 testata
1394 856 1522 896 daret.

169 920 265 961 inde
295 920 399 961 ratio
431 920 645 961 simulatae
675 920 917 974 proditionis
956 920 1197 973 composita.
1264 919 1447 959 onmium
1480 933 1524 958 se

170 997 308 1022 rerum
351 982 594 1036 adparatum
631 981 879 1021 omissurum
921 981 1205 1034 Polyxenidas
1244 981 1399 1021 dicere:
1441 995 1525 1020 non

170 1044 388 1098 remigem,
422 1059 504 1084 non
530 1043 664 1084 socios
690 1043 848 1083 navalis
876 1043 929 1082 ad
954 1043 1131 1082 classem
1156 1041 1382 1094 frequentis
1409 1041 1525 1081 habi-

171 1113 320 1153 turum,
347 1105 645 1145 subducturum
670 1119 743 1158 per
765 1104 1070 1144 simulationem
1088 1104 1298 1143 reficiendi
1321 1103 1523 1155 quasdam

170 1181 316 1215 naves,
355 1166 455 1207 alias
493 1166 535 1205 in
571 1166 825 1220 propinquos
862 1173 1004 1219 portus
1043 1165 1330 1212 dimissurum,
1368 1178 1523 1218 paucas

170 1234 266 1268 ante
290 1234 454 1282 portum
479 1227 640 1281 Ephesi
665 1227 707 1266 in
733 1227 819 1267 salo
846 1226 1097 1275 habiturum,
1125 1241 1240 1279 quas,
1268 1226 1302 1265 si
1322 1225 1433 1266 exire
1459 1240 1524 1266 res

171 1295 354 1343 cogeret,
381 1289 616 1329 obiecturus
643 1289 857 1329 certamini
890 1289 1007 1329 foret.
1069 1302 1192 1341 quam
1217 1286 1525 1341 neglegentiam

169 1350 471 1404 Polyxenidam
501 1350 544 1390 in
569 1350 702 1391 classe
729 1365 804 1390 sua
836 1349 1073 1390 habiturum
1097 1349 1383 1390 Pausistratus
1411 1348 1526 1388 audi-

170 1412 241 1461 vit,
268 1427 359 1452 eam
383 1412 472 1467 ipse
498 1412 705 1467 extemplo
731 1411 887 1452 habuit.
947 1420 1109 1466 partem
1134 1412 1303 1451 navium
1336 1411 1388 1451 ad
1414 1424 1526 1451 coni-

171 1481 331 1515 meatus
364 1474 636 1515 accersendos
669 1474 1034 1522 Halicarnassum,
1073 1482 1234 1528 partem
1268 1472 1441 1513 Samum
1474 1472 1526 1512 ad

171 1537 317 1576 urbem
342 1535 472 1584 misit,
502 1534 609 1589 [ipse
634 1536 861 1576 Panhormi
888 1535 1104 1590 substitit,]
1132 1543 1176 1575 ut
1206 1542 1374 1590 paratus
1401 1540 1524 1581 esset,

173 1612 265 1638 cum
299 1597 463 1651 signum
494 1597 763 1651 adgrediendi
796 1613 819 1637 a
849 1598 1059 1651 proditore
1092 1597 1333 1650 accepisset.
1398 1595 1527 1648 Poly-

171 1658 349 1699 xenidas
387 1673 538 1713 augere
582 1659 814 1699 simulando
851 1674 1051 1707 errorem3
1096 1658 1288 1698 subducit
1323 1657 1526 1710 quasdam

171 1736 314 1769 naves,
341 1720 441 1760 alias
468 1720 580 1760 velut
605 1721 882 1761 subducturus
903 1728 1027 1769 esset,
1053 1720 1217 1760 navalia
1235 1719 1378 1767 reficit,
1404 1718 1526 1758 remi-

171 1797 246 1836 ges
279 1797 330 1822 ex
362 1781 543 1822 hibernis
577 1797 660 1822 non
684 1782 902 1836 Ephesum
935 1781 1127 1830 accersit,
1161 1781 1234 1821 sed
1258 1780 1526 1835 Magnesiam

172 1843 330 1884 occulte
357 1843 480 1897 cogit.

255 1905 339 1945 XI.
388 1906 514 1946 Forte
546 1905 715 1958 quidam
738 1905 939 1946 Antiochi
972 1905 1109 1953 miles,
1142 1918 1235 1944 cum
1268 1902 1441 1943 Samum
1466 1902 1526 1943 rei

171 1966 357 2022 privatae
383 1981 509 2007 causa
534 1967 734 2016 venisset,
760 1983 834 2022 pro
861 1967 1119 2022 speculatore
1145 1965 1429 2020 deprehensus
1455 1965 1527 2005 de-

173 2029 334 2069 ducitur
353 2029 639 2069 Panhormum
665 2029 718 2069 ad
742 2029 1011 2083 praefectum.
1043 2029 1078 2069 is
1104 2027 1400 2082 percunctanti,
1427 2026 1525 2079 quid

172 2090 332 2144 Ephesi
358 2098 568 2145 ageretur,
600 2092 806 2131 incertum
837 2098 949 2131 metu
974 2106 1028 2131 an
1053 2106 1152 2144 erga
1178 2104 1274 2130 suos
1307 2089 1417 2128 haud
1444 2088 1527 2129 sin-

174 2165 268 2191 cera
303 2151 402 2200 fide,
441 2152 579 2192 onmia
615 2153 764 2207 aperit:
815 2153 991 2193 classem
1034 2152 1277 2192 instructam
1320 2158 1526 2205 paratam-

175 2228 254 2266 que
279 2214 321 2253 in
347 2221 469 2267 portu
495 2222 617 2263 stare,
644 2214 862 2268 remigium
888 2230 1009 2255 omne
1023 2213 1289 2267 Blagnesiam
1317 2212 1387 2266 (ad
1402 2211 1526 2266 Sipy-

173 2275 276 2327 lum)
303 2275 489 2323 missum,
516 2290 745 2329 perpaucas
772 2292 899 2316 naves
927 2277 1152 2317 subductas
1179 2290 1271 2316 esse
1298 2282 1338 2315 et
1362 2274 1526 2315 navalia

175 2336 271 2391 tegi,
297 2351 522 2389 numquam
543 2338 739 2378 intentius
760 2353 847 2378 rem
866 2338 1057 2378 navalem
1078 2337 1405 2377 administratam
1419 2351 1524 2377 esse.

174 2399 278 2439 haee
303 2414 354 2439 ne
380 2414 455 2454 pro
481 2399 589 2440 veris
617 2400 872 2448 audirentur,
906 2400 1067 2440 animus
1094 2414 1229 2440 errore
1255 2406 1296 2439 et
1321 2413 1394 2452 spe
1419 2413 1526 2438 vana

174 2468 501 2516 praeoccupatus
540 2461 649 2501 fecit.
721 2461 1003 2515 Polyxenidas
1049 2461 1149 2502 satis
1187 2460 1377 2501 omnibus
1415 2474 1526 2500 com-

175 2523 349 2578 paratis,
385 2530 506 2564 nocte
536 2523 692 2577 remige
724 2538 748 2563 a
771 2523 995 2578 Magnesia
1025 2523 1223 2563 accersito
1255 2522 1525 2574 deductisque

175 2585 325 2639 raptim
351 2599 456 2638 quae
482 2585 710 2626 subductae
737 2593 853 2626 erant
876 2585 1065 2635 navibus,
1092 2600 1185 2626 cum
1207 2584 1314 2625 diem
1339 2590 1523 2625 nontam

1551 1114 1592 1144 10

1555 1300 1590 1328 11

1555 1609 1593 1637 12

1550 2041 1569 2070 ΚΟ
