1799 2900
177 664 215 694 10

244 179 297 219 70
526 180 679 215 Lmen
705 178 874 222 XXXII,
900 178 955 212 25.
976 178 1032 212 <2ss.
1061 180 1109 221 [a.
1124 189 1158 212 u.
1174 188 1202 212 ο.
1218 177 1300 221 556]

243 287 424 341 Argivos
451 296 613 337 qnoque
639 287 818 321 armatos
845 295 896 322 ex
920 287 1035 334 parte
1061 279 1188 320 altera
1213 279 1414 320 venientis
1440 294 1593 333 magno

243 348 405 402 agmine
444 345 651 392 viderunt,
696 350 849 382 certam
885 342 1108 396 pernicicm
1152 350 1387 390 cernentes,
1430 356 1592 382 omnem

244 420 380 450 tamen
400 421 555 454 casum,
584 405 618 445 si
643 404 892 459 pertinacior
917 404 1000 444 dux
1025 404 1184 453 fuisset,
1211 405 1456 445 videbantur
1482 404 1594 445 subi-

242 470 333 511 turi.
396 467 720 514 Aenesidemus,
752 481 803 506 110
828 466 904 505 flos
930 465 1195 506 Achaeorum
1221 466 1444 506 iuventutis
1473 465 1594 506 simul

242 546 334 571 011111
366 530 466 570 urbe
499 529 771 576 amitteretur,
808 534 955 582 pactus
987 542 1011 567 a
1039 527 1245 575 Philocle,
1283 536 1327 567 ut
1364 528 1477 568 abire
1513 527 1593 567 illis

240 593 399 640 liceret,
437 591 525 645 ipse
553 604 632 642 quo
658 589 749 630 loco
775 596 944 629 steterat
975 599 1155 629 armatus
1183 603 1276 629 cum
1300 589 1443 642 paucis
1470 588 1595 628 clien-

241 654 350 694 tibus
376 667 460 693 11011
485 651 676 692 excessit.
713 650 866 690 missus
894 665 916 690 a
935 649 1123 690 Philocle
1149 649 1218 702 qui
1244 658 1470 702 quaereret,
1496 649 1595 702 quid

241 715 319 756 sibi
345 714 481 754 vellet.
524 713 626 753 nihil
653 719 763 752 statu
789 720 912 760 moto,
940 725 1033 751 011111
1057 711 1240 765 proiecto
1267 726 1365 764 prae
1392 726 1436 751 50
1461 711 1594 765 0111100

242 784 385 825 staret,
412 776 455 816 in
478 775 685 831 praesidio
711 774 890 815 creditae
915 773 1028 813 urbis
1054 772 1296 813 moriturum
1323 787 1366 812 se
1393 782 1595 813 armatum

239 839 466 894 respondit.
527 846 613 878 tum
656 837 773 878 1115511
814 836 1013 891 praefecti
1055 850 1079 875 a
1115 835 1374 875 Thraecibus
1412 835 1597 875 coniecta

241 902 323 942 tela
347 900 635 952 interfectique
661 914 819 940 omnes.
880 906 921 938 et
952 905 1045 952 post
1077 905 1242 952 pactam
1271 897 1376 937 inter
1400 897 1595 938 Achaeos

242 977 288 1003 110
314 963 528 1003 Romanos
555 961 795 1002 societatem
822 960 926 1000 duae
953 959 1235 1000 nobilissimae
1260 959 1398 1007 urbes,
1423 958 1532 1012 Argi
1557 965 1597 998 et

244 1023 490 1072 Corinthus,
528 1024 571 1063 in
602 1030 808 1078 potestate
833 1022 944 1075 regis
972 1027 1100 1061 erant.
1161 1020 1263 1061 haec
1289 1035 1338 1060 ea
1363 1028 1519 1061 aestate
1545 1019 1597 1060 ab
1652 1026 1657 1030 “

240 1086 441 1126 Romanis
467 1085 509 1124 in
536 1084 713 1125 Graecia
738 1092 846 1124 terra
870 1083 1056 1136 marique
1081 1091 1212 1137 gesta.

327 1146 501 1187 XXVI.
560 1146 613 1186 In
651 1145 789 1186 Gallia
825 1145 927 1184 nihil
970 1159 1068 1184 sane
1104 1144 1371 1184 memorabile
1408 1144 1459 1184 ab
1497 1141 1596 1183 Sex.

242 1207 364 1247 Aelio
392 1207 560 1247 consule
585 1215 763 1260 gestum.
825 1220 918 1246 011111
943 1206 1046 1246 duos
1079 1206 1282 1245 exercitus
1314 1205 1356 1244 in
1386 1204 1598 1258 provincia

242 1268 475 1315 habuisset,
514 1283 643 1307 unum
668 1275 892 1313 retentum,
931 1281 1053 1319 quem
1080 1266 1228 1306 dimitti
1259 1267 1493 1320 oportebat,
1532 1265 1596 1305 0111

241 1330 294 1369 L.
313 1328 531 1369 Cornelius
558 1329 780 1383 proconsul
806 1329 1041 1382 praefuerat
1067 1351 1122 1355 -—
1146 1328 1235 1381 ipse
1262 1327 1298 1367 ei
1325 1326 1374 1368 C.
1398 1327 1593 1367 Helvium

241 1400 474 1445 praetorem
498 1391 697 1444 praefecit
721 1414 789 1438 —‚
817 1390 1002 1436 alterum,
1030 1403 1152 1441 quem
1177 1389 1219 1428 in
1245 1388 1499 1443 provinciam
1525 1388 1597 1428 ad-

243 1453 370 1501 duxit,
398 1460 528 1493 totum
553 1467 681 1507 prope
707 1467 862 1492 anuum
885 1450 1239 1492 Cremonensibus
1259 1450 1597 1502 Placentinisque

243 1515 439 1569 cogendis
470 1515 604 1554 redire
636 1514 678 1553 in
705 1514 905 1562 colonias,
942 1512 1051 1552 unde
1083 1512 1180 1552 belli
1212 1511 1376 1552 casibus
1409 1511 1597 1566 dissipati

243 1586 370 1623 erant,
399 1576 667 1630 consumpsit.

327 1639 465 1687 Quem
491 1637 543 1677 ad
568 1637 737 1677 modum
759 1635 897 1676 Gallia
921 1643 1084 1689 praeter
1110 1649 1227 1688 spem
1252 1634 1389 1687 quieta
1415 1649 1463 1675 eo
1489 1649 1596 1675 anno

241 1698 330 1745 fuit,
357 1698 413 1737 1111
439 1698 545 1738 011011
570 1698 715 1738 urbem
741 1696 900 1737 servilis
927 1711 1055 1750 prope
1077 1696 1276 1736 tumultus
1298 1704 1360 1736 est
1380 1696 1596 1736 excitatus.

242 1759 407 1799 obsides
430 1758 840 1813 Carthaginiensium
861 1757 1001 1798 Setiae
1027 1758 1377 1798 custodiebantur.
1415 1772 1509 1798 cum
1533 1757 1597 1807 iis,

241 1828 285 1860 111
311 1820 543 1874 principum
567 1820 721 1869 liberis,
748 1835 900 1874 magna
926 1819 987 1859 vis
1015 1834 1229 1859 servorum
1254 1826 1352 1859 erat.
1391 1820 1598 1874 augebant

241 1896 383 1922 eorum
419 1897 637 1922 numerum
672 1890 717 1922 ut
754 1883 806 1922 ab
837 1880 992 1921 recenti
1023 1880 1170 1921 Africo
1201 1880 1309 1921 bello
1343 1888 1382 1920 et
1412 1881 1465 1921 ab
1494 1880 1596 1934 ipsis

243 1942 398 1984 Setinis
436 1943 600 1998 captiva
643 1943 798 1995 aliquot
840 1942 1018 1982 nationis
1056 1942 1143 1982 eius
1182 1950 1320 1995 empta
1357 1957 1408 1982 ex
1442 1941 1597 1996 praeda

241 2004 460 2058 mancipia.
510 2019 605 2044 cum
631 2004 958 2045 coniurationem
982 2003 1179 2043 fecissent
1204 2003 1344 2043 missis
1371 2018 1421 2043 ex
1448 2018 1496 2043 eo
1522 2018 1596 2042 nu-

241 2081 373 2114 mero,
410 2066 589 2120 primum
615 2066 683 2118 qui
708 2066 751 2105 in
778 2065 922 2105 Setino
949 2079 1068 2118 agro,
1107 2064 1255 2104 deinde
1281 2064 1389 2104 circa
1411 2065 1595 2105 Norbam

241 2136 281 2167 ct
307 2126 502 2168 Cerceios
529 2128 696 2168 servitia
723 2126 1001 2173 sollicitarent,
1029 2125 1127 2166 satis
1154 2125 1235 2165 iam
1261 2125 1451 2166 omnibus
1477 2140 1596 2179 prae-

242 2188 396 2242 paratis
422 2188 550 2237 ludis,
577 2188 646 2241 qui
673 2187 812 2229 Setiae
838 2202 966 2242 prope
993 2187 1100 2227 diem
1126 2187 1253 2227 futuri
1279 2194 1407 2235 erant,
1436 2194 1596 2240 specta-

242 2250 333 2290 culo
359 2249 562 2290 intentum
586 2250 787 2304 populum
812 2248 984 2303 adgredi
1010 2256 1250 2297 statuerant,
1278 2247 1394 2289 Setia
1411 2263 1485 2302 per
1504 2262 1596 2289 cae-

244 2311 337 2351 dem
369 2319 409 2351 et
438 2312 700 2365 repentinum
732 2311 954 2352 tumultum
979 2318 1099 2364 capta
1122 2311 1307 2351 Norbam
1333 2318 1373 2350 et
1399 2309 1595 2350 Cerceios

243 2386 443 2426 occupare
472 2372 489 2426 [
493 2405 627 2414 ......
630 2372 648 2428 ]
678 2373 855 2414 servitia.
894 2372 1014 2412 huius
1034 2372 1093 2412 rei
1119 2380 1203 2412 tam
1228 2372 1375 2413 foedae
1399 2371 1594 2411 indicium

242 2433 420 2473 Romam
451 2435 505 2474 ad
529 2435 581 2475 L.
611 2434 851 2475 Cornelium
876 2434 1104 2474 Lentulum
1128 2440 1361 2488 praetorem
1385 2432 1499 2473 urbis
1526 2432 1596 2473 de-

201 2506 218 2533 11
245 2494 371 2533 latum
398 2504 472 2535 est.
529 2497 636 2536 servi
663 2497 743 2537 duo
770 2504 863 2536 ante
888 2496 1023 2536 lucem
1050 2496 1102 2536 ad
1127 2511 1222 2536 cum
1247 2501 1448 2536 venerunt
1473 2502 1594 2546 atquc

245 2554 386 2594 ordine
419 2557 574 2605 omnia,
614 2572 718 2609 quae
750 2565 841 2598 aeta
877 2557 1098 2610 futuraque
1130 2565 1264 2605 erant,
1302 2561 1593 2610 exposuerunt.

182 2628 222 2657 10
248 2615 395 2667 quibus
416 2617 526 2656 domi
551 2619 746 2659 custodiri
771 2618 894 2659 iussis
916 2625 1080 2672 praetor
1100 2626 1244 2659 senatu
1265 2625 1410 2658 vocato
1430 2616 1593 2656 edocto-
