1799 2900
196 262 209 292 1

196 446 213 474 Ιῦ

193 570 211 599 ὑ)

198 1434 215 1462 ⁶³!

197 1740 215 1769 {0

200 2295 219 2323 5

203 2417 220 2445 G

204 2540 219 2547 ,-

206 2547 215 2567 A

239 132 320 174 134
507 136 661 171 LIBER
685 133 896 178 xxxnn,
921 134 976 168 10.
998 134 1050 168 11.
1077 135 1125 176 [a.
1139 145 1173 167 u.
1189 144 1218 168 c.
1232 132 1315 176 559]

322 243 380 284 X.
420 240 584 281 Eodem
608 248 793 292 tempore
815 237 876 278 M.
898 236 1052 278 Helvio
1079 236 1296 277 decedenti
1322 251 1373 277 ex
1397 235 1592 277 ulteriore

239 303 443 360 Hispania
469 316 562 341 cum
587 299 796 355 pracsidio
823 314 896 339 sex
921 298 1079 338 milium
1105 298 1201 338 dato
1229 298 1281 338 ab
1306 298 1390 352 Ap.
1414 296 1592 338 Claudio

239 376 427 424 praetore
466 362 667 405 Celtiberi
704 361 870 416 agmine
907 360 1066 415 ingenti
1104 361 1157 400 ad
1194 360 1393 414 oppidum
1429 359 1594 413 Iliturgi

241 431 478 471 obcurrunt.
533 424 680 479 viginti
707 424 818 464 milia
843 432 1095 463 armatorum
1119 422 1249 462 fuisse
1274 422 1467 464 Valerius
1495 421 1595 461 scri-

238 493 315 540 bit,
349 488 569 530 duodecim
600 487 713 527 milia
738 501 789 527 ex
819 486 868 526 iis
896 500 1035 534 caesa,
1069 485 1268 540 oppidum
1292 484 1456 539 Iliturgi
1481 498 1595 524 rece-

238 562 353 608 ptum
385 560 424 592 ct
456 550 636 605 puberes
669 547 802 589 omnis
834 548 1088 588 interfectos.
1148 547 1244 587 inde
1271 547 1324 586 ad
1349 555 1485 586 castra
1511 545 1594 587 Ca-

238 614 344 656 tonis
360 612 539 653 Helvius
565 611 754 666 pervenit
780 617 833 658 et,
859 609 956 662 quia
975 617 1063 650 tuta
1088 609 1169 648 iam
1191 609 1242 648 ab
1268 608 1456 649 hostibus
1478 608 1594 662 regio

238 684 342 724 erat,
375 674 583 729 praesidio
609 673 652 713 in
675 672 914 713 ulteriorem
938 671 1191 726 Hispaniam
1215 671 1391 711 remisso
1415 671 1595 711 Romam

238 745 302 778 est
325 736 537 792 profectus
565 742 605 775 et
630 735 683 775 ob
707 749 795 775 rem
821 733 995 773 feliciter
1021 740 1183 787 gestam
1209 746 1338 772 ovans
1365 732 1510 772 urbem
1534 741 1597 772 est

238 800 467 853 ingressus.
529 795 690 851 argenti
715 795 857 846 infecti
890 794 981 835 tulit
1013 795 1055 833 in
1081 794 1285 834 aerarium
1311 793 1454 833 decem
1480 801 1597 845 quat-

239 870 330 901 tuor
355 860 468 899 milia
489 859 627 913 pondo
655 857 920 912 septingenta
940 856 1109 911 triginta
1135 855 1215 896 duo
1243 863 1282 895 et,
1304 854 1456 909 signati
1480 855 1597 909 biga-

239 930 373 963 torum
411 921 555 961 decem
592 928 632 960 et
670 928 830 974 septem
866 918 981 959 milia
1016 917 1164 972 viginti
1202 917 1280 957 tria
1315 925 1356 957 et
1394 916 1597 958 Oscensis

240 983 399 1039 argenti
426 992 591 1023 centum
611 981 872 1036 undeviginti
897 980 1009 1020 milia
1036 979 1359 1033 quadringentos
1385 979 1598 1031 undequa-

240 1045 442 1099 draginta.
478 1059 603 1084 causa
621 1043 818 1098 triumphi
834 1042 1012 1097 negandi
1034 1041 1195 1097 senatui
1216 1041 1305 1089 fuit,
1333 1041 1444 1093 quod
1465 1040 1598 1080 alieno

241 1106 425 1161 auspicio
452 1114 492 1146 et
523 1105 565 1145 in
597 1105 731 1146 aliena
756 1103 969 1159 provincia
992 1113 1241 1158 pugnasset3
1275 1110 1458 1143 ceterum
1482 1102 1596 1143 bien-

241 1171 309 1211 nio
341 1178 435 1224 post
467 1169 664 1216 redierat,
705 1182 797 1207 cum
830 1167 1043 1221 provincia
1075 1165 1307 1206 successori
1332 1164 1385 1216 Q.
1410 1163 1598 1204 BIinucio

242 1232 392 1272 tradita
428 1246 582 1271 annum
619 1231 907 1282 insequentem
942 1236 1126 1269 retentus
1160 1227 1217 1267 ibi
1253 1227 1378 1280 longo
1411 1234 1451 1266 et
1481 1225 1598 1280 gravi

242 1293 391 1334 fuisset
416 1293 572 1333 morbo.
633 1292 772 1344 itaque
798 1291 960 1331 duobus
986 1290 1109 1330 modo
1135 1289 1347 1329 mensibus
1373 1297 1468 1328 ante
1495 1287 1599 1328 Hel-

241 1355 332 1395 vius
359 1369 488 1395 ovans
519 1354 664 1393 urbem
691 1362 753 1393 est
783 1352 997 1406 ingressus
1023 1365 1146 1404 quam
1180 1364 1396 1390 successor
1428 1349 1515 1389 eius
1543 1348 1596 1399 Q.

241 1416 453 1456 BIinueius
486 1415 770 1469 triumpharet.
840 1414 906 1453 hie
937 1428 1101 1466 quoque
1133 1411 1224 1452 tulit
1261 1411 1421 1465 argenti
1457 1411 1596 1465 pondo

242 1478 412 1532 triginta
444 1486 636 1530 quattuor
668 1476 782 1516 milia
812 1475 1051 1529 octingenta
1082 1482 1122 1514 et
1158 1474 1394 1527 bigatorum
1432 1481 1599 1527 septua-

242 1540 358 1594 ginta
388 1539 466 1579 tria
497 1538 610 1578 milia
642 1546 682 1578 et
708 1537 910 1578 Oscensis
938 1535 1099 1590 argenti
1125 1535 1304 1575 ducenta
1334 1534 1600 1589 septuaginta

242 1610 334 1642 octo
360 1601 485 1641 milia.

298 1662 382 1703 XI.
420 1663 471 1702 In
490 1661 699 1716 Hispania
723 1660 887 1701 interim
913 1659 1057 1701 consul
1089 1658 1201 1699 haud
1224 1658 1370 1712 procul
1388 1657 1600 1712 Emporiis

242 1732 377 1764 castra
402 1724 594 1763 habebat.
656 1737 704 1763 eo
729 1722 857 1777 legati
887 1729 970 1762 tres
997 1722 1048 1762 ab
1073 1721 1304 1775 Ilergetum
1326 1720 1473 1775 regulo
1496 1719 1601 1759 Bili-

243 1794 373 1839 stage,
399 1786 442 1825 in
467 1785 616 1838 quibus
643 1799 750 1825 unus
776 1784 884 1824 filius
911 1783 999 1824 eius
1026 1790 1127 1831 erat,
1154 1789 1356 1823 venerunt
1381 1789 1600 1834 querentes

243 1848 414 1888 castella
446 1862 521 1887 sua
553 1846 786 1901 obpugnari
816 1860 893 1886 nee
931 1861 1047 1900 spem
1078 1845 1205 1885 ullam
1236 1859 1329 1884 esse
1364 1843 1599 1892 resistendi,

242 1910 325 1949 nisi
352 1910 607 1964 praesidium
619 1909 834 1950 Romanus
854 1908 1056 1948 misisset:
1083 1907 1161 1947 tria
1179 1906 1292 1946 milia
1311 1905 1486 1946 militum
1502 1905 1601 1945 satis

243 1987 350 2021 esse,
378 1987 456 2012 nec
481 1972 626 2020 hostis,
655 1971 689 2011 si
715 1979 829 2011 tanta
854 1986 1001 2010 manus
1033 1969 1229 2017 venisset,
1255 1983 1489 2008 mansuros.
1550 1967 1603 2007 ad

243 2048 290 2073 ea
317 2034 461 2074 consul
487 2032 645 2073 moveri
670 2033 837 2086 quidem
863 2047 908 2072 se
933 2032 999 2072 vel
1025 2031 1207 2086 periculo
1228 2045 1370 2071 eorum
1395 2029 1461 2070 vel
1485 2036 1599 2069 metu

244 2095 398 2144 dicere,
438 2095 512 2136 sed
545 2095 623 2135 sibi
655 2109 919 2147 nequaquam
955 2102 1115 2134 tantum
1152 2093 1365 2147 copiarum
1396 2106 1507 2140 esse,
1543 2100 1601 2139 ut,

244 2171 337 2197 eum
362 2172 516 2211 magna
541 2157 603 2197 vis
630 2156 813 2197 hostium
844 2156 955 2196 haud
980 2154 1126 2210 procul
1155 2154 1265 2194 absit
1290 2160 1330 2194 et
1355 2168 1481 2207 quam
1503 2167 1602 2193 mox

245 2219 375 2273 signis
397 2219 572 2261 conlatis
594 2219 876 2259 dimicandum
898 2218 950 2259 sit
974 2219 1017 2259 in
1039 2217 1126 2258 dies
1148 2224 1349 2271 expectet,
1378 2215 1602 2257 dividendo

246 2282 469 2321 exercitum
502 2281 687 2322 minuere
734 2289 820 2322 tuto
858 2280 966 2321 vires
1003 2287 1158 2335 posset.
1230 2279 1358 2333 legati
1393 2278 1465 2319 ubi
1502 2278 1604 2318 haec

246 2343 503 2391 audiverunt,
530 2344 677 2384 flentes
701 2344 753 2384 ad
773 2358 910 2398 genua
931 2342 1112 2383 consulis
1132 2341 1444 2396 provolvuntur,
1472 2346 1602 2388 orant,

245 2418 296 2443 ne
323 2419 366 2444 se
392 2405 434 2444 in
459 2405 582 2446 rebus
609 2413 695 2445 tam
720 2404 890 2460 trepidis
918 2405 1100 2444 deserat:
1128 2417 1208 2456 quo
1235 2402 1344 2443 enim
1371 2417 1434 2450 se,
1466 2400 1603 2455 repul-

247 2480 314 2504 sos
342 2466 392 2505 ab
418 2466 639 2515 Romanis,
666 2467 825 2507 ituros?
862 2466 996 2507 nullos
1030 2480 1074 2506 sc
1101 2465 1255 2513 socios,
1293 2464 1395 2504 nihil
1426 2477 1601 2516 usquam

246 2526 288 2565 in
314 2527 430 2566 terris
464 2528 574 2568 aliud
602 2529 690 2583 spei
724 2529 890 2569 habere.
950 2528 1137 2584 potuisse
1165 2542 1208 2567 se
1235 2534 1350 2567 extra
1376 2525 1418 2565 id
1441 2524 1602 2580 pericu-

246 2586 331 2626 lum
369 2601 481 2636 csse,
532 2589 566 2628 si
610 2590 809 2630 decedere
846 2590 946 2639 fide,
996 2590 1031 2630 si
1069 2589 1282 2630 coniurare
1319 2601 1412 2627 cum
1454 2583 1600 2625 ceteris
