1799 2900
261 155 312 197 16
556 163 711 197 LIBER
737 162 885 207 XXXI,
912 163 1039 198 1819.
1069 165 1308 209 [1110554]

212 282 229 312 3
256 267 437 321 quoque’
487 267 618 320 inquit
668 265 795 307 ‘ultro
838 266 912 307 tibi
958 267 1183 309 intulerunt
1231 269 1387 310 arma?
1448 271 1611 313 insueto

254 345 353 370 vcra
385 328 524 369 audire
549 327 726 369 ferocior
751 328 997 370 oratio-visa
1021 337 1102 379 cst,
1139 345 1263 383 quam
1289 345 1394 384 quae
1420 331 1612 374 habenda

254 392 363 446 apud
399 406 541 444 regem
579 398 702 431 esset.
765 391 916 431 ‘aetas’
953 392 1086 445 inquit
1130 396 1189 434 ‘ct
1230 393 1364 435 forma
1405 403 1445 435 et
1488 410 1611 450 super

210 469 227 495 4
255 453 393 494 omnia
417 453 654 493 Romanum
685 467 838 493 nomen
864 461 903 494 tc
929 453 1173 495 ferociorem
1197 455 1308 496 facit.
1369 471 1447 511 ego
1474 465 1610 498 autem

253 515 431 570 primum
468 515 592 555 velim
630 529 703 555 vos
743 514 958 556 foederum
999 531 1203 558 memores
1248 532 1412 559 servare
1449 533 1610 560 mecum

252 591 397 632 pacem
407 593 417 626 3
445 577 509 617 sin
534 576 642 618 bello
663 576 882 626 lacessitis,
906 577 1008 617 mihi
1033 592 1196 632 quoque
1223 579 1381 620 animos
1408 580 1544 622 facere
1571 589 1611 622 ct

251 654 427 693 regumn
454 645 492 679 et
518 638 800 680 Macedonum
825 654 977 680 nomen
1002 640 1113 681 haud
1143 642 1279 681 minus
1307 656 1429 694 quam
1454 643 1610 684 Roma-

206 717 225 745 5
253 717 353 741 num
381 702 519 743 nobile
552 701 765 743 sentietis.'
814 702 872 742 ita
897 702 1068 743 dimisso
1099 703 1238 757 legato
1262 703 1482 759 Philippus
1510 721 1609 747 auro

252 772 528 818 argentoque,
579 779 684 817 quae
722 772 967 805 coacervata
1004 772 1138 813 erant,
1189 773 1359 819 accepto
1397 766 1610 807 hominum

207 841 225 870 6
251 826 450 881 praedam
476 841 643 867 omnem
669 826 818 866 amisit.
869 833 983 866 tanta
1008 827 1118 866 enim
1142 826 1278 867 rabies
1304 827 1611 869 multitudinem

251 888 420 937 invasit,
458 896 504 929 ut
528 896 698 943 repente
723 888 909 942 proditos
935 888 1031 937 rati,
1070 888 1140 941 qui
1170 897 1404 942 pugnantes
1435 898 1611 931 mortem

251 950 567 999 obcubuissent,
599 950 906 1005 periuriumque
932 950 1036 991 alius
1064 950 1131 990 alii
1157 951 1454 1005 exprobrantes
1481 958 1521 992 et
1546 967 1610 993 sa-

251 1012 486 1053 cerdotibus
524 1012 725 1062 maxime,
769 1013 837 1065 qui
874 1026 977 1065 quos
1021 1012 1074 1053 ad
1115 1020 1291 1053 mortem
1328 1013 1608 1063 devovissent,

206 1090 222 1118 7
250 1090 391 1115 eorum
413 1075 665 1116 deditionem
690 1075 879 1116 vivorum
906 1074 1015 1115 hosti
1040 1074 1250 1123 fecissent,
1276 1084 1446 1130 repente
1467 1090 1610 1117 omnes

250 1137 303 1177 ad
339 1137 509 1178 caedem
551 1137 774 1191 coniugum
817 1137 1123 1190 liberorumque
1167 1138 1444 1179 discurrerent
1485 1153 1611 1192 seque

248 1199 328 1253 ipsi
360 1214 433 1254 per
459 1215 602 1240 omnes
633 1200 721 1240 vias
754 1199 825 1240 leti
861 1200 1150 1240 interficerent.
1212 1201 1527 1254 obstupefactus
1561 1216 1610 1243 eo

248 1261 387 1301 furore
418 1276 491 1301 rex
523 1261 754 1315 subpressit
783 1262 970 1316 inpetum
1001 1262 1176 1301 militum
1203 1269 1243 1301 et
1273 1262 1454 1301 triduum
1485 1277 1529 1303 sc
1557 1263 1610 1304 ad

203 1338 222 1367 g
250 1322 510 1363 moriendum
535 1323 754 1377 Abydenis
788 1323 884 1364 dare
919 1323 1035 1364 dixit.
1101 1337 1181 1376 quo
1208 1323 1340 1377 spatio
1365 1323 1485 1377 plura
1509 1324 1610 1365 faci-

247 1400 349 1425 nora
373 1384 415 1425 in
442 1400 485 1425 se
512 1385 610 1426 victi
634 1385 853 1426 ediderunt
877 1400 1002 1438 quam
1021 1385 1161 1426 infesti
1181 1385 1406 1426 edidissent
1432 1386 1609 1428 victores

248 1461 338 1495 nec,
366 1447 445 1487 nisi
471 1461 594 1500 quem
620 1448 784 1487 vincula
810 1456 880 1488 aut
906 1447 985 1488 alia
1008 1447 1235 1487 necessitas
1256 1448 1360 1488 mori
1384 1448 1608 1502 prohibuit,

248 1508 468 1562 quisquam
493 1510 611 1549 vivus
643 1510 686 1549 in
717 1518 967 1564 potestatem
993 1509 1118 1550 venit.
1177 1509 1398 1563 Philippus
1430 1510 1610 1564 inposito

202 1588 220 1615 9
247 1571 392 1625 Abydi
428 1571 636 1626 praesidio
667 1571 710 1611 in
745 1586 921 1626 regnum
957 1572 1090 1612 rediit.
1151 1585 1245 1611 cum
1282 1571 1395 1611 velut
1429 1570 1610 1626 Sagunti

247 1633 454 1674 excidium
480 1634 722 1682 Hannibali,
756 1634 814 1674 sic
838 1633 1035 1688 Philippo
1062 1634 1365 1687 Abydenorum
1392 1633 1530 1674 clades
1557 1633 1610 1674 ad

246 1694 484 1735 Romanum
519 1695 675 1736 bellum
718 1696 876 1737 animos
920 1696 1108 1745 fecisset,
1156 1696 1289 1736 nuntii
1327 1698 1608 1745 obcurrerunt,

247 1757 459 1798 consulem
501 1758 584 1798 iam
626 1758 668 1797 in
703 1758 835 1812 Epiro
879 1772 972 1798 esse
1016 1767 1056 1798 et
1092 1758 1361 1812 Apolloniam
1402 1757 1606 1799 terrestris

246 1819 400 1874 copias,
426 1820 587 1860 navalis
616 1819 845 1874 Corcham
869 1820 912 1860 in
936 1820 1111 1861 hiberna
1136 1819 1373 1861 deduxisse.

205 1897 217 1925 1
331 1881 465 1922 XIX.
515 1883 630 1923 Inter
655 1882 758 1923 haec
782 1882 945 1937 legatis,
974 1882 1043 1936 qui
1067 1883 1110 1922 in
1128 1882 1320 1922 Africam
1338 1882 1457 1923 missi
1476 1888 1605 1931 erant,

248 1943 299 1984 (10
325 1944 585 1994 Hamilcare,
614 1943 767 1985 Gallici
792 1944 997 1985 exercitus
1025 1943 1148 1993 duce,
1182 1958 1429 1998 responsum
1454 1959 1478 1984 a
1505 1942 1608 1984 Car-

248 2005 581 2060 thaginiensibus
608 2014 690 2055 est,
727 2006 829 2046 nihil
861 2006 968 2046 ultra
1000 2021 1045 2047 se
1070 2006 1208 2046 facere
1232 2021 1377 2060 posse,
1415 2020 1539 2059 quam
1563 2013 1608 2046 ut

201 2081 219 2111 2
247 2067 368 2109 exilio
395 2084 490 2109 eum
515 2068 750 2117 multarent,
776 2069 887 2109 bona
912 2068 999 2109 eius
1026 2068 1304 2122 publicarent:
1341 2068 1539 2122 perfugas
1565 2075 1605 2109 et

246 2130 459 2184 fugitivos,
486 2146 588 2185 quos
615 2130 860 2184 inquirendo
886 2130 1094 2185 vestigare
1118 2131 1346 2185 potuerint,
1373 2130 1607 2171 reddidisse

247 2201 287 2233 et.
312 2194 362 2234 (10
389 2209 438 2234 ca
462 2209 506 2235 re
531 2194 731 2235 missuros
765 2193 926 2248 legatos
953 2193 1150 2241 Romam,
1189 2193 1259 2246 qui
1293 2192 1455 2233 senatui
1486 2193 1607 2234 satis-

246 2254 442 2296 facerent.
505 2256 683 2296 ducenta
707 2255 821 2295 milia
845 2255 1030 2296 modium
1054 2253 1180 2294 tritici
1203 2255 1402 2303 Romam,
1430 2254 1608 2295 ducenta

202 2332 220 2360 3
247 2317 299 2357 ad
330 2318 558 2360 exercitum
589 2319 633 2359 in
662 2317 956 2359 Macedoniam
988 2317 1203 2358 miserunt.
1264 2317 1359 2357 inde
1391 2316 1433 2356 in
1463 2316 1607 2357 Numi-

248 2379 357 2419 diam
394 2381 447 2421 ad
488 2396 609 2435 reges
653 2381 829 2436 profecti
871 2379 1012 2434 legati.
1074 2379 1183 2420 dona
1219 2379 1316 2420 data
1350 2378 1606 2419 Masinissae

203 2452 221 2480 4
247 2442 524 2495 mandataque
551 2444 673 2484 edita.
712 2442 871 2496 equites
892 2442 1004 2482 mille
1023 2441 1243 2491 Numidae,
1269 2455 1363 2481 cum
1389 2441 1470 2481 duo
1495 2440 1608 2480 milia

249 2503 375 2551 daret,
403 2505 573 2559 accepti.
634 2505 724 2560 ipse
755 2505 797 2545 in
828 2505 946 2545 navis
970 2504 1236 2558 inponendos
1264 2503 1488 2563 curavitet
1511 2517 1605 2543 cum

248 2563 434 2605 ducentis
460 2567 625 2607 milibus
648 2568 832 2607 modium
859 2566 994 2615 tritici,
1022 2566 1209 2607 ducentis
1231 2565 1376 2607 hordei
1399 2565 1442 2605 in
1460 2565 1605 2605 Mace-

205 2638 223 2667 5
250 2625 415 2666 doniam
447 2628 570 2668 misit.
631 2629 751 2669 tertia
782 2628 935 2683 legatio
969 2628 1021 2668 ad
1050 2629 1293 2671 Verminam
1325 2634 1426 2668 erat.
1484 2627 1519 2666 is
1553 2625 1605 2666 ad
