1799 2900
172 348 209 376 10

171 595 203 623 11

171 717 207 745 12

172 841 208 869 13

172 1026 209 1053 14

171 1272 209 1301 15

172 1458 209 1486 16

171 1704 207 1732 17

170 2010 209 2041 13

171 2136 208 2165 19

169 2443 207 2472 21

234 159 315 201 308
546 166 693 200 LIBER
723 166 926 210 XXXVII,
951 166 1007 200 54.
1034 168 1082 209 [a.
1097 178 1131 200 u.
1147 177 1177 201 e.
1191 167 1271 210 565]

236 271 342 311 bello
373 277 533 324 partam
564 283 673 309 nunc
705 269 901 310 servitute
931 276 991 309 tot
1028 269 1251 311 civitatium
1285 269 1583 311 deformaretis.

236 333 308 373 sed
334 332 386 371 ab
412 330 489 371 hac
514 331 761 371 necessitate
788 338 857 371 aut
887 331 1044 385 gratiae
1069 332 1110 372 in
1136 332 1312 373 amicum
1338 332 1584 372 minuendae

236 401 303 433 aut
329 392 484 447 gloriae
510 401 671 433 vestrae
698 392 864 447 egregie
885 407 958 432 vos
984 392 1149 434 fortuna
1168 394 1360 434 vindieat.
1393 401 1454 434 est
1477 393 1586 434 enim

236 456 359 495 <lcum
384 454 639 509 benignitate
660 470 742 494 non
768 454 950 508 gloriosa
970 455 1102 509 magis
1130 470 1254 508 quam
1280 456 1394 496 dives
1416 456 1587 496 victoria

236 523 390 565 vestra,
430 530 535 569 quae
567 531 641 557 vos
679 516 799 556 facile
830 516 910 557 isto
947 516 1060 558 velut
1090 532 1183 558 aere
1220 517 1353 557 alieno
1385 518 1584 558 exsolvat.

234 593 331 617 nam
356 585 397 618 et
420 577 639 632 Lycaonia
664 586 703 618 et
728 578 915 632 Phrygia
939 586 1112 631 utraque
1140 588 1179 619 et
1203 579 1363 619 Pisidia
1388 579 1520 620 onmis
1547 587 1586 619 et

236 640 526 680 Chersonesus
570 654 756 693 quaeque
802 639 1091 680 circumiacent
1129 641 1321 695 Europae
1364 641 1406 680 in
1449 649 1587 681 vestra

236 711 328 741 sunt
355 710 581 756 potestate3
613 716 788 754 quarum
813 716 895 742 una
921 702 1126 754 quaelibet
1152 702 1241 756 regi
1267 702 1426 742 adiecta
1452 702 1587 742 multi-

233 764 387 818 plicare
412 778 588 818 regnum
613 764 814 803 Eumenis
842 771 991 818 potest,
1018 778 1162 804 omnes
1189 778 1286 804 vero
1312 764 1431 804 datae
1456 764 1587 804 maxi-

234 826 310 865 mis
345 840 438 866 eum
469 826 637 880 regibus
669 839 860 878 aequare.
920 825 1015 866 licet
1048 840 1147 880 ergo
1179 825 1296 866 vobis
1323 833 1363 865 et
1392 824 1586 880 praemiis

235 887 330 927 belli
366 887 495 928 ditare
533 887 666 929 socios
705 896 744 927 et
787 902 869 928 non
907 886 1106 927 decedere
1150 886 1336 927 instituto
1374 894 1512 927 vestro
1549 894 1589 927 et

234 949 492 998 meminisse,
530 964 653 1002 quem
685 949 848 989 titulum
885 949 1199 1003 praetenderitis
1234 949 1347 1003 prius
1386 949 1586 989 adversus

234 1011 487 1065 Philippum,
514 1025 622 1051 nunc
645 1012 846 1052 adversus
861 1011 1118 1052 Antiochum
1142 1011 1258 1060 belli3
1286 1011 1384 1064 quid
1409 1010 1587 1051 feceritis

234 1073 430 1128 Philippo
451 1074 577 1122 victo3
605 1073 702 1127 quid
728 1088 837 1114 nunc
856 1089 880 1114 a
899 1074 1030 1122 vobis,
1057 1088 1141 1114 non
1160 1074 1293 1128 magis
1315 1073 1410 1126 quia
1429 1072 1586 1113 fecistis

236 1149 360 1187 quam
387 1135 483 1188 quia
507 1135 548 1175 id
574 1150 648 1175 vos
675 1136 811 1176 facere
840 1136 976 1184 decet,
1011 1135 1267 1176 desideretur
1292 1143 1414 1188 atque
1440 1149 1587 1189 exspe-

237 1203 382 1237 ctetur.
433 1197 512 1236 alia
537 1196 646 1236 enim
671 1197 762 1237 aliis
789 1205 829 1237 et
855 1196 1032 1237 honesta
1057 1206 1096 1237 et
1122 1197 1348 1251 probabilis
1375 1204 1438 1237 est
1463 1210 1587 1236 causa

237 1272 462 1305 armorum3
488 1257 546 1297 illi
567 1273 724 1312 agrum,
753 1258 793 1297 hi
820 1258 946 1306 vicos,
973 1258 1014 1297 hi
1036 1258 1201 1313 oppida,
1228 1258 1268 1297 hi
1289 1266 1431 1312 portus
1452 1272 1586 1298 oram-

236 1333 315 1372 que
342 1319 521 1372 aliquam
547 1319 674 1359 maris
707 1326 751 1359 ut
782 1319 1042 1373 possideant3
1083 1334 1155 1360 vos
1181 1333 1256 1359 nec
1282 1318 1452 1373 cupistis
1486 1319 1587 1359 haec

236 1390 457 1434 antequam
483 1381 704 1429 haberetis,
730 1396 806 1422 nec
832 1396 953 1430 nunc,
981 1396 1073 1422 cum
1100 1381 1211 1422 orbis
1237 1389 1437 1422 terrarum
1464 1381 1504 1420 in
1527 1381 1586 1421 di-

236 1443 351 1483 cione
380 1450 515 1483 vestra
540 1443 611 1492 sit,
639 1457 788 1498 cupere
813 1444 1000 1498 potestis.
1061 1458 1135 1497 pro
1167 1443 1366 1497 dignitate
1392 1450 1432 1483 et
1457 1443 1588 1497 gloria

236 1513 334 1560 aput
360 1520 480 1546 omne
507 1505 731 1546 humanum
758 1521 911 1560 genus,
939 1505 1051 1558 quod
1075 1514 1258 1546 vestrum
1283 1520 1433 1546 nomen
1458 1506 1587 1560 impe-

235 1568 422 1620 riumque
455 1567 569 1607 iuxta
600 1582 646 1607 ac
678 1568 777 1608 deos
812 1567 1050 1608 inmortales
1082 1566 1163 1607 iam
1200 1567 1359 1621 pridem
1395 1567 1586 1617 intuetur,

235 1629 466 1683 pugnastis.
530 1643 634 1682 quae
660 1643 812 1684 parare
838 1636 877 1670 et
902 1643 1100 1682 quaerere
1126 1628 1298 1669 arduum
1323 1628 1417 1677 fuit,
1449 1628 1588 1670 nescio

235 1706 285 1731 an
313 1691 416 1731 tueri
443 1691 649 1733 difficilius
679 1692 743 1733 sit.
787 1691 922 1746 gentis
949 1691 1255 1731 vetustissimae
1286 1691 1588 1732 nobilissimae-

236 1767 314 1805 que
346 1752 411 1792 vel
444 1752 555 1794 fama
585 1768 723 1794 rerum
754 1762 966 1808 gestarum
997 1753 1063 1793 vel
1089 1752 1201 1793 omni
1232 1753 1588 1793 commendatione

235 1814 503 1855 humanitatis
543 1816 904 1869 doctrinarumque
949 1815 1145 1856 tuendam
1181 1815 1233 1855 ab
1271 1814 1437 1855 servitio
1473 1815 1588 1870 regio

235 1877 465 1917 libertatem
492 1878 748 1932 suscepistis.
787 1878 865 1918 hoc
890 1877 1163 1932 patrocinium
1182 1884 1371 1931 receptae
1397 1877 1439 1916 in
1463 1877 1588 1917 fidem

235 1946 273 1979 et
299 1939 340 1978 in
367 1939 599 1980 clientelam
624 1948 805 1981 vestram
830 1940 1049 1980 universae
1081 1939 1216 1994 gentis
1242 1946 1487 1993 perpetuum
1513 1954 1586 1980 vos

235 2009 444 2056 praestare
477 2002 607 2043 decet.
667 2017 751 2043 non
787 2017 892 2055 quae
924 2002 965 2042 in
1004 2002 1092 2043 solo
1123 2001 1247 2041 modo
1287 2001 1454 2054 antiquo
1493 2008 1588 2041 sunt

237 2062 423 2104 Graecae
449 2064 583 2118 magis
615 2065 739 2105 urbes
780 2070 875 2104 sunt
908 2078 1029 2117 quam
1063 2063 1247 2104 coloniae
1279 2077 1438 2111 earum,
1476 2062 1589 2103 illinc

235 2125 442 2177 quondam
473 2126 683 2180 profectae
714 2125 756 2165 in
782 2125 949 2173 Asiam,
987 2139 1064 2165 nec
1088 2132 1197 2165 terra
1227 2132 1385 2164 mutata
1415 2124 1590 2164 mutavit

235 2202 366 2240 genus
393 2195 463 2228 aut
487 2203 637 2229 mores.
687 2195 844 2228 certare
870 2187 938 2242 pio
965 2187 1189 2228 certamine
1219 2186 1436 2227 cuiuslibet
1456 2187 1589 2227 bonae

235 2249 332 2289 artis
358 2264 406 2289 ac
431 2250 591 2290 virtutis
619 2251 708 2291 ausi
735 2265 875 2290 sumus
903 2264 994 2289 eum
1021 2250 1261 2303 parentibus
1284 2262 1471 2302 quaeque
1491 2247 1590 2288 civi-
1630 2243 1633 2247 ’

235 2318 297 2351 tas
324 2319 364 2351 et
389 2312 671 2353 conditoribus
699 2312 797 2353 suis.
861 2312 1004 2352 adistis
1032 2311 1254 2359 Graeciae,
1290 2311 1433 2351 adistis
1459 2310 1589 2351 Asiae

235 2373 357 2413 urbes
385 2373 569 2427 plerique
579 2391 589 2423 3
615 2374 695 2414 nisi
716 2374 826 2427 quod
851 2373 1015 2428 longius
1043 2389 1067 2414 a
1093 2374 1211 2414 vobis
1239 2374 1451 2421 absumus,
1478 2372 1590 2412 nulla

237 2433 438 2474 vincimur
460 2435 539 2476 alia
556 2451 613 2477 rc.
645 2436 941 2484 Massiliensis,
968 2450 1086 2488 quos,
1114 2436 1148 2476 si
1167 2443 1315 2475 natura
1335 2435 1458 2476 insita
1480 2434 1588 2475 velut

236 2494 402 2547 ingenio
434 2504 566 2537 terrae
598 2497 705 2538 vinci
738 2504 899 2552 posset,
937 2497 1019 2538 iam
1050 2497 1210 2552 pridem
1248 2498 1492 2538 efferassent
1530 2503 1588 2536 tot

236 2554 457 2597 indomitae
480 2557 752 2599 circumfusae
777 2567 937 2613 gentes,
965 2558 1006 2598 111
1032 2573 1080 2599 eo
1106 2559 1274 2607 honore,
1301 2558 1342 2598 in
1368 2573 1416 2598 ea
1441 2556 1585 2597 merito

237 2615 434 2669 dignitate
462 2619 649 2659 audimus
677 2629 776 2674 aput
802 2635 874 2660 vos
896 2635 988 2660 esse
1009 2634 1057 2660 ac
1082 2620 1115 2660 si
1140 2620 1321 2660 medium
1347 2618 1584 2658 umbilicum
