1799 2900
488 206 640 241 LIBER
664 207 849 249 XXXIII,
876 208 909 241 3.
930 207 961 241 4.
990 209 1038 251 [a.
1055 205 1093 241 C.
1110 207 1189 252 197]
1467 198 1521 239 85

164 312 442 360 Macedonas3
492 310 584 365 ipso
622 325 785 363 quoque
828 318 1028 365 regnante
1066 320 1106 352 et
1142 310 1359 351 navalibus
1402 305 1521 351 bellis

164 376 362 417 adversus
399 374 589 415 Rhodios
626 374 901 427 Attalumque
939 382 980 415 et
1017 374 1280 415 terrestribus
1319 373 1520 414 adversus

164 438 376 478 Romanos
410 436 616 476 ceciderat
646 451 822 490 magnus
855 451 1065 477 numerus.
1125 436 1183 477 ita
1214 443 1253 476 et
1285 436 1438 476 tirones
1471 435 1522 475 ab

165 500 346 541 sedecim
378 499 495 539 annis
528 499 679 539 milites
715 499 940 547 scribebat,
979 506 1019 539 et
1051 499 1231 540 emeritis
1258 498 1426 551 quidam
1452 497 1524 538 sti-

163 562 344 618 pendiis,
379 561 528 614 quibus
563 561 685 602 modo
718 561 939 614 quiequam
969 561 1116 614 reliqui
1146 560 1306 601 roboris
1333 568 1438 609 erat,
1471 560 1523 600 ad

165 624 285 678 signa
309 624 624 664 revocabantur.
672 623 731 663 ita
757 623 947 678 suppleto
974 623 1158 663 exercitu
1184 622 1412 663 seeundum
1433 637 1525 662 ver-

164 701 263 726 num
295 685 600 755 aequinoctium
634 685 767 725 omnis
801 685 940 739 copias
966 685 1097 725 Dium
1123 685 1347 733 contraxit,
1385 684 1523 736 ibique

167 755 202 788 st
208 747 289 788 atix
293 748 327 788 is
353 747 499 802 positis
522 747 753 787 exercendo
776 747 924 787 cotidie
950 747 1079 787 milite
1100 747 1262 787 hostem
1283 745 1526 800 opperieba-

167 818 244 850 tur.
306 816 346 849 et
372 808 592 860 Quinctius
619 824 693 863 per
719 809 889 849 eosdem
915 810 1044 849 ferme
1071 809 1157 849 dies
1185 809 1236 849 ab
1256 808 1406 848 Elate¹t
1429 822 1524 862 pro-

166 874 299 913 fectus
332 880 495 926 plaeter
523 871 755 911 Thronium
787 880 827 912 et
854 871 1110 926 Scarpheam
1143 871 1195 911 ad
1220 869 1524 924 Thermopjlas

166 935 367 990 pervenit.
426 934 483 974 ibi
517 934 733 975 concilium
760 935 1007 975 Aetolorum
1034 933 1287 974 Heracleam
1324 932 1524 972 indictum

167 996 297 1037 tenuit
332 996 671 1045 consultantium,
698 997 862 1048 quantis
895 996 1056 1036 auxiliis
1082 996 1320 1035 Romanum
1354 995 1406 1034 ad
1437 993 1526 1034 bel-

167 1058 252 1098 lum
285 1065 565 1110 sequerentur.
627 1057 802 1111 cognitis
842 1057 1048 1097 sociorum
1086 1056 1262 1096 decretis
1301 1055 1419 1095 tertio
1459 1055 1524 1095 die

167 1120 219 1160 ab
250 1119 457 1159 Heraclea
487 1118 656 1171 Xynias
690 1133 962 1172 praegressus
1001 1118 1042 1157 in
1075 1117 1252 1157 confinio
1286 1117 1525 1156 Aenianum

168 1180 549 1232 Thessalorumque
581 1179 728 1234 positis
761 1179 907 1220 castris
933 1179 1125 1219 Aetolica
1159 1178 1313 1218 auxilia
1338 1178 1528 1233 opperie-

168 1243 300 1282 batur.
360 1241 462 1281 nihil
487 1241 635 1281 morati
659 1241 801 1282 Aetoli
828 1249 941 1281 sunt:
979 1240 1178 1281 Phaenea
1210 1240 1314 1280 duce
1349 1239 1526 1280 sescenti

167 1304 327 1359 pedites
355 1318 449 1344 eum
475 1304 681 1357 equitibus
703 1303 1016 1357 quadringentis
1041 1310 1256 1343 venerunt.
1282 1317 1333 1342 ne
1356 1301 1528 1342 dubium

169 1372 292 1414 esset,
320 1366 419 1419 quid
444 1373 718 1420 expectasset,
745 1365 963 1406 confestim
979 1364 1201 1416 Quinctius
1228 1364 1355 1404 movit
1378 1371 1526 1404 eastra.

170 1437 432 1482 transgresso
474 1428 517 1467 in
557 1427 843 1468 Phthioticum
888 1442 1033 1481 agrum
1077 1425 1294 1480 quingenti
1334 1424 1527 1479 Gortynii

170 1489 448 1538 Cretensium,
477 1490 581 1530 duce
601 1489 806 1542 Cydante,
834 1497 873 1530 et
899 1489 1071 1530 trecenti
1093 1488 1399 1543 Apolloniatae,
1427 1488 1528 1528 haut

170 1552 324 1606 dispari
351 1560 528 1599 armatu,
563 1567 606 1592 se
633 1552 902 1600 coniunxere,
935 1566 1011 1592 nee
1036 1551 1094 1591 ita
1119 1551 1247 1592 multo
1274 1558 1369 1605 post
1393 1550 1527 1603 Amy-

170 1614 327 1654 nander
353 1628 445 1653 cum
470 1613 756 1654 Athamanum
782 1614 968 1668 peditum
994 1613 1182 1653 ducentis
1210 1621 1250 1653 et
1274 1613 1400 1652 mille.

254 1674 474 1729 Philippus
503 1676 668 1729 cognita
692 1675 949 1729 profectione
975 1676 1027 1716 ab
1052 1676 1203 1716 Elatea
1227 1676 1525 1722 Romanorum,

170 1746 215 1777 ut
241 1736 305 1776 cui
338 1737 388 1777 de
421 1752 582 1777 summa
612 1753 750 1778 rerum
781 1738 949 1777 adesset
980 1745 1207 1784 certamen,
1248 1736 1527 1776 adhortandos

171 1799 321 1840 milites
352 1808 486 1848 ratus,
513 1800 643 1840 multa
673 1815 797 1854 saepe
830 1808 1058 1840 memorata
1089 1800 1139 1839 de
1164 1798 1368 1839 maiorum
1400 1798 1528 1837 vvirtu--

172 1864 295 1910 tibus,
323 1862 445 1902 simul
471 1862 521 1902 de
547 1862 713 1902 militari
739 1862 860 1903 laude
881 1862 1165 1902 Macedonum
1191 1876 1283 1901 eum
1310 1859 1529 1900 disseruis-

173 1932 248 1972 set,
276 1924 328 1964 ad
353 1939 414 1972 ea,
441 1938 545 1976 quae
572 1932 658 1964 tum
684 1924 862 1964 maxime
889 1924 1047 1965 animos
1076 1924 1273 1964 tenebant
1297 1922 1530 1976 quibusque

175 1985 313 2041 [erigi]
343 1986 395 2026 ad
421 1986 602 2039 aliquam
628 2001 746 2040 spem
772 1994 976 2041 poterant,
1005 1985 1128 2026 ιο01ΐ.

256 2049 361 2089 ΗΠ.
410 2049 624 2103 Acceptae
662 2049 714 2088 ad
744 2049 885 2089 Aoum
923 2048 1077 2088 fiumen
1114 2047 1154 2087 in
1188 2045 1391 2098 anoustiis
1424 2043 1529 2084 cladi

172 2118 233 2151 ter
259 2126 282 2151 a
307 2111 590 2151 hffacedonum
615 2111 823 2166 phalange
849 2110 902 2151 ad
921 2111 1121 2150 Atracem
1146 2109 1187 2149 vi
1211 2091 1354 2163 pulsos
1374 2107 1493 2148 Rom
1488 2122 1529 2146 ι-

172 2189 246 2214 nos
275 2174 529 2228 obponebat:
569 2182 609 2214 et
634 2173 717 2213 illic
742 2182 900 2221 tamen,
932 2172 1002 2212 ubi
1034 2172 1216 2212 insessas
1243 2170 1385 2210 fauces
1410 2168 1529 2223 Epiri

173 2250 255 2275 non
281 2235 524 2283 tenuissent,
550 2236 726 2290 primam
752 2235 916 2289 eulpam
942 2234 1072 2274 fuisse
1099 2248 1260 2280 eorum,
1295 2232 1364 2284 qui
1388 2231 1531 2285 negle-

174 2305 318 2351 genter
344 2298 554 2338 custodias
582 2304 839 2344 servassent,
874 2296 1099 2336 secundam
1124 2295 1165 2334 in
1190 2295 1281 2348 ipso
1307 2293 1530 2334 certamine

173 2359 278 2400 levis
324 2366 556 2399 armaturae
601 2359 1061 2410 mereennariorumque
1098 2357 1292 2405 militum3
1330 2355 1532 2395 Macedo-

174 2437 273 2461 num
294 2436 391 2461 vero
412 2421 663 2475 phalangem
685 2428 723 2460 et
750 2428 847 2460 tune
873 2419 1039 2459 stetisse
1066 2426 1106 2459 et
1129 2419 1220 2459 loco
1247 2432 1378 2470 aequo
1403 2416 1531 2457 iusta-

175 2498 253 2536 que
290 2498 432 2537 pugna
469 2497 632 2536 semper
663 2497 901 2522 mansuram
934 2481 1142 2520 invictam.
1204 2480 1346 2520 decem
1385 2486 1426 2519 et
1457 2494 1531 2518 sex

175 2545 287 2585 inilia
312 2545 488 2585 militum
519 2545 622 2585 haee
647 2545 780 2593 fuere,
812 2545 938 2585 robur
964 2558 1086 2584 omne
1112 2542 1260 2583 virium
1286 2542 1372 2582 eius
1398 2540 1530 2596 regni.

175 2607 227 2648 ad
254 2608 331 2648 hoc
360 2607 441 2647 duo
472 2607 585 2648 milia
616 2615 909 2654 caetratorum,
949 2620 1053 2658 quos
1080 2605 1279 2660 peltastas
1306 2604 1531 2659 adpellant,

177 2669 469 2723 Thracumque
495 2678 535 2710 et
561 2669 794 2724 Illyriorum
812 2668 1032 2709 ——Trallis
1060 2675 1123 2708 est
1149 2682 1299 2709 nomen
1326 2666 1462 2722 gentis
1478 2688 1527 2694 -u

1549 324 1568 353 3

1549 448 1567 476 4

1554 1250 1571 1277 9

1558 1436 1595 1465 10

1560 1686 1592 1713 11
