1799 2900
377 129 532 164 LIBER
557 130 716 174 xxxx,
743 130 888 165 44-46.
917 129 1211 174 [a.o.180.179]
1395 120 1477 161 463

125 234 322 283 Aemilio,
361 232 440 274 Cn.
466 233 626 275 Baebio
663 234 902 275 consulibus
940 234 990 274 de
1022 233 1129 273 ludis
1162 232 1318 273 factum
1354 238 1476 272 esset.

121 297 360 337 decreverat
390 295 433 335 id
466 303 633 336 senatus
664 304 832 351 propter
863 296 1019 337 effusos
1053 302 1241 349 sumptus
1274 294 1406 335 factos
1436 293 1478 333 in

121 358 238 398 ludos
266 357 331 398 Ti.
361 356 597 411 Sempronii
623 358 786 406 aedilis,
813 358 882 410 qui
907 372 1054 412 graves
1081 372 1163 397 non
1189 356 1311 397 modo
1334 356 1480 396 Italiae

122 434 169 460 ac
201 419 323 460 sociis
355 419 499 459 Latini
530 419 727 468 nominis,
767 420 842 460 sed
879 420 1001 460 etiam
1038 418 1260 473 provinciis
1299 417 1478 459 externis

123 483 297 523 fuerant.

204 543 455 585 XXXXV.
516 543 666 584 Hiems
693 559 741 585 eo
768 559 875 584 anno
900 543 993 584 nive
1027 558 1151 584 saeva
1177 550 1216 583 et
1242 543 1350 584 omni
1377 549 1481 583 tem-

119 614 327 660 pestatum
352 620 504 660 genere
530 606 607 646 fuit
626 631 658 634 —
680 606 866 654 arbores,
900 620 1003 658 quae
1031 605 1232 646 obnoxiae
1258 604 1479 658 frigoribus

120 675 233 717 sunt,
261 668 477 708 deusserat
503 675 672 708 cunctas
692 693 724 696 —
745 677 785 708 et
810 683 858 708 ea
883 680 969 708 tum
995 667 1204 720 aliquanto
1231 681 1354 719 quam
1379 667 1479 706 alias

119 730 280 784 longior
311 730 400 770 fuit.
465 730 603 783 itaque
628 730 804 770 Latinas
837 745 934 770 mox
966 730 1102 770 subito
1135 740 1274 770 coorta
1305 737 1345 769 et
1375 729 1480 770 into-

119 792 301 832 lerabilis
328 799 555 845 tempestas
581 792 623 832 in
648 800 787 833 monte
809 792 1002 840 turbavit,
1028 792 1364 844 instaurataeque
1386 799 1482 831 sunt.

119 869 170 894 ex
196 853 361 893 decreto
387 853 640 907 pontificum.
700 854 845 894 eadem
878 861 1103 908 tempestas
1137 861 1177 894 et
1200 853 1242 893 in
1270 852 1477 907 Capitolio

119 915 275 968 aliquot
301 915 421 969 signa
445 916 682 970 prostravit,
708 916 1035 969 fulminibusque
1062 916 1274 970 complura
1299 915 1391 955 loca
1411 915 1482 955 de-

119 977 331 1026 formavit,
359 977 504 1018 aedem
530 978 642 1018 IoviS
669 978 939 1026 Tarracinae,
966 979 1111 1018 aedem
1132 978 1288 1018 Albam
1309 976 1481 1032 Capuae

119 1049 363 1095 portamque
383 1040 636 1089 Romanam3
664 1041 769 1081 muri
794 1041 945 1095 pinnae
972 1041 1128 1094 aliquot
1152 1041 1253 1081 locis
1281 1040 1481 1080 decussae

119 1109 248 1143 erant.
308 1103 411 1143 haec
436 1103 542 1143 inter
572 1103 763 1157 prodigia
787 1103 1021 1143 nuntiatum
1054 1110 1093 1143 et
1120 1103 1171 1143 ab
1195 1103 1329 1143 Reate
1354 1102 1479 1156 tripe-

119 1165 214 1204 dem
244 1172 388 1205 natum
421 1165 590 1204 mulum.
652 1165 704 1205 ob
736 1180 785 1205 ea
816 1165 1040 1205 decemviri
1071 1165 1173 1204 iussi
1204 1164 1316 1204 adire
1352 1164 1478 1203 libros

119 1226 304 1273 edidere,
343 1225 492 1277 quibus
520 1225 597 1265 diis
625 1233 665 1265 et
690 1234 789 1278 quot
815 1226 959 1265 hostiis
987 1226 1286 1265 sacrificaretur
1312 1231 1352 1265 et
1379 1224 1483 1277 (ful-

120 1287 298 1327 minibus
325 1287 537 1341 complura
566 1287 659 1327 loca
690 1287 942 1328 deformaret
974 1288 1119 1327 aedem
1145 1286 1283 1338 Iovis)
1310 1294 1354 1326 ut
1387 1302 1482 1341 sup-

118 1349 284 1404 plicatio
317 1349 426 1390 diem
457 1364 584 1389 unum
615 1356 739 1389 essct.
806 1349 891 1389 ludi
923 1349 1071 1389 deinde
1104 1349 1232 1389 votivi
1265 1348 1319 1400 Q.
1344 1348 1482 1389 Fulvii

120 1411 300 1452 consulis
328 1426 400 1466 per
427 1411 514 1451 dies
542 1411 686 1452 decem
710 1426 863 1465 magno
890 1412 1090 1466 adparatu
1116 1411 1228 1451 facti.

205 1473 440 1514 Censorum
477 1473 572 1513 inde
610 1473 776 1513 comitia
813 1473 973 1522 habita3
1023 1473 1150 1513 creati
1179 1473 1241 1513 M.
1274 1472 1481 1513 Aemilius

120 1535 310 1589 Lepidus
342 1535 532 1589 pontifex
562 1535 769 1575 maximus
802 1542 842 1574 et
872 1535 935 1575 M.
961 1535 1136 1576 Fulvius
1167 1534 1374 1582 Nobilior,
1413 1534 1482 1586 qui

121 1612 172 1638 ex
196 1596 360 1637 Aetolis
388 1596 725 1650 triumphaverat.
786 1596 893 1636 inter
922 1596 998 1637 hos
1025 1596 1135 1637 viros
1161 1596 1321 1636 nobiles
1348 1595 1482 1635 inimi-

121 1659 240 1700 citiae
278 1667 412 1707 erant,
456 1674 580 1713 saepe
618 1658 758 1698 multis
796 1666 835 1698 et
872 1658 914 1698 in
953 1666 1097 1699 senatu
1129 1665 1169 1698 et
1202 1659 1254 1698 ad
1283 1658 1483 1712 populum

122 1721 328 1762 atrocibus
355 1721 587 1761 celebratae
614 1720 921 1761 certaminibus.
983 1720 1158 1761 comitiis
1186 1720 1405 1768 confectis,
1436 1727 1481 1759 ut

122 1783 318 1824 traditum
337 1782 563 1835 antiquitus
585 1789 661 1830 est,
685 1796 878 1823 censores
895 1783 937 1822 in
953 1781 1115 1836 Campo
1132 1782 1184 1822 ad
1205 1797 1317 1822 aram
1331 1781 1481 1822 BIartis

122 1845 235 1886 sellis
262 1845 471 1885 curulibus
499 1845 794 1893 consederunt3
828 1859 908 1897 quo
934 1852 1103 1898 repente
1129 1844 1336 1899 principes
1364 1858 1483 1884 sena—

123 1915 257 1949 torum
284 1922 376 1947 cum
403 1907 568 1962 agmine
594 1914 796 1947 venerunt
821 1907 1017 1955 civitatis,
1044 1907 1149 1947 inter
1175 1921 1277 1959 quos
1299 1906 1352 1957 Q.
1376 1904 1483 1946 Cae-

123 1970 238 2011 cilius
265 1969 464 2010 Metellus
493 1970 619 2009 verba
646 1969 757 2010 fecit.

207 2031 482 2074 XXXXVL
533 2032 645 2072 ‘Non
670 2031 787 2072 obliti
812 2046 974 2079 sumus,
1009 2044 1221 2078 censores,
1259 2044 1333 2070 vos
1358 2029 1482 2084 paulo

123 2102 217 2135 ante
249 2095 301 2134 ab
332 2094 526 2135 universo
557 2094 712 2148 populo
743 2094 935 2134 Romano
966 2094 1150 2134 moribus
1182 2092 1334 2133 nostris
1365 2106 1484 2147 prae-

123 2156 280 2211 positos
307 2170 419 2204 esse,
447 2163 486 2196 ct
512 2171 587 2196 nos
614 2171 637 2196 a
662 2155 780 2196 vobis
807 2162 847 2196 et
873 2155 1084 2196 admoneri
1109 2162 1149 2195 et
1174 2154 1274 2208 regi,
1300 2168 1382 2193 non
1408 2168 1482 2193 vos

124 2234 148 2258 a
166 2217 286 2258 nobis
308 2218 472 2258 debere.
520 2218 787 2258 indicandum
808 2224 946 2258 tamen
967 2226 1042 2264 est,
1070 2217 1168 2270 quid
1188 2231 1331 2257 omnes
1352 2217 1481 2256 bonos

1507 308 1544 337 12

1505 742 1523 770 10

1510 1608 1525 1635 *Ἰ

123 2280 165 2319 in
185 2279 301 2320 vobis
328 2287 399 2319 aut
419 2279 619 2320 obfendat
645 2288 716 2319 aut
741 2286 850 2319 certe
877 2286 1080 2319 mutatum
1100 2278 1256 2318 malint.
1297 2277 1482 2331 singulos
1509 2290 1527 2319 3

126 2356 217 2382 cum
242 2341 469 2390 intuemur,
501 2342 563 2382 Μ.
583 2340 758 2389 Aemili,
794 2341 857 2381 M.
879 2341 1022 2390 Fulvi,
1060 2341 1268 2381 neminem
1294 2339 1415 2380 hodie
1441 2339 1483 2379 in

125 2403 289 2444 civitate
326 2403 549 2452 habemus,
598 2417 739 2455 quem,
790 2402 825 2443 si
866 2417 1109 2443 revocemur
1145 2402 1187 2441 in
1225 2402 1482 2455 suffragium,

126 2465 298 2506 velimus
325 2465 443 2505 vobis
468 2465 698 2519 praelatum
725 2479 830 2505 esse.
893 2465 1013 2505 ambo
1041 2479 1134 2504 cum
1161 2464 1281 2504 simul
1308 2463 1484 2518 adspici-

125 2541 235 2575 mus,
273 2542 356 2567 non
379 2541 604 2581 possumus
629 2541 713 2567 non
738 2526 888 2574 vereri,
926 2541 978 2566 ne
1009 2526 1117 2566 male
1143 2524 1369 2580 comparati
1395 2524 1482 2565 sitis

125 2601 200 2628 nec
221 2594 380 2628 tantum
401 2587 457 2628 rei
478 2587 668 2643 publicae
689 2587 819 2642 prosit
840 2587 951 2641 quod
971 2588 1162 2628 omnibus
1182 2587 1302 2629 nobis
1318 2585 1482 2641 egregie
