1799 2900
569 87 723 122 LIBER
746 88 986 132 xxxvnn,
1014 89 1044 122 1.
1072 88 1271 131 [aciae]
1512 77 1594 119 373

248 190 475 233 Placentina,
504 189 607 223 cuius
634 199 758 222 amore
785 189 993 233 deperibat.
1044 192 1145 223 extat
1170 188 1288 223 oratio
1310 187 1358 222 M.
1381 186 1533 222 Catonis
1559 187 1597 220 in

247 253 340 276 eum.
391 240 514 284 Scipio
530 239 674 273 Literni
689 239 850 273 decessit
864 243 912 282 et,
939 243 1126 284 tamquam
1140 239 1317 283 iungente
1333 238 1484 272 fortuna
1499 237 1597 271 cirea

246 292 343 325 idem
364 295 507 335 tempus
529 290 602 323 duo
617 289 749 323 funera
767 290 1007 323 maximorum
1028 290 1199 332 virorum,
1225 288 1416 322 Hannibal
1430 299 1452 322 a
1469 287 1599 321 Prusia

246 341 445 385 Bithyniae
460 351 560 384 rege,
588 339 636 373 ad
653 351 760 383 quem
774 340 872 373 vieto
889 339 1076 374 Antiocho
1093 338 1326 382 confugerat,
1349 349 1430 372 eum
1445 338 1597 372 dedere-

247 390 508 433 tur-Romanis,
536 389 599 434 qui
623 391 669 423 ad
692 390 968 433 exposcendum
989 402 1070 424 cum
1086 390 1130 424 T.
1147 389 1338 430 Quintium
1352 388 1597 423 Flamininum

247 441 434 484 miserant,
462 452 605 474 veneno
633 440 703 474 sibi
729 444 882 474 mortem
910 440 1102 474 conscivit.
1152 440 1420 483 Philopoemen
1447 449 1597 483 quoque

247 492 320 525 dux
335 491 581 533 Achaeorum,
609 491 664 524 vir
684 490 876 534 maximus,
903 503 924 524 a
944 490 1141 525 Messeniis
1165 490 1310 524 occisus
1330 500 1487 531 veneno,
1516 499 1597 522 cum

247 543 294 576 ab
314 543 358 575 iis
378 543 479 576 bello
499 546 631 587 captus
653 546 763 576 esset.
812 542 983 576 coloniae
998 542 1174 576 Potentia
1191 546 1228 575 et
1248 541 1443 575 Pisaurum
1468 543 1505 573 et
1517 540 1597 573 Mu-

247 592 325 626 tina
339 597 375 626 et
388 593 523 626 Parma
545 593 728 626 deductae
751 597 847 626 sunt.
898 596 1095 636 praeterea
1115 603 1174 626 res
1195 592 1372 625 adversus
1387 590 1597 624 Celtiberos

247 654 423 688 prospere
450 647 577 686 gestas
603 648 640 676 et
664 642 770 676 initia
802 653 1009 686 causasque
1035 642 1126 676 belli
1151 640 1389 675 Macedonici
1415 639 1598 680 continet3

249 694 351 726 cuius
369 694 472 737 origo
488 692 572 726 inde
588 692 705 736 fluxit,
720 694 820 737 quod
833 692 1025 738 Philippus
1041 702 1152 735 aegre
1168 691 1313 725 ferebat
1327 701 1479 734 regnum
1495 701 1600 722 suum

248 743 459 778 aRomanis
481 743 646 776 imminui
669 748 705 776 et
726 744 827 788 quod
848 749 1082 787 cogeretura
1096 741 1308 776 Thracibus
1329 741 1487 785 aliisque
1507 738 1599 774 locis

247 793 435 839 praesidia
449 793 662 834 deducere]

736 1040 905 1092 ΤΙΤΙ
944 1039 1122 1091 LIVI

591 1142 675 1179 AB
712 1143 892 1180 VRBE
929 1140 1248 1180 CONDITA

692 1265 860 1303 LIBER
890 1264 1154 1303 XXXVIIII.

332 1365 365 1404 I.
414 1364 530 1404 Dum
557 1363 679 1412 haec,
719 1362 754 1403 si
784 1363 907 1403 modo
934 1363 1013 1403 hoc
1038 1377 1144 1403 anno
1171 1370 1263 1402 acta
1288 1370 1403 1410 sunt,
1441 1361 1601 1402 Romae

248 1434 438 1479 aguntur,
466 1425 655 1465 consules
682 1425 803 1465 ambo
824 1425 866 1465 in
879 1424 1108 1479 Liguribus
1135 1424 1335 1477 gerebant
1360 1423 1527 1464 bellum.
1566 1422 1599 1463 is

249 1486 378 1526 hostis
405 1487 516 1526 velut
541 1494 662 1526 natus
690 1486 742 1526 ad
761 1486 1052 1527 continendam
1078 1486 1183 1525 inter
1207 1499 1452 1539 magnorum
1477 1485 1602 1524 inter-

249 1547 357 1587 valla
381 1547 582 1587 bellorum
607 1547 808 1587 Romanis
840 1547 1061 1587 militarem
1094 1546 1355 1600 disciplinam
1381 1553 1486 1594 erat,
1523 1560 1600 1586 nec

250 1609 329 1648 alia
353 1609 565 1662 provincia
589 1609 762 1649 militem
792 1609 925 1663 magis
953 1609 1006 1649 ad
1037 1609 1231 1648 virtutem
1257 1609 1443 1648 acuebat.
1503 1623 1599 1647 nam

248 1670 354 1710 Asia
380 1677 418 1710 et
444 1670 691 1711 amoenitate
716 1670 878 1711 urbium
901 1678 940 1710 et
960 1670 1078 1724 copia
1104 1669 1358 1710 terrestrium
1379 1668 1602 1709 maritima-

248 1745 421 1783 rumque
446 1746 583 1771 rerum
609 1739 647 1771 et
673 1731 844 1772 mollitia
870 1731 1050 1772 hostium
1075 1731 1283 1785 regiisque
1310 1730 1456 1785 opibus
1484 1730 1603 1771 ditio-

248 1808 314 1832 res
341 1807 464 1844 quam
490 1793 680 1833 fortiores
709 1792 913 1833 exereitus
940 1793 1130 1833 faciebat.
1178 1791 1399 1846 praecipue
1425 1792 1501 1832 sub
1527 1791 1602 1831 im-

248 1854 361 1908 perio
379 1852 621 1894 Cn.Manlii
647 1854 778 1895 solute
799 1869 845 1894 ac
871 1855 1140 1908 neglegenter
1165 1853 1293 1894 habiti
1320 1861 1427 1894 sunt.
1464 1854 1601 1905 itaque

250 1916 434 1970 asperius
455 1916 578 1970 paulo
598 1917 673 1956 iter
698 1916 740 1956 in
755 1916 934 1956 Thracia
954 1925 992 1957 et
1014 1915 1273 1956 exercitatior
1299 1914 1429 1956 hostis
1449 1929 1603 1970 magna

251 1977 365 2017 clade
396 1992 466 2017 eos
505 1977 736 2031 castigavit.
804 1977 845 2017 in
882 1977 1112 2032 Liguribus
1151 1976 1289 2017 onmia
1325 1983 1460 2024 erant,
1497 1990 1600 2028 quae

249 2039 421 2079 militem
445 2039 689 2088 excitarent,
722 2039 813 2080 loca
837 2047 1035 2080 montana
1059 2046 1099 2080 et
1125 2053 1289 2092 aspera,
1317 2052 1421 2090 quae
1447 2044 1487 2077 et
1511 2037 1603 2091 ipsa

251 2114 397 2154 capere
421 2100 537 2140 labor
562 2110 649 2142 erat
674 2109 713 2141 et
740 2116 791 2141 ex
817 2100 1129 2155 praeoccupatis
1157 2100 1316 2140 deicere
1349 2099 1529 2146 hostem,
1563 2106 1603 2138 et

250 2161 396 2201 itinera
433 2162 577 2211 ardua,
615 2171 810 2217 angusta,
848 2163 1002 2204 infesta
1037 2162 1218 2210 insidiis,
1256 2161 1387 2202 hostis
1425 2161 1528 2201 levis
1560 2168 1599 2201 et

251 2222 372 2263 velox
398 2230 439 2263 et
462 2223 721 2277 repentinus,
749 2224 818 2276 qui
843 2225 1004 2264 nullum
1029 2238 1205 2276 usquam
1230 2230 1411 2276 tempus,
1444 2222 1601 2261 nullum

251 2284 387 2324 locum
412 2284 596 2337 quietum
622 2292 693 2325 aut
718 2300 909 2326 securum
937 2301 1030 2326 esse
1057 2285 1222 2333 sineret,
1249 2283 1503 2338 obpugnatio
1529 2298 1601 2323 ne-

252 2345 431 2386 cessaria
455 2346 705 2386 munitorum
726 2347 1002 2395 castellorum,
1028 2346 1235 2386 laboriosa
1255 2345 1375 2385 simul
1399 2345 1601 2399 periculo-

252 2423 398 2460 saque,
423 2408 542 2463 inops
567 2410 700 2463 regio,
727 2423 832 2461 quac
856 2408 1110 2464 parsimonia
1134 2408 1409 2462 adstringeret
1434 2407 1599 2455 milites,

253 2470 429 2523 praedae
455 2470 565 2510 haud
589 2470 764 2510 multum
787 2471 1018 2524 praeberet.
1066 2470 1205 2522 itaque
1230 2484 1313 2509 non
1342 2468 1426 2509 lixa
1451 2483 1597 2521 seque-

253 2532 390 2580 batur,
423 2547 505 2572 non
534 2532 811 2573 iumentorum
842 2532 992 2586 longus
1019 2531 1119 2572 ordo
1152 2545 1301 2585 agmen
1332 2530 1598 2578 extendebam

1625 1621 1642 1649 Εὖ
