1799 2900
180 1542 218 1571 10

178 1606 213 1634 11

174 2038 212 2068 13

174 2101 213 2130 14

175 2288 213 2316 15

251 121 334 162 332
517 128 672 162 LIBER
697 128 921 174 XXXVIII,
950 129 1001 164 18.
1022 131 1074 165 19.
1105 133 1152 173 [a.
1167 142 1200 164 u.
1218 142 1247 165 0.
1261 131 1343 174 565]

251 232 325 272 sed
362 247 413 272 110
451 231 591 286 spinas
629 231 796 284 quidem
833 240 904 272 aut
939 233 1068 273 ullum
1106 233 1216 274 aliud
1253 234 1494 275 alimentum
1525 235 1605 276 fert

251 293 372 347 ignis,
400 293 497 333 fimo
523 292 679 333 bubulo
704 308 779 346 pro
804 293 928 348 lignis
953 302 1136 336 utuntur.
1171 296 1242 335 Ad
1263 294 1487 337 Cuballum
1503 295 1605 337 Gal-

249 354 480 407 lograeciae
502 354 718 394 castellum
740 365 876 395 castra
896 355 1144 398 habentibus
1159 357 1360 399 Romanis
1378 359 1604 413 adparuere

249 430 343 455 011111
373 431 526 469 magno
553 416 730 456 tumultu
755 416 937 458 hostium
962 418 1139 471 equites,
1174 434 1250 460 1100
1275 421 1491 461 turbarunt
1515 428 1605 461 tan-

249 488 336 520 tum
373 480 571 520 stationes
609 480 823 522 Romanas
861 490 1031 535 repente
1075 482 1244 531 invecti,
1290 484 1363 523 sed
1401 484 1604 536 quosdam

249 541 372 581 etiam
404 541 654 583 occiderunt.
716 542 785 594 qui
816 542 1017 584 tumultus
1051 558 1143 585 cum
1175 544 1217 584 in
1249 552 1385 585 castra
1420 546 1602 600 perlatus

248 610 372 652 esset,
399 603 556 644 effusus
582 612 753 658 repente
779 604 970 645 omnibus
997 605 1126 659 portis
1155 606 1361 659 equitatus
1387 606 1603 648 Romanus

247 665 354 705 fudit
378 665 621 719 fugavitque
649 665 794 707 Gallos
821 673 861 706 et
887 666 1043 719 aliquot
1067 667 1265 721 fugientis
1292 668 1453 709 occidit.
1508 669 1604 710 inde

248 727 410 775 consul,
442 735 487 768 ut
512 728 581 781 qui
606 728 689 769 iam
714 728 768 769 ad
793 728 924 769 hostis
950 737 1194 783 perventum
1221 738 1424 779 cerneret,
1463 731 1605 786 explo-

245 796 335 829 rato
362 789 511 830 deinde
543 798 583 831 et
614 804 708 831 cum
740 804 839 831 cura
869 798 1011 831 coacto
1044 791 1208 845 agmine
1238 792 1503 845 procedebat.
1565 801 1605 834 et

248 851 553 892 continentibus
578 852 793 893 itineribus
821 866 915 892 cum
940 853 992 893 ad
1014 851 1265 907 Sangarium
1290 854 1443 894 flumen
1469 855 1606 895 venis-

247 920 322 961 set,
350 922 533 967 pontem,
560 914 656 967 quia
681 915 788 955 vado
809 929 1014 968 nusquam
1035 916 1232 956 transitus
1260 923 1359 965 erat,
1385 916 1522 957 facere
1543 916 1606 957 in-

248 974 390 1015 stituit.
441 974 670 1029 Sangarius
698 990 748 1016 ex
769 977 939 1017 Adoreo
964 985 1104 1018 monte
1128 993 1202 1031 per
1221 977 1452 1032 Phrygiam
1472 978 1604 1019 fluens

248 1036 445 1077 miscetur
471 1038 523 1078 ad
547 1038 791 1091 Bithyniam
816 1038 1033 1092 Tymbreti
1058 1039 1203 1089 fluvi03
1236 1039 1331 1080 inde
1362 1040 1492 1081 maior
1522 1041 1605 1080 iam

243 1099 463 1152 geminatis
491 1100 608 1153 aquis
634 1116 708 1155 per
732 1101 976 1154 Bithyniam
1007 1102 1137 1142 fertur
1168 1109 1208 1142 et
1237 1102 1279 1142 in
1303 1102 1604 1157 Propontidem

247 1175 338 1200 sese
370 1161 562 1210 effundit,
601 1178 685 1202 non
717 1170 854 1203 tamen
886 1170 970 1203 tam
1007 1163 1292 1217 magnitudine
1323 1165 1602 1205 memorabilis

246 1236 370 1275 quam
391 1223 501 1276 quod
524 1224 702 1278 piscium
726 1225 881 1265 adeolis
902 1225 1115 1279 ingentem
1137 1225 1219 1265 vim
1244 1227 1427 1280 praebet.
1471 1234 1604 1267 trans-

244 1284 400 1338 gressis
438 1293 563 1339 ponte
600 1287 784 1340 perfecto
821 1286 994 1335 flumen,
1039 1294 1205 1341 praeter
1241 1287 1372 1342 ripam
1411 1288 1602 1329 euntibus

247 1345 358 1387 Galli
372 1346 522 1387 Blatris
548 1362 725 1402 magnae
759 1348 1047 1389 aPcssinunte
1068 1349 1287 1390 obcurrere
1313 1364 1405 1390 011111
1430 1351 1604 1405 insigni-

244 1408 322 1448 bus
361 1409 465 1457 suis,
506 1409 777 1450 vaticinantes
816 1410 997 1451 fanatico
1036 1411 1216 1451 carmine
1248 1412 1369 1452 deam
1398 1412 1600 1453 Romanis

243 1470 355 1510 viam
381 1470 477 1510 belli
509 1479 549 1511 et
579 1471 793 1512 victoriam
825 1472 921 1512 dare
951 1472 1252 1527 imperiumque
1283 1473 1370 1513 01115
1403 1474 1599 1527 regionis.

244 1533 430 1586 accipere
469 1548 512 1573 se
545 1549 667 1574 omen
704 1548 797 1574 eum
841 1534 1017 1574 dixisset
1053 1535 1216 1583 consul,
1255 1544 1390 1575 castra
1427 1550 1474 1576 eo
1512 1536 1602 1590 ipso

242 1593 332 1635 loco
358 1595 510 1648 posuit.
564 1602 732 1649 postero
759 1595 824 1635 (110
851 1596 903 1635 ad
930 1595 1136 1637 Gordium
1165 1597 1366 1651 pervenit.
1426 1597 1468 1637 id
1492 1597 1604 1638 haud

241 1670 439 1709 magnum
466 1656 631 1709 quidem
658 1657 857 1711 oppidum
882 1666 964 1706 est,
992 1658 1066 1698 sed
1095 1658 1188 1712 plus
1216 1673 1339 1711 quam
1364 1659 1604 1700 mediterra-

241 1732 365 1757 neum
385 1718 545 1758 celebre
567 1726 605 1759 et
626 1719 821 1771 frequens
845 1719 1088 1774 emporium.
1127 1720 1204 1760 tria
1218 1720 1347 1761 maria
1367 1720 1454 1775 pari
1474 1721 1603 1762 ferme

241 1777 437 1819 distantia
468 1779 685 1822 intervallo
712 1780 857 1828 habet,
890 1781 1233 1836 Hellespontum,
1259 1782 1311 1822 ad
1338 1781 1537 1837 Sinopen,
1564 1790 1603 1823 et

241 1840 408 1881 alterius
430 1856 527 1882 orae
548 1841 681 1891 litora,
710 1857 790 1896 qua
806 1842 959 1884 Cilices
984 1843 1179 1884 maritimi
1199 1844 1357 1893 colunt;
1383 1844 1604 1885 multarum

239 1917 567 1957 magnarumque
591 1913 807 1959 praeterea
831 1904 1020 1959 gentium
1050 1905 1143 1945 finis
1177 1906 1396 1960 contingit,
1429 1921 1602 1959 quarum

240 1965 534 2005 commercium
565 1966 607 2006 in
640 1981 734 2006 011111
766 1966 946 2006 maxime
979 1967 1118 2007 10011111
1143 1967 1275 2007 mutui
1306 1982 1406 2008 usus
1439 1974 1601 2007 contra-

237 2042 349 2068 xere.
386 2027 429 2067 id
455 2037 541 2068 tum
562 2028 773 2069 desertum
793 2029 895 2082 fuga
913 2028 1142 2069 incolarum
1163 2029 1374 2083 oppidum,
1399 2029 1599 2070 refertum

238 2089 349 2130 idem
374 2091 493 2146 copia
519 2107 657 2132 rerum
677 2091 861 2132 omnium
887 2091 1146 2132 invenerunt.
1196 2091 1253 2132 ibi
1274 2092 1423 2132 stativa
1444 2092 1599 2132 haben-

239 2152 348 2193 tibus
381 2152 508 2207 legati
541 2154 593 2194 ab
622 2155 898 2208 Eposognato
935 2162 1158 2202 venerunt,
1195 2154 1432 2194 nuntiantes
1464 2153 1601 2208 profc-

238 2222 349 2254 ctum
380 2230 475 2256 eum
507 2216 559 2256 ad
590 2217 757 2271 regulos
792 2216 1010 2257 Gallorum
1042 2215 1144 2256 nihil
1178 2216 1298 2269 aequi
1334 2216 1599 2270 impetrasse;

239 2292 290 2317 ex
322 2279 632 2332 campestribus
666 2278 767 2319 vicis
800 2278 995 2333 agrisque
1027 2279 1265 2331 frequentes
1297 2278 1528 2333 demigrare
1560 2285 1601 2319 et

239 2352 332 2378 cum
359 2340 605 2395 coniugibus
634 2356 681 2381 ac
706 2341 846 2381 liberis
877 2355 982 2393 quae
1009 2341 1115 2381 ferre
1142 2348 1264 2394 atque
1291 2355 1413 2394 agere
1438 2339 1600 2395 possint

238 2415 335 2454 prae
368 2416 412 2441 se
450 2403 612 2455 agentis
645 2403 930 2457 portantisque
963 2402 1193 2457 Olympum
1223 2411 1405 2443 montem
1442 2409 1597 2457 petere,

240 2469 284 2501 ut
307 2463 402 2503 inde
429 2465 551 2505 armis
578 2465 844 2518 locorumque
870 2465 951 2505 situ
978 2480 1069 2506 sese
1096 2473 1299 2505 tueantur.

322 2524 518 2566 XVIIII.
581 2526 772 2568 Certiora
807 2534 953 2582 postea
987 2526 1325 2568 Oroandensium
1361 2526 1486 2580 legati
1524 2525 1598 2565 ad-

241 2583 438 2634 tulerunt,
476 2588 870 2642 Tolostobogiorum
907 2588 1115 2629 civitatem
1149 2588 1376 2642 Olympum
1415 2593 1596 2627 montem
