<?xml version="1.0" encoding="UTF-8"?>
<!DOCTYPE html PUBLIC "-//W3C//DTD XHTML 1.0 Transitional//EN"
    "http://www.w3.org/TR/xhtml1/DTD/xhtml1-transitional.dtd">
<html xmlns="http://www.w3.org/1999/xhtml" xml:lang="en" lang="en">
 <head>
  <title>
</title>
<meta http-equiv="Content-Type" content="text/html;charset=utf-8" />
  <meta name='ocr-system' content='tesseract 3.04.00' />
  <meta name='ocr-capabilities' content='ocr_page ocr_carea ocr_par ocr_line ocrx_word'/>
</head>
<body>
  <div class='ocr_page' id='page_1' title='image "./aburbeconditalib03livyuoft_0332.png"; bbox 0 0 1799 2900; ppageno 0'>
   <div class='ocr_carea' id='block_1_1' title="bbox 214 142 1275 192">
    <p class='ocr_par' dir='ltr' id='par_1_1' title="bbox 214 142 1275 192">
     <span class='ocr_line' id='line_1_1' title="bbox 214 142 1275 192; baseline 0 -9"><span class='ocrx_word' id='word_1_1' title='bbox 214 142 297 185; x_wconf 80' lang='lat'><strong>252</strong></span> <span class='ocrx_word' id='word_1_2' title='bbox 492 149 646 183; x_wconf 78' lang='lat' dir='ltr'>LIBER</span> <span class='ocrx_word' id='word_1_3' title='bbox 670 147 854 192; x_wconf 79' lang='lat' dir='ltr'><strong>XXXVI,</strong></span> <span class='ocrx_word' id='word_1_4' title='bbox 880 148 933 181; x_wconf 77' lang='lat'><strong>39.</strong></span> <span class='ocrx_word' id='word_1_5' title='bbox 954 148 1007 182; x_wconf 84' lang='lat'><strong>40.</strong></span> <span class='ocrx_word' id='word_1_6' title='bbox 1037 150 1133 192; x_wconf 78' lang='lat' dir='ltr'><strong>[a.u.</strong></span> <span class='ocrx_word' id='word_1_7' title='bbox 1150 148 1275 192; x_wconf 59' lang='lat'>0563]</span> 
     </span>
    </p>
   </div>
   <div class='ocr_carea' id='block_1_2' title="bbox 146 250 1568 2652">
    <p class='ocr_par' dir='ltr' id='par_1_2' title="bbox 146 250 1568 2652">
     <span class='ocr_line' id='line_1_2' title="bbox 214 250 1565 309; baseline -0.002 -14"><span class='ocrx_word' id='word_1_8' title='bbox 214 254 308 309; x_wconf 87' lang='lat' dir='ltr'><strong>ptis,</strong></span> <span class='ocrx_word' id='word_1_9' title='bbox 336 253 424 307; x_wconf 88' lang='lat' dir='ltr'><strong>agri</strong></span> <span class='ocrx_word' id='word_1_10' title='bbox 449 259 564 307; x_wconf 86' lang='lat' dir='ltr'><strong>parte</strong></span> <span class='ocrx_word' id='word_1_11' title='bbox 590 252 677 292; x_wconf 84' lang='lat' dir='ltr'><strong>fere</strong></span> <span class='ocrx_word' id='word_1_12' title='bbox 703 250 873 291; x_wconf 87' lang='lat' dir='ltr'><strong>dimidia</strong></span> <span class='ocrx_word' id='word_1_13' title='bbox 897 266 968 292; x_wconf 90' lang='lat' dir='ltr'><strong>eos</strong></span> <span class='ocrx_word' id='word_1_14' title='bbox 994 251 1202 301; x_wconf 76' lang='lat' dir='ltr'><strong>multavit,</strong></span> <span class='ocrx_word' id='word_1_15' title='bbox 1237 266 1336 305; x_wconf 90' lang='lat' dir='ltr'><strong>quo,</strong></span> <span class='ocrx_word' id='word_1_16' title='bbox 1369 251 1403 293; x_wconf 89' lang='lat' dir='ltr'><strong>si</strong></span> <span class='ocrx_word' id='word_1_17' title='bbox 1428 251 1565 301; x_wconf 80' lang='lat' dir='ltr'><strong>vellet,</strong></span> 
     </span>
     <span class='ocr_line' id='line_1_3' title="bbox 169 313 1566 370; baseline -0.001 -14"><span class='ocrx_word' id='word_1_18' title='bbox 169 332 187 360; x_wconf 81' lang='lat'>4</span> <span class='ocrx_word' id='word_1_19' title='bbox 214 316 390 370; x_wconf 89' lang='lat' dir='ltr'><strong>populus</strong></span> <span class='ocrx_word' id='word_1_20' title='bbox 416 315 632 355; x_wconf 86' lang='lat' dir='ltr'><strong>Romanus</strong></span> <span class='ocrx_word' id='word_1_21' title='bbox 659 313 840 354; x_wconf 85' lang='lat' dir='ltr'><strong>colonias</strong></span> <span class='ocrx_word' id='word_1_22' title='bbox 867 313 1026 354; x_wconf 89' lang='lat' dir='ltr'><strong>mittere</strong></span> <span class='ocrx_word' id='word_1_23' title='bbox 1052 325 1206 369; x_wconf 86' lang='lat' dir='ltr'><strong>posset.</strong></span> <span class='ocrx_word' id='word_1_24' title='bbox 1265 315 1362 355; x_wconf 82' lang='lat' dir='ltr'><strong>inde</strong></span> <span class='ocrx_word' id='word_1_25' title='bbox 1386 315 1566 356; x_wconf 83' lang='lat' dir='ltr'>Romam</span> 
     </span>
     <span class='ocr_line' id='line_1_4' title="bbox 214 375 1565 430; baseline -0.001 -13"><span class='ocrx_word' id='word_1_26' title='bbox 214 386 259 417; x_wconf 90' lang='lat' dir='ltr'><strong>ut</strong></span> <span class='ocrx_word' id='word_1_27' title='bbox 285 377 336 417; x_wconf 86' lang='lat' dir='ltr'><strong>ad</strong></span> <span class='ocrx_word' id='word_1_28' title='bbox 362 376 615 430; x_wconf 86' lang='lat' dir='ltr'><strong>triumphum</strong></span> <span class='ocrx_word' id='word_1_29' title='bbox 640 375 751 416; x_wconf 81' lang='lat' dir='ltr'><strong>haud</strong></span> <span class='ocrx_word' id='word_1_30' title='bbox 776 375 946 415; x_wconf 89' lang='lat' dir='ltr'><strong>dubium</strong></span> <span class='ocrx_word' id='word_1_31' title='bbox 966 375 1171 416; x_wconf 78' lang='lat' dir='ltr'><strong>decedens</strong></span> <span class='ocrx_word' id='word_1_32' title='bbox 1198 378 1423 417; x_wconf 84' lang='lat' dir='ltr'><strong>exercitum</strong></span> <span class='ocrx_word' id='word_1_33' title='bbox 1446 377 1565 416; x_wconf 89' lang='lat' dir='ltr'><strong>dimi-</strong></span> 
     </span>
     <span class='ocr_line' id='line_1_5' title="bbox 169 437 1565 493; baseline -0.001 -13"><span class='ocrx_word' id='word_1_34' title='bbox 169 455 188 482; x_wconf 85' lang='lat'>5</span> <span class='ocrx_word' id='word_1_35' title='bbox 215 439 266 479; x_wconf 88' lang='lat' dir='ltr'><strong>sit</strong></span> <span class='ocrx_word' id='word_1_36' title='bbox 291 446 331 479; x_wconf 90' lang='lat' dir='ltr'><strong>et</strong></span> <span class='ocrx_word' id='word_1_37' title='bbox 357 438 503 478; x_wconf 84' lang='lat' dir='ltr'><strong>adesse</strong></span> <span class='ocrx_word' id='word_1_38' title='bbox 517 437 678 478; x_wconf 86' lang='lat' dir='ltr'><strong>Romae</strong></span> <span class='ocrx_word' id='word_1_39' title='bbox 699 437 751 477; x_wconf 82' lang='lat' dir='ltr'><strong>ad</strong></span> <span class='ocrx_word' id='word_1_40' title='bbox 771 437 881 477; x_wconf 85' lang='lat' dir='ltr'><strong>diem</strong></span> <span class='ocrx_word' id='word_1_41' title='bbox 902 437 1097 492; x_wconf 88' lang='lat' dir='ltr'><strong>triumphi</strong></span> <span class='ocrx_word' id='word_1_42' title='bbox 1122 438 1255 479; x_wconf 85' lang='lat' dir='ltr'><strong>iussit.</strong></span> <span class='ocrx_word' id='word_1_43' title='bbox 1292 438 1380 493; x_wconf 85' lang='lat' dir='ltr'><strong>ipse</strong></span> <span class='ocrx_word' id='word_1_44' title='bbox 1400 447 1565 493; x_wconf 83' lang='lat' dir='ltr'><strong>postero</strong></span> 
     </span>
     <span class='ocr_line' id='line_1_6' title="bbox 214 499 1565 552; baseline 0 -12"><span class='ocrx_word' id='word_1_45' title='bbox 214 501 278 540; x_wconf 87' lang='lat' dir='ltr'><strong>die</strong></span> <span class='ocrx_word' id='word_1_46' title='bbox 305 514 429 552; x_wconf 90' lang='lat' dir='ltr'><strong>quam</strong></span> <span class='ocrx_word' id='word_1_47' title='bbox 455 499 567 539; x_wconf 75' lang='lat' dir='ltr'><strong>venit</strong></span> <span class='ocrx_word' id='word_1_48' title='bbox 594 509 741 539; x_wconf 88' lang='lat' dir='ltr'><strong>senatu</strong></span> <span class='ocrx_word' id='word_1_49' title='bbox 765 500 808 539; x_wconf 87' lang='lat' dir='ltr'><strong>in</strong></span> <span class='ocrx_word' id='word_1_50' title='bbox 834 499 979 539; x_wconf 88' lang='lat' dir='ltr'><strong>aedem</strong></span> <span class='ocrx_word' id='word_1_51' title='bbox 1000 500 1201 540; x_wconf 83' lang='lat' dir='ltr'><strong>Bellonae</strong></span> <span class='ocrx_word' id='word_1_52' title='bbox 1227 510 1373 541; x_wconf 79' lang='lat' dir='ltr'><strong>vocato</strong></span> <span class='ocrx_word' id='word_1_53' title='bbox 1401 515 1494 540; x_wconf 85' lang='lat' dir='ltr'><strong>cum</strong></span> <span class='ocrx_word' id='word_1_54' title='bbox 1514 501 1565 541; x_wconf 86' lang='lat' dir='ltr'><strong>de</strong></span> 
     </span>
     <span class='ocr_line' id='line_1_7' title="bbox 213 560 1566 615; baseline 0 -13"><span class='ocrx_word' id='word_1_55' title='bbox 213 562 335 602; x_wconf 90' lang='lat' dir='ltr'><strong>rebus</strong></span> <span class='ocrx_word' id='word_1_56' title='bbox 361 561 414 601; x_wconf 84' lang='lat' dir='ltr'><strong>ab</strong></span> <span class='ocrx_word' id='word_1_57' title='bbox 441 575 485 601; x_wconf 88' lang='lat' dir='ltr'><strong>se</strong></span> <span class='ocrx_word' id='word_1_58' title='bbox 516 561 646 615; x_wconf 86' lang='lat' dir='ltr'><strong>gestis</strong></span> <span class='ocrx_word' id='word_1_59' title='bbox 674 560 958 609; x_wconf 75' lang='lat' dir='ltr'><strong>disseruisset,</strong></span> <span class='ocrx_word' id='word_1_60' title='bbox 983 561 1222 615; x_wconf 78' lang='lat' dir='ltr'><strong>postulavit,</strong></span> <span class='ocrx_word' id='word_1_61' title='bbox 1249 571 1293 602; x_wconf 89' lang='lat' dir='ltr'><strong>ut</strong></span> <span class='ocrx_word' id='word_1_62' title='bbox 1320 562 1397 602; x_wconf 82' lang='lat' dir='ltr'>sibi</span> <span class='ocrx_word' id='word_1_63' title='bbox 1423 562 1566 602; x_wconf 91' lang='lat' dir='ltr'><strong>trium-</strong></span> 
     </span>
     <span class='ocr_line' id='line_1_8' title="bbox 169 622 1566 677; baseline 0.002 -15"><span class='ocrx_word' id='word_1_64' title='bbox 169 639 186 667; x_wconf 64' lang='grc' dir='ltr'><strong>(ς</strong></span> <span class='ocrx_word' id='word_1_65' title='bbox 212 622 355 677; x_wconf 84' lang='lat' dir='ltr'><strong>phanti</strong></span> <span class='ocrx_word' id='word_1_66' title='bbox 379 623 520 663; x_wconf 82' lang='lat' dir='ltr'><strong>liceret</strong></span> <span class='ocrx_word' id='word_1_67' title='bbox 544 623 690 663; x_wconf 85' lang='lat' dir='ltr'><strong>urbem</strong></span> <span class='ocrx_word' id='word_1_68' title='bbox 714 622 866 663; x_wconf 85' lang='lat' dir='ltr'><strong>invehi.</strong></span> <span class='ocrx_word' id='word_1_69' title='bbox 914 622 964 663; x_wconf 89' lang='lat' dir='ltr'><strong>P.</strong></span> <span class='ocrx_word' id='word_1_70' title='bbox 993 622 1265 677; x_wconf 74' lang='lat' dir='ltr'><strong>Sempronius</strong></span> <span class='ocrx_word' id='word_1_71' title='bbox 1290 624 1469 667; x_wconf 78' lang='lat' dir='ltr'><strong>Blaesus</strong></span> <span class='ocrx_word' id='word_1_72' title='bbox 1496 624 1566 664; x_wconf 87' lang='lat' dir='ltr'><strong>tri-</strong></span> 
     </span>
     <span class='ocr_line' id='line_1_9' title="bbox 212 684 1565 739; baseline 0 -14"><span class='ocrx_word' id='word_1_73' title='bbox 212 685 347 726; x_wconf 89' lang='lat' dir='ltr'><strong>bunus</strong></span> <span class='ocrx_word' id='word_1_74' title='bbox 377 684 510 739; x_wconf 90' lang='lat' dir='ltr'><strong>plebis</strong></span> <span class='ocrx_word' id='word_1_75' title='bbox 544 700 627 725; x_wconf 91' lang='lat' dir='ltr'><strong>non</strong></span> <span class='ocrx_word' id='word_1_76' title='bbox 664 685 903 738; x_wconf 85' lang='lat' dir='ltr'><strong>negandum</strong></span> <span class='ocrx_word' id='word_1_77' title='bbox 936 684 1140 738; x_wconf 77' lang='lat' dir='ltr'><strong>Scipioni,</strong></span> <span class='ocrx_word' id='word_1_78' title='bbox 1180 685 1254 725; x_wconf 90' lang='lat' dir='ltr'><strong>sed</strong></span> <span class='ocrx_word' id='word_1_79' title='bbox 1290 685 1565 726; x_wconf 87' lang='lat' dir='ltr'><strong>differendum</strong></span> 
     </span>
     <span class='ocr_line' id='line_1_10' title="bbox 214 745 1567 801; baseline 0.001 -15"><span class='ocrx_word' id='word_1_80' title='bbox 214 747 413 787; x_wconf 81' lang='lat' dir='ltr'><strong>honorem</strong></span> <span class='ocrx_word' id='word_1_81' title='bbox 438 746 635 801; x_wconf 90' lang='lat' dir='ltr'><strong>triumphi</strong></span> <span class='ocrx_word' id='word_1_82' title='bbox 661 747 878 787; x_wconf 87' lang='lat' dir='ltr'><strong>censebat:</strong></span> <span class='ocrx_word' id='word_1_83' title='bbox 905 746 1013 786; x_wconf 89' lang='lat' dir='ltr'><strong>bella</strong></span> <span class='ocrx_word' id='word_1_84' title='bbox 1033 746 1238 800; x_wconf 81' lang='lat' dir='ltr'><strong>Ligurum</strong></span> <span class='ocrx_word' id='word_1_85' title='bbox 1260 745 1432 787; x_wconf 82' lang='lat' dir='ltr'><strong>Gallicis</strong></span> <span class='ocrx_word' id='word_1_86' title='bbox 1459 762 1567 788; x_wconf 89' lang='lat' dir='ltr'><strong>sem-</strong></span> 
     </span>
     <span class='ocr_line' id='line_1_11' title="bbox 212 808 1568 863; baseline -0.001 -14"><span class='ocrx_word' id='word_1_87' title='bbox 212 824 286 863; x_wconf 88' lang='lat' dir='ltr'><strong>per</strong></span> <span class='ocrx_word' id='word_1_88' title='bbox 310 808 451 849; x_wconf 83' lang='lat' dir='ltr'><strong>iuncta</strong></span> <span class='ocrx_word' id='word_1_89' title='bbox 482 808 630 857; x_wconf 84' lang='lat' dir='ltr'><strong>fuisse,</strong></span> <span class='ocrx_word' id='word_1_90' title='bbox 664 823 733 849; x_wconf 87' lang='lat' dir='ltr'><strong>eas</strong></span> <span class='ocrx_word' id='word_1_91' title='bbox 765 808 870 848; x_wconf 91' lang='lat' dir='ltr'><strong>inter</strong></span> <span class='ocrx_word' id='word_1_92' title='bbox 903 823 946 848; x_wconf 88' lang='lat' dir='ltr'><strong>sc</strong></span> <span class='ocrx_word' id='word_1_93' title='bbox 978 816 1124 862; x_wconf 81' lang='lat' dir='ltr'><strong>gentes</strong></span> <span class='ocrx_word' id='word_1_94' title='bbox 1156 815 1299 848; x_wconf 86' lang='lat' dir='ltr'><strong>mutua</strong></span> <span class='ocrx_word' id='word_1_95' title='bbox 1324 823 1375 848; x_wconf 77' lang='lat' dir='ltr'><strong>ex</strong></span> <span class='ocrx_word' id='word_1_96' title='bbox 1400 808 1568 862; x_wconf 86' lang='lat' dir='ltr'><strong>propin-</strong></span> 
     </span>
     <span class='ocr_line' id='line_1_12' title="bbox 170 869 1567 925; baseline -0.001 -12"><span class='ocrx_word' id='word_1_97' title='bbox 170 886 185 913; x_wconf 85' lang='lat'>7</span> <span class='ocrx_word' id='word_1_98' title='bbox 214 885 295 924; x_wconf 90' lang='lat' dir='ltr'><strong>quo</strong></span> <span class='ocrx_word' id='word_1_99' title='bbox 321 871 429 912; x_wconf 87' lang='lat' dir='ltr'><strong>ferre</strong></span> <span class='ocrx_word' id='word_1_100' title='bbox 455 871 620 912; x_wconf 77' lang='lat' dir='ltr'><strong>auxilia.</strong></span> <span class='ocrx_word' id='word_1_101' title='bbox 661 870 695 911; x_wconf 91' lang='lat' dir='ltr'><strong>si</strong></span> <span class='ocrx_word' id='word_1_102' title='bbox 714 870 763 910; x_wconf 89' lang='lat' dir='ltr'><strong>P.</strong></span> <span class='ocrx_word' id='word_1_103' title='bbox 786 869 927 924; x_wconf 81' lang='lat' dir='ltr'><strong>Scipio</strong></span> <span class='ocrx_word' id='word_1_104' title='bbox 948 870 1121 910; x_wconf 79' lang='lat' dir='ltr'><strong>devictis</strong></span> <span class='ocrx_word' id='word_1_105' title='bbox 1149 870 1234 910; x_wconf 88' lang='lat' dir='ltr'><strong>acie</strong></span> <span class='ocrx_word' id='word_1_106' title='bbox 1254 870 1356 911; x_wconf 79' lang='lat' dir='ltr'><strong>Bois</strong></span> <span class='ocrx_word' id='word_1_107' title='bbox 1385 878 1454 910; x_wconf 86' lang='lat' dir='ltr'><strong>aut</strong></span> <span class='ocrx_word' id='word_1_108' title='bbox 1477 871 1567 925; x_wconf 88' lang='lat' dir='ltr'><strong>ipse</strong></span> 
     </span>
     <span class='ocr_line' id='line_1_13' title="bbox 214 931 1567 986; baseline 0 -14"><span class='ocrx_word' id='word_1_109' title='bbox 214 947 307 972; x_wconf 87' lang='lat' dir='ltr'><strong>cum</strong></span> <span class='ocrx_word' id='word_1_110' title='bbox 321 933 474 974; x_wconf 79' lang='lat' dir='ltr'><strong>victore</strong></span> <span class='ocrx_word' id='word_1_111' title='bbox 495 933 678 973; x_wconf 82' lang='lat' dir='ltr'><strong>exercitu</strong></span> <span class='ocrx_word' id='word_1_112' title='bbox 698 932 740 972; x_wconf 90' lang='lat' dir='ltr'><strong>in</strong></span> <span class='ocrx_word' id='word_1_113' title='bbox 761 947 906 986; x_wconf 90' lang='lat' dir='ltr'><strong>agrum</strong></span> <span class='ocrx_word' id='word_1_114' title='bbox 920 931 1128 985; x_wconf 78' lang='lat' dir='ltr'><strong>Ligurum</strong></span> <span class='ocrx_word' id='word_1_115' title='bbox 1148 932 1366 972; x_wconf 82' lang='lat' dir='ltr'><strong>transisset</strong></span> <span class='ocrx_word' id='word_1_116' title='bbox 1386 940 1455 972; x_wconf 88' lang='lat' dir='ltr'><strong>aut</strong></span> <span class='ocrx_word' id='word_1_117' title='bbox 1473 947 1567 986; x_wconf 90' lang='lat' dir='ltr'><strong>par-</strong></span> 
     </span>
     <span class='ocr_line' id='line_1_14' title="bbox 213 993 1565 1050; baseline -0.002 -14"><span class='ocrx_word' id='word_1_118' title='bbox 213 1004 295 1036; x_wconf 88' lang='lat' dir='ltr'><strong>tem</strong></span> <span class='ocrx_word' id='word_1_119' title='bbox 321 995 533 1050; x_wconf 85' lang='lat' dir='ltr'><strong>copiarum</strong></span> <span class='ocrx_word' id='word_1_120' title='bbox 560 994 718 1046; x_wconf 81' lang='lat' dir='ltr'><strong>Quinto</strong></span> <span class='ocrx_word' id='word_1_121' title='bbox 743 994 932 1034; x_wconf 62' lang='lat' dir='ltr'><strong>BIinucio</strong></span> <span class='ocrx_word' id='word_1_122' title='bbox 953 993 1154 1042; x_wconf 85' lang='lat' dir='ltr'><strong>misisset,</strong></span> <span class='ocrx_word' id='word_1_123' title='bbox 1193 994 1263 1046; x_wconf 87' lang='lat' dir='ltr'><strong>qui</strong></span> <span class='ocrx_word' id='word_1_124' title='bbox 1293 994 1375 1034; x_wconf 89' lang='lat' dir='ltr'><strong>iam</strong></span> <span class='ocrx_word' id='word_1_125' title='bbox 1401 994 1565 1034; x_wconf 90' lang='lat' dir='ltr'><strong>tertium</strong></span> 
     </span>
     <span class='ocr_line' id='line_1_15' title="bbox 211 1055 1565 1110; baseline -0.001 -13"><span class='ocrx_word' id='word_1_126' title='bbox 211 1057 267 1097; x_wconf 86' lang='lat' dir='ltr'><strong>ibi</strong></span> <span class='ocrx_word' id='word_1_127' title='bbox 286 1072 441 1097; x_wconf 86' lang='lat' dir='ltr'><strong>annum</strong></span> <span class='ocrx_word' id='word_1_128' title='bbox 461 1056 586 1097; x_wconf 85' lang='lat' dir='ltr'><strong>dubio</strong></span> <span class='ocrx_word' id='word_1_129' title='bbox 607 1056 859 1097; x_wconf 82' lang='lat' dir='ltr'><strong>detineretur</strong></span> <span class='ocrx_word' id='word_1_130' title='bbox 873 1055 995 1104; x_wconf 89' lang='lat' dir='ltr'><strong>bello,</strong></span> <span class='ocrx_word' id='word_1_131' title='bbox 1018 1055 1215 1095; x_wconf 88' lang='lat' dir='ltr'><strong>debellari</strong></span> <span class='ocrx_word' id='word_1_132' title='bbox 1229 1069 1322 1095; x_wconf 89' lang='lat' dir='ltr'><strong>cum</strong></span> <span class='ocrx_word' id='word_1_133' title='bbox 1336 1055 1565 1110; x_wconf 76' lang='lat' dir='ltr'><strong>Liguribus</strong></span> 
     </span>
     <span class='ocr_line' id='line_1_16' title="bbox 166 1117 1565 1174; baseline -0.002 -14"><span class='ocrx_word' id='word_1_134' title='bbox 166 1131 186 1161; x_wconf 79' lang='grc'><strong>8</strong></span> <span class='ocrx_word' id='word_1_135' title='bbox 211 1120 415 1174; x_wconf 82' lang='lat' dir='ltr'><strong>potuisse3</strong></span> <span class='ocrx_word' id='word_1_136' title='bbox 452 1133 562 1159; x_wconf 88' lang='lat' dir='ltr'><strong>nunc</strong></span> <span class='ocrx_word' id='word_1_137' title='bbox 600 1119 653 1159; x_wconf 89' lang='lat' dir='ltr'><strong>ad</strong></span> <span class='ocrx_word' id='word_1_138' title='bbox 689 1118 943 1172; x_wconf 87' lang='lat' dir='ltr'><strong>triumphum</strong></span> <span class='ocrx_word' id='word_1_139' title='bbox 980 1118 1327 1170; x_wconf 85' lang='lat' dir='ltr'><strong>frequentandum</strong></span> <span class='ocrx_word' id='word_1_140' title='bbox 1365 1117 1565 1158; x_wconf 87' lang='lat' dir='ltr'><strong>deductos</strong></span> 
     </span>
     <span class='ocr_line' id='line_1_17' title="bbox 211 1179 1566 1234; baseline -0.001 -13"><span class='ocrx_word' id='word_1_141' title='bbox 211 1196 304 1221; x_wconf 89' lang='lat' dir='ltr'><strong>esse</strong></span> <span class='ocrx_word' id='word_1_142' title='bbox 329 1181 493 1229; x_wconf 87' lang='lat' dir='ltr'><strong>milites,</strong></span> <span class='ocrx_word' id='word_1_143' title='bbox 521 1180 590 1233; x_wconf 90' lang='lat' dir='ltr'><strong>qui</strong></span> <span class='ocrx_word' id='word_1_144' title='bbox 611 1180 821 1234; x_wconf 80' lang='lat' dir='ltr'><strong>egregiam</strong></span> <span class='ocrx_word' id='word_1_145' title='bbox 841 1194 992 1220; x_wconf 68' lang='lat' dir='ltr'><strong>navare</strong></span> <span class='ocrx_word' id='word_1_146' title='bbox 1011 1194 1178 1233; x_wconf 86' lang='lat' dir='ltr'><strong>operam</strong></span> <span class='ocrx_word' id='word_1_147' title='bbox 1197 1179 1256 1220; x_wconf 89' lang='lat' dir='ltr'><strong>rei</strong></span> <span class='ocrx_word' id='word_1_148' title='bbox 1281 1180 1471 1234; x_wconf 88' lang='lat' dir='ltr'><strong>publicae</strong></span> <span class='ocrx_word' id='word_1_149' title='bbox 1492 1193 1566 1233; x_wconf 87' lang='lat' dir='ltr'><strong>po-</strong></span> 
     </span>
     <span class='ocr_line' id='line_1_18' title="bbox 212 1240 1564 1296; baseline -0.001 -14"><span class='ocrx_word' id='word_1_150' title='bbox 212 1242 408 1290; x_wconf 84' lang='lat' dir='ltr'><strong>tuissent,</strong></span> <span class='ocrx_word' id='word_1_151' title='bbox 439 1250 669 1296; x_wconf 88' lang='lat' dir='ltr'><strong>—possent</strong></span> <span class='ocrx_word' id='word_1_152' title='bbox 700 1241 842 1290; x_wconf 86' lang='lat' dir='ltr'><strong>etiam,</strong></span> <span class='ocrx_word' id='word_1_153' title='bbox 882 1241 915 1281; x_wconf 90' lang='lat' dir='ltr'><strong>si</strong></span> <span class='ocrx_word' id='word_1_154' title='bbox 949 1249 1116 1281; x_wconf 90' lang='lat' dir='ltr'><strong>senatus</strong></span> <span class='ocrx_word' id='word_1_155' title='bbox 1150 1241 1262 1293; x_wconf 91' lang='lat' dir='ltr'><strong>quod</strong></span> <span class='ocrx_word' id='word_1_156' title='bbox 1299 1240 1564 1281; x_wconf 83' lang='lat' dir='ltr'><strong>festinatione</strong></span> 
     </span>
     <span class='ocr_line' id='line_1_19' title="bbox 212 1301 1564 1358; baseline -0.002 -14"><span class='ocrx_word' id='word_1_157' title='bbox 212 1303 409 1358; x_wconf 89' lang='lat' dir='ltr'><strong>triumphi</strong></span> <span class='ocrx_word' id='word_1_158' title='bbox 448 1303 787 1358; x_wconf 88' lang='lat' dir='ltr'><strong>praetermissum</strong></span> <span class='ocrx_word' id='word_1_159' title='bbox 826 1310 955 1350; x_wconf 86' lang='lat' dir='ltr'><strong>esset,</strong></span> <span class='ocrx_word' id='word_1_160' title='bbox 998 1302 1040 1341; x_wconf 89' lang='lat' dir='ltr'><strong>id</strong></span> <span class='ocrx_word' id='word_1_161' title='bbox 1082 1302 1297 1342; x_wconf 84' lang='lat' dir='ltr'><strong>restituere</strong></span> <span class='ocrx_word' id='word_1_162' title='bbox 1336 1301 1564 1342; x_wconf 85' lang='lat' dir='ltr'><strong>differendo</strong></span> 
     </span>
     <span class='ocr_line' id='line_1_20' title="bbox 167 1363 1564 1420; baseline -0.002 -13"><span class='ocrx_word' id='word_1_163' title='bbox 167 1378 185 1407; x_wconf 88' lang='lat'>9</span> <span class='ocrx_word' id='word_1_164' title='bbox 212 1365 418 1420; x_wconf 86' lang='lat' dir='ltr'><strong>triumpho</strong></span> <span class='ocrx_word' id='word_1_165' title='bbox 442 1365 578 1405; x_wconf 73' lang='lat' dir='ltr'><strong>vellet.</strong></span> <span class='ocrx_word' id='word_1_166' title='bbox 617 1365 806 1405; x_wconf 88' lang='lat' dir='ltr'><strong>iuberent</strong></span> <span class='ocrx_word' id='word_1_167' title='bbox 826 1364 1038 1405; x_wconf 87' lang='lat' dir='ltr'><strong>consulem</strong></span> <span class='ocrx_word' id='word_1_168' title='bbox 1060 1378 1153 1403; x_wconf 87' lang='lat' dir='ltr'><strong>cum</strong></span> <span class='ocrx_word' id='word_1_169' title='bbox 1177 1363 1410 1417; x_wconf 85' lang='lat' dir='ltr'><strong>legionibus</strong></span> <span class='ocrx_word' id='word_1_170' title='bbox 1432 1363 1564 1404; x_wconf 84' lang='lat' dir='ltr'><strong>redire</strong></span> 
     </span>
     <span class='ocr_line' id='line_1_21' title="bbox 210 1425 1565 1482; baseline -0.001 -15"><span class='ocrx_word' id='word_1_171' title='bbox 210 1427 253 1467; x_wconf 90' lang='lat' dir='ltr'><strong>in</strong></span> <span class='ocrx_word' id='word_1_172' title='bbox 278 1427 546 1482; x_wconf 79' lang='lat' dir='ltr'><strong>provinciam,</strong></span> <span class='ocrx_word' id='word_1_173' title='bbox 574 1427 670 1467; x_wconf 90' lang='lat' dir='ltr'><strong>dare</strong></span> <span class='ocrx_word' id='word_1_174' title='bbox 697 1442 878 1481; x_wconf 81' lang='lat' dir='ltr'><strong>operam,</strong></span> <span class='ocrx_word' id='word_1_175' title='bbox 905 1434 947 1466; x_wconf 89' lang='lat' dir='ltr'><strong>ut</strong></span> <span class='ocrx_word' id='word_1_176' title='bbox 975 1426 1156 1480; x_wconf 86' lang='lat' dir='ltr'><strong>Ligures</strong></span> <span class='ocrx_word' id='word_1_177' title='bbox 1185 1426 1441 1480; x_wconf 84' lang='lat' dir='ltr'><strong>subigantur.</strong></span> <span class='ocrx_word' id='word_1_178' title='bbox 1484 1425 1565 1465; x_wconf 90' lang='lat' dir='ltr'><strong>nisi</strong></span> 
     </span>
     <span class='ocr_line' id='line_1_22' title="bbox 209 1487 1563 1544; baseline -0.002 -14"><span class='ocrx_word' id='word_1_179' title='bbox 209 1490 269 1530; x_wconf 90' lang='lat' dir='ltr'><strong>illi</strong></span> <span class='ocrx_word' id='word_1_180' title='bbox 294 1498 493 1544; x_wconf 86' lang='lat' dir='ltr'><strong>cogantur</strong></span> <span class='ocrx_word' id='word_1_181' title='bbox 518 1490 560 1529; x_wconf 85' lang='lat' dir='ltr'><strong>in</strong></span> <span class='ocrx_word' id='word_1_182' title='bbox 586 1489 649 1529; x_wconf 87' lang='lat' dir='ltr'><strong>ius</strong></span> <span class='ocrx_word' id='word_1_183' title='bbox 674 1488 953 1540; x_wconf 86' lang='lat' dir='ltr'><strong>iudiciumque</strong></span> <span class='ocrx_word' id='word_1_184' title='bbox 979 1488 1121 1542; x_wconf 87' lang='lat' dir='ltr'><strong>populi</strong></span> <span class='ocrx_word' id='word_1_185' title='bbox 1144 1487 1336 1535; x_wconf 85' lang='lat' dir='ltr'><strong>Romani,</strong></span> <span class='ocrx_word' id='word_1_186' title='bbox 1363 1502 1414 1528; x_wconf 89' lang='lat' dir='ltr'><strong>ne</strong></span> <span class='ocrx_word' id='word_1_187' title='bbox 1434 1487 1563 1528; x_wconf 85' lang='lat' dir='ltr'><strong>Boios</strong></span> 
     </span>
     <span class='ocr_line' id='line_1_23' title="bbox 211 1548 1565 1604; baseline -0.002 -13"><span class='ocrx_word' id='word_1_188' title='bbox 211 1551 376 1604; x_wconf 87' lang='lat' dir='ltr'><strong>quidem</strong></span> <span class='ocrx_word' id='word_1_189' title='bbox 408 1551 637 1604; x_wconf 82' lang='lat' dir='ltr'><strong>quieturos3</strong></span> <span class='ocrx_word' id='word_1_190' title='bbox 676 1558 747 1590; x_wconf 88' lang='lat' dir='ltr'><strong>aut</strong></span> <span class='ocrx_word' id='word_1_191' title='bbox 776 1564 922 1604; x_wconf 84' lang='lat' dir='ltr'><strong>pacem</strong></span> <span class='ocrx_word' id='word_1_192' title='bbox 954 1558 1023 1589; x_wconf 59' lang='lat' dir='ltr'><strong>aut,</strong></span> <span class='ocrx_word' id='word_1_193' title='bbox 1054 1549 1210 1589; x_wconf 89' lang='lat' dir='ltr'><strong>bellum</strong></span> <span class='ocrx_word' id='word_1_194' title='bbox 1240 1549 1461 1601; x_wconf 81' lang='lat' dir='ltr'><strong>utrubique</strong></span> <span class='ocrx_word' id='word_1_195' title='bbox 1491 1548 1565 1588; x_wconf 89' lang='lat' dir='ltr'><strong>ha-</strong></span> 
     </span>
     <span class='ocr_line' id='line_1_24' title="bbox 146 1611 1566 1666; baseline -0.002 -13"><span class='ocrx_word' id='word_1_196' title='bbox 146 1624 185 1653; x_wconf 87' lang='grc'><strong>10</strong></span> <span class='ocrx_word' id='word_1_197' title='bbox 210 1613 358 1653; x_wconf 85' lang='lat' dir='ltr'><strong>benda.</strong></span> <span class='ocrx_word' id='word_1_198' title='bbox 410 1611 583 1652; x_wconf 76' lang='lat' dir='ltr'><strong>devictis</strong></span> <span class='ocrx_word' id='word_1_199' title='bbox 610 1611 860 1665; x_wconf 89' lang='lat' dir='ltr'><strong>Liguribus,</strong></span> <span class='ocrx_word' id='word_1_200' title='bbox 892 1624 1048 1666; x_wconf 87' lang='lat' dir='ltr'><strong>paucos</strong></span> <span class='ocrx_word' id='word_1_201' title='bbox 1080 1618 1175 1664; x_wconf 88' lang='lat' dir='ltr'><strong>post</strong></span> <span class='ocrx_word' id='word_1_202' title='bbox 1199 1625 1365 1650; x_wconf 87' lang='lat' dir='ltr'><strong>menses</strong></span> <span class='ocrx_word' id='word_1_203' title='bbox 1391 1624 1566 1665; x_wconf 91' lang='lat' dir='ltr'><strong>procon-</strong></span> 
     </span>
     <span class='ocr_line' id='line_1_25' title="bbox 211 1671 1566 1726; baseline -0.002 -12"><span class='ocrx_word' id='word_1_204' title='bbox 211 1674 341 1714; x_wconf 88' lang='lat' dir='ltr'><strong>sulem</strong></span> <span class='ocrx_word' id='word_1_205' title='bbox 356 1673 406 1713; x_wconf 90' lang='lat' dir='ltr'><strong>P.</strong></span> <span class='ocrx_word' id='word_1_206' title='bbox 424 1672 665 1714; x_wconf 87' lang='lat' dir='ltr'><strong>Cornelium</strong></span> <span class='ocrx_word' id='word_1_207' title='bbox 690 1672 914 1713; x_wconf 88' lang='lat' dir='ltr'><strong>multorum</strong></span> <span class='ocrx_word' id='word_1_208' title='bbox 939 1671 1143 1726; x_wconf 78' lang='lat' dir='ltr'><strong>exemplo,</strong></span> <span class='ocrx_word' id='word_1_209' title='bbox 1170 1672 1238 1725; x_wconf 86' lang='lat' dir='ltr'><strong>qui</strong></span> <span class='ocrx_word' id='word_1_210' title='bbox 1258 1672 1299 1712; x_wconf 89' lang='lat' dir='ltr'><strong>in</strong></span> <span class='ocrx_word' id='word_1_211' title='bbox 1320 1672 1566 1726; x_wconf 83' lang='lat' dir='ltr'><strong>magistratu</strong></span> 
     </span>
     <span class='ocr_line' id='line_1_26' title="bbox 209 1734 1197 1789; baseline -0.001 -14"><span class='ocrx_word' id='word_1_212' title='bbox 209 1751 291 1776; x_wconf 89' lang='lat' dir='ltr'><strong>non</strong></span> <span class='ocrx_word' id='word_1_213' title='bbox 318 1734 690 1789; x_wconf 82' lang='lat' dir='ltr'><strong>triumphaverunt,</strong></span> <span class='ocrx_word' id='word_1_214' title='bbox 718 1734 1064 1788; x_wconf 88' lang='lat' dir='ltr'><strong>triumphaturum</strong></span> <span class='ocrx_word' id='word_1_215' title='bbox 1091 1748 1197 1774; x_wconf 87' lang='lat' dir='ltr'><strong>esse.</strong></span> 
     </span>
     <span class='ocr_line' id='line_1_27' title="bbox 168 1795 1567 1850; baseline -0.002 -11"><span class='ocrx_word' id='word_1_216' title='bbox 168 1811 183 1839; x_wconf 86' lang='lat'>1</span> <span class='ocrx_word' id='word_1_217' title='bbox 294 1796 504 1837; x_wconf 85' lang='lat' dir='ltr'>XXXX.</span> <span class='ocrx_word' id='word_1_218' title='bbox 542 1796 615 1836; x_wconf 81' lang='lat' dir='ltr'><strong>Ad</strong></span> <span class='ocrx_word' id='word_1_219' title='bbox 640 1811 688 1837; x_wconf 88' lang='lat' dir='ltr'><strong>ea</strong></span> <span class='ocrx_word' id='word_1_220' title='bbox 715 1796 859 1837; x_wconf 88' lang='lat' dir='ltr'><strong>consul</strong></span> <span class='ocrx_word' id='word_1_221' title='bbox 884 1811 1017 1849; x_wconf 89' lang='lat' dir='ltr'><strong>neque</strong></span> <span class='ocrx_word' id='word_1_222' title='bbox 1039 1811 1082 1836; x_wconf 87' lang='lat' dir='ltr'><strong>se</strong></span> <span class='ocrx_word' id='word_1_223' title='bbox 1103 1795 1284 1850; x_wconf 88' lang='lat' dir='ltr'><strong>Ligures</strong></span> <span class='ocrx_word' id='word_1_224' title='bbox 1311 1795 1567 1850; x_wconf 83' lang='lat' dir='ltr'><strong>provinciam</strong></span> 
     </span>
     <span class='ocr_line' id='line_1_28' title="bbox 210 1857 1566 1912; baseline -0.001 -13"><span class='ocrx_word' id='word_1_225' title='bbox 210 1859 399 1900; x_wconf 88' lang='lat' dir='ltr'><strong>sortitum</strong></span> <span class='ocrx_word' id='word_1_226' title='bbox 431 1873 524 1899; x_wconf 85' lang='lat' dir='ltr'><strong>esse</strong></span> <span class='ocrx_word' id='word_1_227' title='bbox 557 1858 610 1899; x_wconf 89' lang='lat' dir='ltr'><strong>ait</strong></span> <span class='ocrx_word' id='word_1_228' title='bbox 642 1873 777 1912; x_wconf 87' lang='lat' dir='ltr'><strong>neque</strong></span> <span class='ocrx_word' id='word_1_229' title='bbox 810 1873 903 1898; x_wconf 87' lang='lat' dir='ltr'><strong>cum</strong></span> <span class='ocrx_word' id='word_1_230' title='bbox 933 1858 1162 1912; x_wconf 87' lang='lat' dir='ltr'><strong>Liguribus</strong></span> <span class='ocrx_word' id='word_1_231' title='bbox 1194 1858 1348 1898; x_wconf 90' lang='lat' dir='ltr'><strong>bellum</strong></span> <span class='ocrx_word' id='word_1_232' title='bbox 1383 1857 1566 1912; x_wconf 88' lang='lat' dir='ltr'><strong>gessisse</strong></span> 
     </span>
     <span class='ocr_line' id='line_1_29' title="bbox 165 1918 1566 1975; baseline -0.001 -16"><span class='ocrx_word' id='word_1_233' title='bbox 165 1931 183 1959; x_wconf 77' lang='lat'>2</span> <span class='ocrx_word' id='word_1_234' title='bbox 209 1935 341 1973; x_wconf 86' lang='lat' dir='ltr'><strong>neque</strong></span> <span class='ocrx_word' id='word_1_235' title='bbox 373 1920 626 1975; x_wconf 86' lang='lat' dir='ltr'><strong>triumphum</strong></span> <span class='ocrx_word' id='word_1_236' title='bbox 658 1920 708 1960; x_wconf 86' lang='lat' dir='ltr'><strong>de</strong></span> <span class='ocrx_word' id='word_1_237' title='bbox 745 1920 794 1960; x_wconf 89' lang='lat' dir='ltr'><strong>iis</strong></span> <span class='ocrx_word' id='word_1_238' title='bbox 831 1919 1066 1974; x_wconf 87' lang='lat' dir='ltr'><strong>postulare:</strong></span> <span class='ocrx_word' id='word_1_239' title='bbox 1117 1918 1171 1970; x_wconf 82' lang='lat' dir='ltr'><strong>Q.</strong></span> <span class='ocrx_word' id='word_1_240' title='bbox 1197 1919 1430 1959; x_wconf 89' lang='lat' dir='ltr'><strong>Minucium</strong></span> <span class='ocrx_word' id='word_1_241' title='bbox 1470 1933 1566 1959; x_wconf 89' lang='lat' dir='ltr'><strong>con-</strong></span> 
     </span>
     <span class='ocr_line' id='line_1_30' title="bbox 209 1981 1566 2036; baseline -0.002 -13"><span class='ocrx_word' id='word_1_242' title='bbox 209 1983 334 2023; x_wconf 87' lang='lat' dir='ltr'><strong>fidere</strong></span> <span class='ocrx_word' id='word_1_243' title='bbox 360 1983 476 2023; x_wconf 75' lang='lat' dir='ltr'><strong>brevi</strong></span> <span class='ocrx_word' id='word_1_244' title='bbox 502 1983 683 2023; x_wconf 89' lang='lat' dir='ltr'><strong>subactis</strong></span> <span class='ocrx_word' id='word_1_245' title='bbox 703 1983 753 2023; x_wconf 92' lang='lat' dir='ltr'><strong>iis</strong></span> <span class='ocrx_word' id='word_1_246' title='bbox 774 1982 965 2023; x_wconf 86' lang='lat' dir='ltr'><strong>meritum</strong></span> <span class='ocrx_word' id='word_1_247' title='bbox 984 1982 1236 2036; x_wconf 87' lang='lat' dir='ltr'><strong>triumphum</strong></span> <span class='ocrx_word' id='word_1_248' title='bbox 1262 1981 1566 2036; x_wconf 85' lang='lat' dir='ltr'><strong>postulaturum</strong></span> 
     </span>
     <span class='ocr_line' id='line_1_31' title="bbox 164 2042 1565 2099; baseline -0.003 -13"><span class='ocrx_word' id='word_1_249' title='bbox 164 2057 182 2086; x_wconf 86' lang='lat'><strong>3</strong></span> <span class='ocrx_word' id='word_1_250' title='bbox 208 2055 331 2098; x_wconf 84' lang='lat' dir='ltr'><strong>atque</strong></span> <span class='ocrx_word' id='word_1_251' title='bbox 368 2045 683 2099; x_wconf 86' lang='lat' dir='ltr'><strong>impetraturum</strong></span> <span class='ocrx_word' id='word_1_252' title='bbox 720 2059 826 2085; x_wconf 89' lang='lat' dir='ltr'><strong>esse.</strong></span> <span class='ocrx_word' id='word_1_253' title='bbox 888 2059 931 2084; x_wconf 86' lang='lat' dir='ltr'><strong>se</strong></span> <span class='ocrx_word' id='word_1_254' title='bbox 969 2044 1019 2084; x_wconf 90' lang='lat' dir='ltr'><strong>de</strong></span> <span class='ocrx_word' id='word_1_255' title='bbox 1053 2042 1186 2084; x_wconf 86' lang='lat' dir='ltr'><strong>Gallis</strong></span> <span class='ocrx_word' id='word_1_256' title='bbox 1216 2043 1318 2083; x_wconf 81' lang='lat' dir='ltr'><strong>Bois</strong></span> <span class='ocrx_word' id='word_1_257' title='bbox 1355 2043 1565 2097; x_wconf 86' lang='lat' dir='ltr'><strong>postulare</strong></span> 
     </span>
     <span class='ocr_line' id='line_1_32' title="bbox 209 2105 1566 2161; baseline -0.001 -15"><span class='ocrx_word' id='word_1_258' title='bbox 209 2106 480 2161; x_wconf 86' lang='lat' dir='ltr'><strong>triumphum,</strong></span> <span class='ocrx_word' id='word_1_259' title='bbox 524 2121 627 2159; x_wconf 88' lang='lat' dir='ltr'><strong>quos</strong></span> <span class='ocrx_word' id='word_1_260' title='bbox 665 2106 753 2147; x_wconf 88' lang='lat' dir='ltr'><strong>acie</strong></span> <span class='ocrx_word' id='word_1_261' title='bbox 791 2106 952 2154; x_wconf 68' lang='lat' dir='ltr'><strong>vicerit,</strong></span> <span class='ocrx_word' id='word_1_262' title='bbox 990 2105 1135 2146; x_wconf 88' lang='lat' dir='ltr'><strong>castris</strong></span> <span class='ocrx_word' id='word_1_263' title='bbox 1173 2105 1350 2153; x_wconf 78' lang='lat' dir='ltr'><strong>exuerit,</strong></span> <span class='ocrx_word' id='word_1_264' title='bbox 1393 2119 1566 2157; x_wconf 88' lang='lat' dir='ltr'><strong>quorum</strong></span> 
     </span>
     <span class='ocr_line' id='line_1_33' title="bbox 208 2166 1566 2223; baseline -0.002 -14"><span class='ocrx_word' id='word_1_265' title='bbox 208 2176 375 2223; x_wconf 84' lang='lat' dir='ltr'><strong>gentem</strong></span> <span class='ocrx_word' id='word_1_266' title='bbox 400 2168 525 2209; x_wconf 90' lang='lat' dir='ltr'><strong>biduo</strong></span> <span class='ocrx_word' id='word_1_267' title='bbox 548 2176 641 2223; x_wconf 89' lang='lat' dir='ltr'><strong>post</strong></span> <span class='ocrx_word' id='word_1_268' title='bbox 665 2184 850 2223; x_wconf 87' lang='lat' dir='ltr'><strong>pugnam</strong></span> <span class='ocrx_word' id='word_1_269' title='bbox 870 2176 998 2209; x_wconf 87' lang='lat' dir='ltr'><strong>totam</strong></span> <span class='ocrx_word' id='word_1_270' title='bbox 1018 2167 1222 2221; x_wconf 84' lang='lat' dir='ltr'><strong>acceperit</strong></span> <span class='ocrx_word' id='word_1_271' title='bbox 1241 2167 1282 2206; x_wconf 90' lang='lat' dir='ltr'><strong>in</strong></span> <span class='ocrx_word' id='word_1_272' title='bbox 1303 2166 1566 2215; x_wconf 86' lang='lat' dir='ltr'><strong>deditionem,</strong></span> 
     </span>
     <span class='ocr_line' id='line_1_34' title="bbox 165 2229 1566 2284; baseline -0.003 -13"><span class='ocrx_word' id='word_1_273' title='bbox 165 2243 183 2271; x_wconf 75' lang='grc'>4</span> <span class='ocrx_word' id='word_1_274' title='bbox 210 2246 234 2270; x_wconf 89' lang='lat' dir='ltr'><strong>a</strong></span> <span class='ocrx_word' id='word_1_275' title='bbox 259 2230 406 2283; x_wconf 90' lang='lat' dir='ltr'><strong>quibus</strong></span> <span class='ocrx_word' id='word_1_276' title='bbox 434 2230 602 2271; x_wconf 87' lang='lat' dir='ltr'><strong>obsides</strong></span> <span class='ocrx_word' id='word_1_277' title='bbox 630 2230 866 2279; x_wconf 78' lang='lat' dir='ltr'><strong>abduxerit,</strong></span> <span class='ocrx_word' id='word_1_278' title='bbox 893 2229 1007 2284; x_wconf 88' lang='lat' dir='ltr'><strong>pacis</strong></span> <span class='ocrx_word' id='word_1_279' title='bbox 1033 2229 1195 2269; x_wconf 85' lang='lat' dir='ltr'><strong>futurae</strong></span> <span class='ocrx_word' id='word_1_280' title='bbox 1221 2229 1385 2283; x_wconf 86' lang='lat' dir='ltr'><strong>pignus.</strong></span> <span class='ocrx_word' id='word_1_281' title='bbox 1424 2242 1566 2268; x_wconf 69' lang='lat' dir='ltr'><strong>verum</strong></span> 
     </span>
     <span class='ocr_line' id='line_1_35' title="bbox 210 2291 1566 2343; baseline -0.001 -13"><span class='ocrx_word' id='word_1_282' title='bbox 210 2291 319 2331; x_wconf 89' lang='lat' dir='ltr'><strong>enim</strong></span> <span class='ocrx_word' id='word_1_283' title='bbox 345 2307 440 2332; x_wconf 78' lang='lat' dir='ltr'><strong>vero</strong></span> <span class='ocrx_word' id='word_1_284' title='bbox 465 2292 567 2331; x_wconf 89' lang='lat' dir='ltr'><strong>illud</strong></span> <span class='ocrx_word' id='word_1_285' title='bbox 592 2291 721 2332; x_wconf 88' lang='lat' dir='ltr'><strong>multo</strong></span> <span class='ocrx_word' id='word_1_286' title='bbox 742 2292 874 2332; x_wconf 89' lang='lat' dir='ltr'><strong>maius</strong></span> <span class='ocrx_word' id='word_1_287' title='bbox 896 2306 1008 2339; x_wconf 87' lang='lat' dir='ltr'><strong>esse,</strong></span> <span class='ocrx_word' id='word_1_288' title='bbox 1035 2291 1146 2343; x_wconf 86' lang='lat' dir='ltr'><strong>quod</strong></span> <span class='ocrx_word' id='word_1_289' title='bbox 1167 2298 1327 2330; x_wconf 87' lang='lat' dir='ltr'><strong>tantum</strong></span> <span class='ocrx_word' id='word_1_290' title='bbox 1350 2304 1566 2329; x_wconf 87' lang='lat' dir='ltr'><strong>numerum</strong></span> 
     </span>
     <span class='ocr_line' id='line_1_36' title="bbox 211 2350 1566 2406; baseline -0.001 -14"><span class='ocrx_word' id='word_1_291' title='bbox 211 2351 426 2393; x_wconf 87' lang='lat' dir='ltr'><strong>Gallorum</strong></span> <span class='ocrx_word' id='word_1_292' title='bbox 451 2353 644 2394; x_wconf 86' lang='lat' dir='ltr'><strong>occiderit</strong></span> <span class='ocrx_word' id='word_1_293' title='bbox 671 2354 713 2393; x_wconf 90' lang='lat' dir='ltr'><strong>in</strong></span> <span class='ocrx_word' id='word_1_294' title='bbox 739 2353 844 2402; x_wconf 88' lang='lat' dir='ltr'><strong>acie,</strong></span> <span class='ocrx_word' id='word_1_295' title='bbox 871 2362 970 2406; x_wconf 88' lang='lat' dir='ltr'><strong>quot</strong></span> <span class='ocrx_word' id='word_1_296' title='bbox 996 2366 1088 2392; x_wconf 91' lang='lat' dir='ltr'><strong>cum</strong></span> <span class='ocrx_word' id='word_1_297' title='bbox 1114 2352 1279 2392; x_wconf 85' lang='lat' dir='ltr'><strong>milibus</strong></span> <span class='ocrx_word' id='word_1_298' title='bbox 1306 2359 1415 2392; x_wconf 89' lang='lat' dir='ltr'><strong>certe</strong></span> <span class='ocrx_word' id='word_1_299' title='bbox 1439 2350 1566 2391; x_wconf 88' lang='lat' dir='ltr'><strong>Boio-</strong></span> 
     </span>
     <span class='ocr_line' id='line_1_37' title="bbox 166 2411 1566 2469; baseline -0.004 -14"><span class='ocrx_word' id='word_1_300' title='bbox 166 2427 185 2455; x_wconf 84' lang='lat'>5</span> <span class='ocrx_word' id='word_1_301' title='bbox 210 2429 300 2454; x_wconf 89' lang='lat' dir='ltr'><strong>rum</strong></span> <span class='ocrx_word' id='word_1_302' title='bbox 320 2430 439 2455; x_wconf 88' lang='lat' dir='ltr'><strong>nemo</strong></span> <span class='ocrx_word' id='word_1_303' title='bbox 467 2424 559 2455; x_wconf 88' lang='lat' dir='ltr'><strong>ante</strong></span> <span class='ocrx_word' id='word_1_304' title='bbox 588 2430 632 2455; x_wconf 91' lang='lat' dir='ltr'><strong>se</strong></span> <span class='ocrx_word' id='word_1_305' title='bbox 658 2415 880 2468; x_wconf 86' lang='lat' dir='ltr'><strong>imperator</strong></span> <span class='ocrx_word' id='word_1_306' title='bbox 899 2414 1159 2469; x_wconf 79' lang='lat' dir='ltr'><strong>pugnaverit.</strong></span> <span class='ocrx_word' id='word_1_307' title='bbox 1206 2413 1299 2467; x_wconf 89' lang='lat' dir='ltr'><strong>plus</strong></span> <span class='ocrx_word' id='word_1_308' title='bbox 1326 2420 1485 2467; x_wconf 87' lang='lat' dir='ltr'><strong>partem</strong></span> <span class='ocrx_word' id='word_1_309' title='bbox 1506 2411 1566 2451; x_wconf 90' lang='lat' dir='ltr'><strong>di-</strong></span> 
     </span>
     <span class='ocr_line' id='line_1_38' title="bbox 211 2473 1567 2531; baseline -0.001 -18"><span class='ocrx_word' id='word_1_310' title='bbox 211 2475 378 2514; x_wconf 88' lang='lat' dir='ltr'><strong>midiam</strong></span> <span class='ocrx_word' id='word_1_311' title='bbox 404 2491 455 2516; x_wconf 81' lang='lat' dir='ltr'><strong>ex</strong></span> <span class='ocrx_word' id='word_1_312' title='bbox 480 2477 781 2531; x_wconf 82' lang='lat' dir='ltr'><strong>quinquaginta</strong></span> <span class='ocrx_word' id='word_1_313' title='bbox 805 2476 970 2516; x_wconf 84' lang='lat' dir='ltr'><strong>milibus</strong></span> <span class='ocrx_word' id='word_1_314' title='bbox 995 2475 1208 2516; x_wconf 88' lang='lat' dir='ltr'><strong>hominum</strong></span> <span class='ocrx_word' id='word_1_315' title='bbox 1234 2489 1412 2522; x_wconf 89' lang='lat' dir='ltr'><strong>caesam,</strong></span> <span class='ocrx_word' id='word_1_316' title='bbox 1438 2473 1567 2513; x_wconf 84' lang='lat' dir='ltr'><strong>multa</strong></span> 
     </span>
     <span class='ocr_line' id='line_1_39' title="bbox 169 2533 1565 2592; baseline -0.003 -15"><span class='ocrx_word' id='word_1_317' title='bbox 169 2548 186 2577; x_wconf 85' lang='grc'>6</span> <span class='ocrx_word' id='word_1_318' title='bbox 213 2535 324 2575; x_wconf 85' lang='lat' dir='ltr'><strong>milia</strong></span> <span class='ocrx_word' id='word_1_319' title='bbox 349 2547 487 2590; x_wconf 80' lang='lat' dir='ltr'><strong>capta3</strong></span> <span class='ocrx_word' id='word_1_320' title='bbox 527 2553 647 2578; x_wconf 86' lang='lat' dir='ltr'><strong>senes</strong></span> <span class='ocrx_word' id='word_1_321' title='bbox 679 2552 914 2592; x_wconf 87' lang='lat' dir='ltr'><strong>puerosque</strong></span> <span class='ocrx_word' id='word_1_322' title='bbox 940 2538 1042 2578; x_wconf 77' lang='lat' dir='ltr'><strong>Bois</strong></span> <span class='ocrx_word' id='word_1_323' title='bbox 1076 2551 1307 2591; x_wconf 87' lang='lat' dir='ltr'><strong>superesse.</strong></span> <span class='ocrx_word' id='word_1_324' title='bbox 1356 2535 1493 2587; x_wconf 86' lang='lat' dir='ltr'><strong>itaque</strong></span> <span class='ocrx_word' id='word_1_325' title='bbox 1523 2533 1565 2574; x_wconf 89' lang='lat' dir='ltr'><strong>id</strong></span> 
     </span>
     <span class='ocr_line' id='line_1_40' title="bbox 217 2596 1562 2652; baseline -0.001 -17"><span class='ocrx_word' id='word_1_326' title='bbox 217 2611 462 2649; x_wconf 84' lang='lat' dir='ltr'><strong>quemquam</strong></span> <span class='ocrx_word' id='word_1_327' title='bbox 483 2599 620 2638; x_wconf 85' lang='lat' dir='ltr'><strong>mirari</strong></span> <span class='ocrx_word' id='word_1_328' title='bbox 641 2614 778 2652; x_wconf 87' lang='lat' dir='ltr'><strong>posse,</strong></span> <span class='ocrx_word' id='word_1_329' title='bbox 805 2614 877 2639; x_wconf 89' lang='lat' dir='ltr'><strong>cur</strong></span> <span class='ocrx_word' id='word_1_330' title='bbox 898 2599 1026 2639; x_wconf 78' lang='lat' dir='ltr'><strong>vietor</strong></span> <span class='ocrx_word' id='word_1_331' title='bbox 1046 2598 1263 2646; x_wconf 75' lang='lat' dir='ltr'><strong>exercitus,</strong></span> <span class='ocrx_word' id='word_1_332' title='bbox 1291 2611 1384 2636; x_wconf 88' lang='lat' dir='ltr'><strong>cum</strong></span> <span class='ocrx_word' id='word_1_333' title='bbox 1403 2596 1562 2636; x_wconf 86' lang='lat' dir='ltr'><strong>hostem</strong></span> 
     </span>
    </p>
   </div>
  </div>
 </body>
</html>
