1799 2900
474 114 626 149 LIBER
651 115 878 161 XXXVIII,
903 116 934 151 2.
955 116 986 150 3.
1015 118 1062 159 [a.
1079 116 1118 152 C.
1134 116 1214 160 189]
1448 107 1529 148 317

175 221 355 273 undique
393 227 702 260 concurrerunt.
762 219 1020 261 Macedones
1053 235 1200 275 parum
1230 219 1320 261 loco
1352 218 1446 261 freti
1478 220 1528 260 ab
1558 231 1598 261 13

173 281 355 337 Ethopia
373 281 416 321 in
431 281 619 321 altiorem
635 281 995 336 deruptioremque
1010 282 1192 335 undique
1209 282 1413 323 tumulum
1433 295 1532 321 con-

174 358 336 385 cessere
345 360 355 392 3
383 357 463 396 quo
489 342 676 396 pluribus
704 358 755 383 ex
779 343 880 384 locis
908 344 1020 384 aditu
1044 345 1213 385 invento
1239 344 1435 399 expulere
1461 358 1531 384 eos

174 406 448 453 Athamanes,
476 405 770 459 dispersosque
792 413 832 446 et
856 421 930 460 per
949 406 1060 446 invia
1080 413 1201 459 atque
1221 406 1385 460 ignotas
1407 420 1531 460 rupes
1560 418 1599 448 14

173 469 250 510 iter
275 469 399 522 fugae
431 482 513 508 non
536 467 795 521 expedientis
822 468 971 522 partim
998 474 1207 522 ceperunt,
1233 468 1384 522 partim
1409 467 1535 507 inter-

175 531 374 575 fecerunt.
436 529 554 569 multi
580 544 735 584 pavore
767 530 807 568 in
835 530 1008 584 derupta
1033 530 1310 584 praecipitati,
1337 527 1535 584 perpauci

174 607 268 633 cum
298 592 480 632 Xenone
513 591 565 631 ad
596 606 738 645 regem
772 602 1006 633 evaserunt.
1065 599 1213 647 postea
1247 607 1321 647 per
1351 591 1532 631 indutias

175 655 404 710 sepeliendi
430 668 574 694 caesos
601 662 785 707 potestas
813 654 925 694 facta
950 662 1024 694 est.

259 717 340 758 HI.
390 716 664 769 Amynander
688 723 929 770 recuperato
955 731 1084 770 regno
1109 716 1270 769 legatos
1297 723 1335 756 et
1355 716 1533 757 Romam
1563 730 1576 756 1

176 780 228 820 ad
254 786 443 819 senatum
469 786 509 818 et
534 778 587 817 ad
613 776 830 832 Scipiones
863 777 905 817 in
929 778 1097 827 Asiam,
1133 777 1295 832 Ephesi
1324 785 1420 832 post
1450 792 1536 817 ma-

175 856 304 896 gnum
337 855 430 880 cum
460 839 672 880 Antiocho
704 840 905 895 proelium
936 848 1166 889 morantes,
1204 841 1329 882 misit.
1388 854 1534 895 pacem
1561 852 1578 881 2

176 903 343 957 petebat
369 902 676 954 excusabatque
703 916 808 950 sese,
836 902 946 954 quod
965 917 1039 956 per
1052 902 1228 943 Aetolos
1248 910 1537 956 recuperasset

176 972 394 1020 paternum
418 978 607 1018 regnum,
633 963 877 1017 Philippum
902 963 1131 1004 incusabat.
1170 963 1311 1004 Aetoli
1338 979 1388 1004 ex
1402 963 1537 1003 Atha-
1562 977 1580 1005 3

177 1027 313 1066 mania
338 1026 378 1065 in
400 1024 703 1079 Amphilochos
729 1024 905 1079 profecti
932 1032 1027 1065 sunt
1052 1032 1092 1065 et
1116 1025 1284 1066 maioris
1310 1025 1439 1080 partis
1467 1040 1538 1066 vo·-

175 1089 332 1129 luntate
369 1088 411 1127 in
452 1088 515 1127 ius
560 1086 846 1139 dicionemque
890 1094 1019 1127 totam
1060 1087 1311 1141 redegerunt
1354 1094 1535 1141 gentem.

176 1149 472 1204 Amphilochia
495 1155 662 1202 recepta
686 1173 742 1177 ——
766 1164 862 1188 nam
888 1149 1024 1189 fuerat
1055 1149 1264 1202 quondam
1289 1149 1537 1190 Aetolorum
1562 1163 1582 1191 4

175 1236 231 1241 μ-
255 1211 400 1252 eadem
426 1225 500 1265 spe
526 1211 566 1250 in
592 1210 866 1265 Aperantiam
899 1212 1262 1260 transcenderunt,
1302 1226 1350 1251 ea
1375 1225 1538 1264 quoque

177 1288 328 1328 magna
354 1288 405 1313 ex
429 1280 545 1327 parte
573 1272 660 1312 sine
687 1273 909 1313 certamine
934 1273 976 1313 in
1002 1273 1253 1313 deditionem
1280 1273 1403 1314 venit.
1450 1273 1540 1314 Do-
1565 1286 1584 1314 5

176 1336 291 1390 lopes
329 1349 557 1387 numquam
587 1334 835 1375 Aetolorum
866 1335 1048 1383 fuerant,
1086 1335 1271 1390 Philippi
1301 1342 1432 1376 erant.
1498 1335 1540 1375 hi

176 1397 308 1453 primo
334 1397 386 1437 ad
412 1412 526 1437 arma
551 1404 863 1446 concurrerunt,
904 1405 1084 1437 ceterum
1114 1405 1336 1453 postquam
1361 1396 1541 1451 Amphi-

177 1460 318 1501 lochos
347 1474 439 1499 cum
454 1459 616 1499 Aetolis
643 1474 736 1499 esse
762 1460 988 1514 fugamque
1014 1475 1066 1500 ex
1086 1459 1539 1514 AthamaniaPhilippi

179 1529 219 1562 et
244 1522 414 1562 caedem
439 1520 634 1575 praesidii
661 1521 748 1561 eius
775 1536 992 1576 accepere,
1031 1528 1071 1561 et
1101 1521 1181 1576 ipsi
1213 1537 1236 1561 a
1260 1521 1457 1576 Philippo
1489 1521 1540 1561 ad

178 1585 353 1625 Aetolos
381 1583 588 1624 deficiunt.
651 1583 798 1636 quibus
832 1584 1103 1624 circumiectis
1138 1584 1331 1638 gentibus
1357 1583 1440 1623 iam
1465 1598 1540 1622 un—
1567 1593 1585 1623 6

180 1648 301 1700 dique
335 1662 379 1687 se
413 1662 436 1687 a
465 1646 769 1687 Macedonibus
810 1653 920 1687 tutos
953 1646 1216 1687 credentibus
1254 1660 1346 1686 esse
1376 1644 1541 1686 Aetolis

179 1710 291 1750 fama
317 1709 521 1757 adfertur,
559 1708 817 1748 Antiochum
848 1708 891 1748 in
916 1709 1022 1749 Asia
1054 1708 1207 1749 victum
1239 1709 1290 1749 ab
1324 1707 1540 1748 Romanis.

179 1786 256 1812 nec
280 1771 337 1811 ita
361 1770 490 1811 multo
516 1778 611 1824 post
634 1770 761 1824 legati
792 1770 843 1810 ab
868 1771 1004 1811 Roma
1028 1770 1187 1810 rediere
1214 1770 1301 1811 sine
1328 1784 1401 1824 spe
1426 1769 1540 1823 pacis

178 1834 455 1886 Fulviumque
482 1833 695 1873 consulem
721 1832 959 1873 nuntiantes
987 1847 1080 1873 cum
1106 1833 1288 1873 exercitu
1314 1832 1394 1872 iam
1422 1831 1543 1871 traie-

181 1896 300 1936 cisse.
349 1895 412 1936 his
441 1894 586 1943 territi,
613 1894 726 1948 prius
753 1895 805 1935 ab
826 1894 977 1935 Rhodo
1004 1902 1045 1934 et
1057 1894 1237 1935 Athenis
1263 1893 1540 1948 legationibus
1568 1905 1584 1933 7

180 1958 339 2007 excitis,
365 1965 410 1998 ut
434 1972 508 2012 per
533 1956 822 1997 auctoritatem
850 1971 992 1997 earum
1018 1956 1245 1997 civitatium
1274 1970 1371 1996 suae
1397 1969 1541 2010 preces

180 2035 312 2074 nuper
336 2019 575 2074 repudiatae
602 2018 829 2059 faciliorem
854 2019 1011 2059 aditum
1039 2018 1091 2059 ad
1117 2027 1307 2059 senatum
1328 2017 1541 2066 haberent,

181 2081 387 2135 principes
420 2081 555 2135 gentis
589 2081 640 2121 ad
672 2082 957 2135 temptandam
988 2096 1107 2135 spem
1142 2080 1332 2121 ultimam
1363 2080 1542 2120 Romam

183 2142 400 2191 miserunt,
427 2142 546 2191 nihil,
573 2157 623 2182 ne
649 2143 803 2182 bellum
829 2143 1049 2191 haberent,
1075 2142 1317 2198 priusquam
1343 2155 1474 2196 paene
1500 2140 1542 2180 in
1568 2154 1587 2185 8

184 2212 409 2259 conspectu
451 2205 581 2245 hostis
620 2212 725 2254 erat,
774 2205 1074 2259 praemeditati.
1147 2205 1229 2245 iam
1265 2204 1327 2244 M.
1367 2203 1542 2245 Fulvius
1568 2217 1586 2246 9

184 2266 452 2320 Apolloniam
477 2266 660 2307 exercitu
686 2267 855 2308 traiecto
881 2282 973 2307 cum
993 2267 1262 2321 Epirotarum
1287 2265 1542 2321 principibus

185 2328 464 2376 consultabat,
491 2328 600 2368 unde
626 2328 782 2369 bellum
808 2329 1020 2383 inciperet.
1069 2329 1253 2383 Epirotis
1274 2327 1544 2368 Ambraciam

184 2390 375 2444 placebat
401 2390 592 2445 adgredi,
619 2405 724 2443 quae
751 2399 838 2431 tum
865 2391 1143 2431 contribuerat
1170 2406 1214 2431 se
1239 2390 1423 2431 Aetolis:
1457 2390 1543 2430 sive
1572 2403 1612 2434 10

186 2452 238 2492 ad
270 2453 465 2492 tuendam
498 2468 589 2493 eam
622 2452 810 2493 venirent
840 2453 1001 2502 Aetoli,
1039 2460 1202 2507 apertos
1236 2453 1343 2493 circa
1374 2466 1543 2507 campos

186 2514 238 2555 ad
262 2514 541 2555 dimicandum
573 2530 684 2563 esse,
723 2515 809 2556 sive
842 2516 1118 2556 detractarent
1148 2523 1374 2563 certamen,
1413 2515 1543 2569 obpu-

184 2577 423 2632 gnationem
456 2577 544 2618 fore
577 2577 687 2619 haud
719 2577 947 2627 difficilem3
986 2593 1081 2618 nam
1113 2584 1153 2618 et
1184 2577 1345 2632 copiam
1375 2577 1416 2617 in
1448 2592 1543 2631 pro·
1569 2590 1606 2620 1]
