1799 2900
253 123 335 164 424
560 128 712 163 LIBER
737 129 903 173 XXXX,
932 130 960 164 1.
981 130 1011 164 2.
1040 131 1089 176 [a.
1104 142 1139 166 u.
1157 142 1187 166 c.
1201 128 1284 172 572]

737 535 907 588 TITI
939 536 1117 589 LIVI

581 642 661 681 AB
714 643 893 681 VRBE
949 643 1268 683 CONDITA

735 766 903 803 LIBER
933 765 1113 804 XXXX.

209 869 223 897 1
335 854 370 895 I.
419 852 630 908 Principio
661 852 916 907 insequentis
949 853 1043 894 anni
1076 853 1267 895 consules
1305 861 1598 909 praetoresque

250 915 382 957 sortiti
408 915 641 970 provincias
669 922 775 955 sunt.
837 915 1074 956 consulibus
1100 915 1213 955 nulla
1236 924 1399 970 praeter
1418 916 1598 971 Ligures

248 993 353 1031 quae
379 978 669 1019 decerneretur
695 986 795 1018 erat.
844 977 1073 1017 iurisdictio
1099 978 1255 1018 urbana
1284 976 1384 1032 [M]
1413 978 1598 1032 Ogulnio

204 1052 222 1081 2
250 1040 393 1089 Gallo,
424 1040 530 1080 inter
560 1040 801 1094 peregrinos
827 1039 889 1079 M.
916 1039 1084 1081 Valerio
1111 1039 1266 1088 evenit,
1299 1041 1600 1095 Hispaniarum

248 1102 301 1153 Q.
326 1102 475 1142 Fulvio
500 1101 652 1142 Flacco
679 1100 852 1149 citerior,
878 1101 928 1141 P.
950 1100 1110 1141 Manlio
1135 1101 1314 1150 ulterior,
1340 1101 1393 1142 L.
1415 1101 1597 1144 Caecilio

246 1163 398 1204 Dentri
425 1161 580 1211 Sicilia,
608 1162 657 1204 C.
685 1163 881 1203 Terentio
908 1163 1040 1203 Istrae
1068 1161 1272 1203 Sardinia.
1327 1163 1499 1205 dilectus
1526 1164 1599 1205 ha-

205 1238 223 1267 3
251 1226 347 1266 bere
374 1225 565 1265 consules
591 1224 706 1265 iussi.
768 1224 820 1275 Q.
846 1224 1003 1265 Fabius
1030 1239 1081 1264 ex
1106 1224 1334 1278 Liguribus
1363 1226 1596 1280 scripserat,

247 1288 451 1341 Apuanos
479 1287 530 1326 ad
555 1286 822 1326 rebellionem
849 1293 1034 1339 spectare
1066 1285 1375 1340 periculumque
1402 1301 1513 1335 esse,
1545 1303 1596 1328 ne

202 1359 221 1388 4
246 1348 432 1402 inpetum
457 1347 498 1387 in
524 1362 674 1401 agmen
697 1347 899 1387 Pisanum
925 1346 1119 1386 facerent.
1158 1354 1197 1386 et
1223 1361 1273 1386 ex
1300 1347 1515 1401 Hispaniis
1542 1348 1598 1388 ci—

246 1409 437 1450 teriorem
462 1408 503 1449 in
529 1408 652 1449 armis
679 1423 770 1448 esse
797 1416 836 1448 et
862 1422 955 1448 cum
982 1406 1202 1448 Celtiberis
1228 1408 1372 1448 bellari
1398 1409 1595 1459 sciebant,

245 1471 287 1511 in
312 1470 524 1519 ulteriore,
552 1470 647 1522 quia
672 1470 741 1510 diu
766 1485 891 1523 aeger
916 1477 1027 1510 esset
1052 1477 1234 1523 praetor,
1260 1469 1421 1511 luxuria
1447 1478 1485 1511 et
1512 1472 1594 1512 otio

199 1545 217 1574 5
246 1533 422 1573 solutam
449 1532 709 1586 disciplinam
734 1531 952 1571 militarem
978 1546 1084 1572 esse.
1134 1532 1186 1572 ob
1212 1546 1260 1571 ea
1285 1547 1415 1573 novos
1441 1534 1598 1574 exerci-

245 1604 311 1635 tus
344 1594 548 1635 conscribi
578 1594 750 1649 placuit,
788 1602 980 1647 quattuor
1010 1593 1196 1648 legiones
1227 1594 1270 1635 in
1299 1595 1500 1649 Ligures,
1537 1597 1596 1637 uti

245 1656 433 1710 singulae
467 1656 591 1709 quina
621 1656 734 1696 milia
766 1663 805 1696 et
831 1656 1012 1696 ducenos
1038 1655 1218 1710 pedites,
1251 1663 1437 1697 trecenos
1469 1657 1596 1699 habe-

243 1725 335 1758 rent
360 1718 540 1771 equites;
579 1717 784 1758 sociorum
816 1717 962 1757 iisdem
989 1717 1132 1757 Latini
1156 1718 1333 1758 nominis
1361 1718 1594 1771 quindecim

243 1779 356 1819 milia
381 1779 567 1834 peditum
592 1779 732 1820 addita
757 1786 795 1820 et
823 1779 1049 1833 octingenti
1075 1779 1252 1832 equites:
1279 1779 1321 1819 hi
1347 1780 1427 1820 duo
1447 1795 1596 1821 consu-

200 1852 217 1881 6
244 1841 350 1881 lares
383 1840 589 1881 exercitus
622 1847 775 1881 essent.
837 1840 1017 1881 scribere
1053 1848 1267 1895 praeterea
1301 1841 1404 1881 iussi
1437 1849 1595 1895 septem

242 1902 356 1943 milia
390 1902 573 1957 peditum
613 1901 819 1943 sociorum
851 1916 899 1942 ac
930 1902 1072 1942 Latini
1108 1901 1285 1942 nominis
1324 1909 1365 1943 et
1401 1903 1594 1954 quadrin-

242 1972 389 2018 gentos
427 1963 584 2017 equites
618 1970 658 2004 et
687 1963 849 2004 mittere
888 1964 940 2004 ad
963 1963 1025 2004 M.
1051 1963 1300 2003 Marcellum
1330 1963 1372 2003 in
1399 1963 1592 2013 Galliam,

200 2039 216 2066 7
244 2025 308 2066 cui
340 2040 390 2066 ex
422 2025 638 2066 consulatu
669 2032 936 2080 prorogatum
967 2024 1184 2079 imperium
1211 2032 1309 2065 erat.
1369 2024 1411 2080 in
1436 2025 1593 2079 Hispa-

242 2087 353 2127 niam
386 2094 602 2140 utramque
634 2101 738 2139 quae
773 2087 1020 2127 ducerentur
1045 2095 1235 2139 quattuor
1266 2086 1377 2127 milia
1407 2087 1591 2142 peditum

243 2148 394 2189 civium
424 2149 708 2189 Romanorum
740 2156 780 2189 et
811 2149 977 2189 ducenti
1014 2149 1171 2202 equites
1209 2156 1249 2188 et.
1287 2149 1491 2189 sociorum
1528 2165 1592 2190 se-

241 2218 353 2263 ptem
378 2209 491 2250 milia
521 2209 705 2264 peditum
739 2225 831 2250 eum
858 2210 1052 2251 trecentis
1079 2210 1284 2263 equitibus
1311 2210 1433 2251 scribi
1465 2211 1590 2252 iussa.

196 2284 215 2313 8
242 2280 281 2311 etv
313 2271 366 2323 Q.
390 2271 523 2312 Fabio
556 2271 746 2312 Labeoni
783 2286 875 2311 cum
914 2271 1116 2321 exercitu,
1156 2286 1277 2324 quem
1316 2272 1514 2323 habebat,
1550 2273 1592 2313 in

241 2333 469 2387 Liguribus
495 2341 763 2388 prorogatum
789 2334 830 2373 in
857 2349 1010 2374 annum
1035 2334 1254 2389 imperium
1281 2342 1354 2375 est.

199 2408 213 2435 1
324 2395 382 2435 II.
430 2396 517 2437 Ver
553 2395 829 2449 procellosum
867 2411 915 2436 eo
952 2411 1059 2436 anno
1096 2395 1185 2436 fuit.
1256 2396 1386 2450 pridie
1423 2396 1589 2443 Parilia,

241 2455 375 2495 medio
396 2456 524 2496 ferme
547 2456 624 2505 dic,
651 2464 769 2497 atrox
791 2471 884 2497 cum
903 2464 1025 2497 vento
1049 2464 1272 2511 tempestas
1294 2465 1432 2498 coorta
1451 2457 1589 2498 multis

243 2516 369 2555 sacris
406 2518 673 2570 profanisque
710 2518 811 2558 locis
850 2527 1030 2573 stragem
1068 2519 1185 2567 fecit,
1230 2519 1349 2573 signa
1385 2534 1513 2560 aenea
1547 2518 1588 2558 in

197 2589 215 2618 2
244 2574 449 2631 Capitolio
476 2578 636 2628 deiecit,
663 2579 794 2619 forem
820 2595 870 2620 cx
897 2580 998 2621 aede
1018 2580 1167 2620 Lunae
1194 2595 1296 2634 quae
1323 2580 1364 2620 in
1378 2579 1587 2620 Aventino
