1799 2900
180 447 219 477 u

200 819 218 848 10

203 1500 221 1528 5

203 1684 220 1714 6

205 1809 220 1836 7

208 1996 221 2023 1

246 137 328 179 288
511 145 663 179 LIBER
687 145 893 191 xxxvn,
919 147 1063 181 32-34.
1093 150 1188 191 [ω.
1206 160 1235 183 e.
1252 148 1334 192 564]
1385 199 1387 201 „

247 248 647 305 potentioraherann
684 249 956 303 praeconibus
992 266 1065 306 per
1096 253 1240 293 urbem
1272 252 1411 293 missis
1448 253 1599 294 liberos

245 326 388 352 onmes
413 310 456 350 111
480 310 615 351 forum
641 311 692 350 ad
718 326 761 351 se
788 313 1007 353 convenire
1032 314 1162 363 iubet,
1188 330 1239 355 ne
1265 315 1534 364 violarentur,
1561 322 1602 355 et

244 373 286 413 in
311 372 521 421 omnibus,
549 387 653 425 quae
680 373 810 427 ipsius
836 375 1053 429 potestatis
1080 376 1263 425 suerunt,
1289 377 1392 418 fides
1419 377 1600 418 constitit

244 434 459 488 praetoris
521 435 666 475 urbem
691 449 894 489 agrosque
921 445 960 477 et
987 453 1082 478 suas
1113 438 1227 493 leges
1253 439 1301 479 iis
1327 439 1523 488 restituit,
1562 446 1602 479 et

245 495 340 548 quia
365 494 497 535 hiems
524 495 605 535 iam
632 496 867 551 adpetebat,
891 498 1110 540 Phocaeae
1136 511 1278 554 portus
1305 501 1358 540 ad
1383 501 1601 541 hibernan-

245 557 343 596 dum
369 557 494 596 classi
519 557 684 612 delegit.

329 618 559 660 XXXIII.
604 619 688 660 Per
713 619 823 661 idem
845 620 931 662 fere
951 629 1115 676 tempus
1136 623 1312 671 consuli,
1340 632 1601 678 transgresso

243 680 474 721 Aeniorum
490 681 876 735 Marotinarumque
900 684 1007 733 finis,
1034 684 1244 724 nuntiatur
1269 684 1420 725 11611111]
1444 684 1601 738 regiam

245 742 423 783 classem
449 743 501 783 ad
524 743 809 797 illyonnesum
833 745 1100 798 relictamque
1126 761 1150 786 a
1174 747 1380 800 praesidio
1407 746 1602 800 Lysima-

245 804 380 845 chiam
405 820 511 846 esse.
560 806 603 845 id
627 806 756 847 multo
783 800 907 860 quam
927 808 977 848 de
997 807 1135 848 navali
1155 808 1326 849 victoria
1345 808 1491 848 laetius
1511 808 1601 857 fuit,

243 867 385 919 utique
422 876 644 922 postquam
681 883 729 909 eo
765 877 985 918 venerunt,
1023 870 1258 922 refertaque
1288 871 1386 910 urbs
1420 869 1603 911 omnium

243 943 381 969 rerum
407 930 706 970 commeatibus
734 931 846 971 velut
876 932 919 972 in
951 932 1175 972 adventum
1201 931 1405 972 exercitus
1431 947 1604 986 praepa—

243 991 342 1031 ratis
370 1006 440 1031 eos
467 991 647 1046 excepit,
674 993 746 1032 ubi
773 991 889 1047 [sibi]
918 993 1101 1048 inopiam
1126 993 1311 1034 ultimam
1337 994 1603 1046 laboremque

245 1053 287 1092 111
312 1053 542 1094 obsidenda
566 1055 667 1094 urbe
692 1064 1008 1109 proposuerant.
1069 1055 1126 1096 ibi
1157 1070 1312 1110 paucos
1339 1056 1426 1097 dies
1454 1055 1604 1096 stativa

245 1114 445 1164 habuere,
494 1115 776 1170 inpedimenta
811 1117 1007 1172 aegrique
1043 1126 1088 1158 ut
1123 1126 1490 1170 consequerentur,
1535 1117 1604 1170 qui

244 1177 401 1230 passim
426 1192 499 1231 per
525 1178 663 1218 omnia
688 1178 891 1219 Thraciae
918 1179 1106 1228 castella,
1134 1179 1235 1220 fessi
1260 1179 1415 1219 morbis
1441 1193 1489 1220 ac
1514 1179 1604 1219 1011-

246 1237 431 1292 gitudine
468 1238 577 1287 11116,
621 1239 751 1279 relicti
789 1248 917 1280 eraut.
982 1241 1159 1294 receptis
1198 1241 1388 1281 omnibus
1425 1240 1604 1295 ingressi

245 1314 387 1340 rursus
425 1300 501 1340 iter
536 1316 610 1356 per
644 1300 955 1342 Chersonesum
985 1302 1309 1356 Hellespontum
1344 1302 1602 1356 perveniunt.

246 1362 318 1402 ubi
343 1361 532 1402 omnibus
561 1377 658 1403 cura
682 1363 793 1417 regis
818 1364 1020 1404 Eumenis
1052 1364 1104 1404 ad
1136 1364 1405 1404 traiciendum
1431 1379 1604 1419 praepa—

246 1423 345 1463 ratis
379 1423 490 1463 velut
520 1423 562 1463 in
592 1434 740 1478 pacata
768 1425 924 1473 littora,
962 1425 1075 1466 nullo
1106 1425 1369 1480 prohibente,
1409 1425 1497 1466 aliis
1525 1425 1604 1466 alio

248 1484 394 1525 delatis
421 1485 597 1526 navibus
631 1486 719 1526 sine
751 1486 929 1526 tumultu
960 1487 1171 1527 traiecere.
1233 1502 1279 1528 ea
1306 1502 1403 1528 vero
1428 1502 1494 1528 res
1518 1487 1605 1528 Ro-

246 1545 378 1586 manis
405 1546 519 1586 auxit
544 1546 721 1596 animos,
761 1562 1005 1588 concessum
1038 1548 1115 1588 sibi
1141 1548 1315 1589 transire
1342 1549 1604 1590 cernentibus

249 1608 371 1660 (tum)
409 1608 451 1647 111
486 1608 654 1657 Asiam,
692 1624 817 1662 quam
851 1624 939 1649 rem
975 1609 1116 1664 magni
1153 1610 1387 1651 certaminis
1425 1610 1606 1651 futuram

248 1669 518 1710 crediderant.
579 1670 730 1711 stativa
755 1671 904 1712 deinde
930 1672 982 1711 ad
1007 1672 1329 1726 Hellespontum
1355 1671 1606 1725 aliquamdiu

248 1730 499 1781 habuerunt,
537 1732 634 1785 quia
665 1733 752 1774 dies
785 1733 891 1774 forte
917 1734 1066 1786 quibus
1092 1734 1241 1774 ancilia
1271 1742 1490 1774 moventur
1513 1734 1607 1774 reli-

247 1794 354 1848 giosi
380 1795 432 1834 ad
456 1795 532 1835 iter
557 1795 798 1836 inciderant.
847 1796 958 1837 idem
983 1797 1069 1837 dies
1084 1797 1134 1837 P.
1153 1795 1391 1851 Scipionem
1415 1796 1606 1852 propiore

249 1855 372 1896 etiam
402 1856 620 1911 religione,
659 1858 756 1911 quia
782 1858 920 1899 Salius
953 1867 1058 1907 erat,
1097 1858 1382 1899 disiunxeraut
1412 1859 1464 1899 ab
1490 1873 1607 1899 exer-

249 1918 350 1966 citu,
377 1932 584 1972 causaque
610 1928 649 1961 et
674 1920 709 1960 is
735 1920 824 1975 ipse
850 1935 990 1961 morae
1015 1928 1120 1968 erat,
1148 1921 1245 1960 dum
1271 1929 1604 1972 consequeretur.

333 1980 585 2022 XXXHH.
622 1983 706 2023 Per
732 1998 802 2023 eos
828 1984 935 2023 forte
961 1983 1048 2024 dies
1074 1983 1236 2037 legatus
1263 1982 1314 2022 ab
1329 1981 1540 2022 Antiocho
1564 1982 1607 2022 in

249 2051 384 2084 eastra
420 2053 589 2085 venerat
618 2046 849 2098 Byzantius
884 2046 1149 2094 Heraclides,
1188 2045 1238 2085 de
1274 2058 1376 2099 pace
1413 2044 1605 2084 adferens

206 2118 223 2147 ‘2
252 2105 463 2155 mandata3
497 2121 621 2159 quam
650 2107 950 2162 impetrabilem
977 2108 1065 2148 fore
1096 2122 1292 2161 magnam
1323 2106 1359 2147 ei
1386 2121 1503 2160 spem
1536 2106 1607 2146 ad-

250 2166 340 2206 tulit
365 2182 481 2208 mora
506 2176 546 2208 et
577 2168 781 2209 cunctatio
806 2169 1109 2218 Romanorum,
1148 2183 1271 2221 quos,
1312 2167 1434 2207 simul
1458 2167 1607 2207 Asiam

251 2228 515 2282 adfigissent,
565 2230 698 2270 effuso
736 2230 901 2284 agmine
938 2230 991 2270 ad
1027 2237 1162 2270 castra
1198 2229 1313 2283 regia
1355 2229 1484 2269 ituros
1521 2242 1608 2269 cre—

207 2304 225 2333 3
252 2290 423 2331 diderat.
485 2293 628 2332 statuit
664 2301 802 2333 tamen
838 2308 921 2333 non
951 2292 1064 2346 prius
1097 2291 1309 2333 consulem
1341 2291 1452 2331 adire
1483 2305 1606 2344 quam

249 2350 299 2392 P.
316 2350 574 2406 Scipionem,
601 2362 641 2394 et
665 2353 721 2394 ita
748 2354 990 2394 mandatum
1015 2369 1038 2394 a
1062 2368 1160 2407 rege
1187 2361 1286 2393 erat.
1335 2352 1377 2392 in
1404 2367 1451 2393 eo
1478 2351 1607 2392 maxi-

250 2427 362 2453 mam
381 2429 497 2468 spem
517 2415 708 2464 habebat,
723 2426 1011 2470 praeterquam
1031 2415 1140 2468 quod
1160 2424 1199 2455 et
1220 2414 1461 2468 magnitudo
1482 2412 1606 2454 animi

208 2489 227 2517 -1
253 2482 290 2514 et
319 2476 485 2517 satietas
512 2478 667 2531 gloriae
692 2478 938 2532 placabilem
970 2493 1064 2518 eum
1094 2477 1274 2517 maxime
1299 2477 1494 2525 faciebat,
1532 2489 1606 2514 no-

252 2542 419 2587 tumque
452 2548 540 2578 erat
570 2539 784 2593 gentibus,
824 2540 892 2592 qui
925 2540 1055 2580 victor
1091 2539 1158 2579 ille
1194 2539 1236 2579 in
1267 2538 1491 2592 Hispania,
1536 2535 1605 2588 qui

253 2596 399 2637 deinde
425 2599 466 2639 in
492 2600 638 2641 Africa
663 2601 828 2651 fuisset,
861 2601 986 2642 etiam
1010 2601 1122 2654 quod
1146 2600 1253 2640 filius
1280 2599 1367 2639 eius
1394 2605 1536 2652 captus
1562 2596 1604 2637 in
