1799 2900
280 129 360 171 112
562 133 717 169 LIBER
742 133 929 178 XXXIII,
956 133 1009 168 35.
1024 133 1078 169 36.
1106 134 1155 179 [a.
1169 145 1206 168 u.
1225 145 1255 169 e.
1269 134 1352 178 558]

278 248 319 281 et
371 247 605 294 temporum
653 236 954 292 oportunitates
1003 244 1195 292 captasse
1244 237 1296 278 ad
1349 236 1632 279 rebellandum

234 318 250 346 7
279 302 407 343 videri
438 307 594 355 posset.
655 299 708 339 ad
733 299 893 354 Tempe
919 298 1166 340 Thessalica
1189 299 1411 355 Philippus
1442 307 1505 340 est
1537 314 1634 341 con-

233 377 252 405 8
279 372 440 403 ventus.
502 361 572 414 qui
598 375 692 401 eum
719 376 762 401 se
788 360 1013 401 missurum
1039 361 1248 421 exJenililo
1274 361 1436 416 legatos
1462 376 1635 416 respon-

278 426 426 472 disset,
472 422 692 464 Cornelius
730 422 1053 476 Thermopylas,
1102 423 1173 463 ubi
1215 424 1409 475 frequens
1457 422 1636 464 Graecia

279 486 396 526 statis
423 485 568 525 diebus
601 499 694 525 esse
728 484 832 524 solet
856 509 912 512 —
935 484 1138 538 Pylaicon
1163 493 1391 525 conventus
1424 484 1635 540 appellant

233 563 250 591 9
278 573 350 597 —‚
382 547 513 596 venit3
547 546 722 587 Aetolos
748 546 970 600 praecipue
995 546 1173 595 monuit,
1207 554 1445 587 constanter
1470 555 1511 587 et
1534 546 1636 586 fide-

214 625 252 653 10
276 610 368 650 liter
393 609 435 649 in
460 608 641 649 amicitia
666 608 809 663 populi
832 607 1012 648 Romani
1038 618 1339 663 permanerent.
1389 608 1636 650 Aetolorum

277 672 485 727 principes
524 671 593 712 alii
628 671 775 711 leniter
812 670 947 723 questi
985 679 1098 719 sunt,
1138 671 1248 723 quod
1277 685 1361 710 non
1390 670 1501 711 idem
1538 685 1638 724 erga

279 749 397 775 suam
428 741 597 787 gentem
627 732 914 773 Romanorum
947 731 1108 771 animus
1141 739 1252 772 esset
1283 738 1377 786 post
1408 732 1637 780 victoriam,

214 812 250 841 11
278 796 347 849 qui
373 795 414 835 in
435 795 543 836 bello
564 794 731 843 fuisset,
759 793 826 834 alii
852 792 1031 834 ferocius
1057 793 1299 833 incusarunt
1318 794 1638 847 exprobrarunt-

278 872 371 911 que,
391 872 474 897 non
493 857 617 897 modo
638 856 747 896 vinci
772 855 860 896 sine
875 855 1038 896 Aetolis
1053 855 1309 909 Philippum,
1336 855 1410 895 sed
1431 869 1483 895 ne
1505 862 1639 896 trans-

215 936 252 965 12
280 921 337 960 ire
363 919 530 972 quidem
556 918 599 958 in
625 917 847 959 Graeciam
871 917 1086 958 Romanos
1113 917 1313 972 potuisse.
1364 917 1564 958 adversus
1591 932 1640 958 ea

279 981 545 1035 respondere,
571 995 623 1021 ne
644 980 686 1020 in
706 980 1018 1021 altercationem
1038 988 1243 1020 cresceret
1266 994 1348 1028 reS,
1375 994 1470 1020 eum
1496 994 1640 1034 supcr-

281 1044 459 1085 sedisset
483 1044 714 1091 Romanus,
742 1043 881 1083 onmia
906 1057 976 1083 eos
1004 1057 1136 1095 aequa
1160 1042 1466 1097 impetraturos,
1494 1042 1528 1083 si
1553 1042 1640 1083 Ro-

280 1121 392 1146 mam
416 1106 649 1153 misissent,
682 1105 798 1145 dixit.
858 1105 997 1157 itaque
1024 1119 1076 1145 ex
1101 1104 1344 1145 auctoritate
1371 1104 1458 1145 eius
1486 1104 1640 1145 decreti

280 1168 407 1223 legati
433 1177 541 1208 sunt.
602 1168 711 1208 hunc
736 1168 860 1208 finem
886 1167 1039 1207 bellum
1066 1181 1159 1207 cum
1183 1167 1381 1222 Philippo
1408 1167 1564 1208 habuit.

239 1246 252 1274 1
367 1229 592 1272 XXXVI.
643 1228 753 1270 Cum
790 1229 893 1269 haec
935 1229 977 1269 in
1015 1228 1195 1269 Graecia
1228 1229 1563 1282 Macedoniaque
1600 1237 1641 1270 et

282 1292 387 1333 Asia
413 1300 666 1346 gererentur,
693 1291 905 1331 Etruriam
930 1291 1126 1331 infestam
1151 1306 1280 1345 prope
1301 1291 1527 1332 coniuratio
1554 1306 1640 1332 ser—

237 1368 255 1397 2
282 1369 428 1395 vorum
459 1354 569 1394 fecit.
632 1354 683 1394 ad
709 1353 989 1406 quaerendam
1016 1353 1413 1407 obprimendamque
1445 1368 1537 1393 eam
1562 1354 1639 1394 Μ’.

280 1416 443 1456 Acilius
483 1415 655 1457 Glabrio
692 1425 876 1470 praetor,
926 1416 992 1455 cui
1028 1415 1134 1455 inter
1170 1415 1271 1455 civis
1313 1415 1640 1470 peregrinosque

281 1477 507 1518 iurisdictio
534 1477 758 1531 obtigerat,
797 1491 890 1517 eum
916 1492 999 1517 una
1024 1492 1075 1517 ex
1101 1477 1261 1517 duabus
1293 1477 1456 1531 legione
1482 1478 1641 1518 urbana

237 1555 255 1584 3
283 1548 346 1581 est
378 1540 550 1588 missus,
589 1539 689 1579 alios
721 1540 804 1579 iam
836 1546 1112 1593 congregatos
1144 1539 1371 1593 pugnando
1404 1539 1503 1579 vicit
1525 1564 1558 1567 —
1589 1554 1641 1580 ex

282 1602 345 1642 his
372 1601 490 1642 multi
516 1601 660 1651 occisi,
692 1601 811 1641 multi
837 1601 946 1655 capti
971 1625 1021 1649 —‚
1055 1600 1156 1641 alios
1183 1601 1422 1641 verberatos
1449 1601 1641 1642 crucibus

283 1664 445 1713 adfixit,
473 1664 543 1717 qui
568 1664 776 1719 principes
804 1662 1098 1705 coniurationis
1126 1664 1307 1714 fuerant,
1335 1663 1436 1705 alios
1464 1663 1641 1705 dominis

282 1725 473 1767 restituit.

237 1801 256 1830 4
370 1787 576 1829 Consules
597 1787 638 1828 in
659 1787 894 1843 provincias
914 1788 1089 1843 profecti
1110 1795 1218 1829 sunt.
1251 1788 1501 1829 Marcellum
1514 1789 1642 1831 Boio-

283 1866 374 1891 rum
405 1850 642 1904 ingressum
667 1850 779 1900 finis,
818 1851 992 1905 fatigato
1023 1865 1097 1905 per
1123 1851 1233 1891 diem
1264 1858 1395 1892 totum
1420 1851 1550 1892 milite
1575 1851 1643 1892 via

284 1912 475 1953 facienda
506 1919 643 1953 castra
672 1912 779 1953 inter
809 1913 992 1953 tumulos
1024 1913 1226 1965 quosdam
1259 1921 1484 1967 ponentem
1511 1911 1642 1953 Coro-

283 1973 415 2014 lamus
449 1974 617 2027 quidam
648 1974 817 2027 regulus
842 1974 1043 2015 Boiorum
1069 1988 1162 2013 cum
1194 1989 1348 2028 magna
1373 1989 1498 2014 manu
1523 1975 1643 2015 ador-

240 2051 258 2079 5
284 2043 350 2077 tus
377 2036 430 2076 ad
454 2036 531 2076 tria
550 2036 664 2076 milia
688 2036 902 2077 hominum
922 2036 1089 2084 occidit3
1116 2045 1155 2076 et
1174 2035 1369 2077 inlustres
1391 2036 1467 2076 viri
1486 2036 1641 2089 aliquot

283 2099 325 2138 in
349 2099 418 2139 illo
444 2098 710 2139 tumultuario
736 2099 892 2154 proelio
914 2098 1162 2147 ceciderunt,
1188 2098 1294 2138 inter
1314 2113 1417 2151 quos
1443 2099 1642 2152 praefecti

285 2160 443 2201 socium
469 2160 519 2200 T.
548 2159 819 2215 Sempronius
849 2160 1064 2201 Gracchus
1091 2168 1132 2201 et
1157 2160 1220 2200 M.
1241 2160 1386 2201 Iunius
1409 2160 1577 2201 Silanus
1603 2168 1641 2201 et

285 2222 438 2262 tribuni
469 2222 645 2262 militum
678 2223 728 2263 de
764 2222 929 2276 legione
962 2222 1145 2262 secunda
1175 2222 1238 2262 M.
1273 2221 1484 2276 Ogulnius
1523 2229 1563 2263 et
1591 2222 1641 2263 P.

242 2297 259 2326 6
287 2283 504 2325 Claudius.
566 2292 702 2325 castra
733 2292 872 2325 tamen
905 2284 956 2324 ab
981 2284 1184 2325 Romanis
1215 2283 1378 2338 inpigre
1410 2283 1643 2338 permunita

284 2353 545 2398 retentaque,
584 2360 678 2386 eum
705 2346 846 2387 hostes
879 2361 1079 2401 prospera
1104 2361 1246 2400 pugna
1271 2346 1366 2386 elati
1392 2346 1641 2399 nequiquam

243 2419 258 2446 7
286 2407 612 2460 obpugnassent.
680 2404 846 2449 'stativis
885 2408 1034 2448 deinde
1075 2408 1210 2449 isdem
1246 2422 1319 2462 per
1356 2407 1443 2448 dies
1487 2407 1643 2460 aliquot

288 2481 379 2507 sese
406 2468 554 2516 tenuit,
594 2469 691 2509 dum
717 2476 758 2510 et
783 2470 946 2510 saucios
973 2477 1134 2510 curaret
1165 2476 1205 2510 et
1234 2468 1320 2524 [ex]
1349 2477 1462 2510 tanto
1487 2476 1642 2510 terrore

243 2540 261 2570 S
287 2527 445 2568 animos
477 2530 652 2570 militum
684 2532 883 2572 reficeret.
942 2531 1042 2580 Boi,
1074 2538 1120 2571 ut
1151 2538 1213 2572 est
1250 2546 1354 2585 gens
1391 2530 1559 2571 minime
1590 2530 1642 2570 ad

288 2603 426 2630 morae
447 2591 629 2632 taedium
649 2593 866 2634 ferendum
891 2593 1066 2647 patiens,
1092 2593 1135 2632 in
1156 2593 1325 2633 castella
1351 2607 1426 2633 sua
1445 2592 1641 2644 vicosque
