1799 2900
430 139 585 174 LIBER
609 137 818 181 xxxnu,
844 136 989 170 11--19,
1019 137 1066 179 [a.
1082 133 1121 169 c.
1134 134 1216 179 195]
1425 124 1506 165 139

156 255 294 288 tamen
319 259 369 284 ea
392 257 533 297 pugna
559 240 810 281 debellatum
835 246 910 280 est.
943 239 1087 278 decem
1111 237 1224 277 milia
1250 235 1506 277 Celtiberum

156 306 345 348 mercede
376 303 551 344 Turduli
589 302 841 349 conducunt,
880 300 1106 352 alienisque
1144 298 1266 339 3111115
1303 298 1506 353 parabant

158 369 323 410 bellum.
385 365 529 406 consul
559 364 724 404 interim
754 363 978 403 rebellione
1008 361 1353 415 Bergistanorum
1385 360 1504 408 ictus,
1531 374 1551 403 5

157 438 314 471 ceteras
336 442 499 482 quoque
525 427 711 467 civitates
733 438 844 465 ratus
868 440 941 479 per
961 424 1221 464 occasionem
1240 423 1350 463 idem
1375 422 1506 462 factu-

156 507 238 540 ras,
264 505 378 531 arma
403 489 593 530 omnibus
625 488 682 528 cis
709 487 915 527 Hiberum
940 485 1141 540 Hispanis
1174 485 1327 525 adimit.
1383 498 1506 537 quam
1532 497 1549 526 6

157 568 245 594 rem
271 553 373 592 adeo
401 566 523 605 aegre
549 549 676 605 passi,
704 557 748 589 ut
773 549 890 589 multi
915 558 1088 588 mortem
1115 547 1279 587 sibimet
1302 546 1383 600 ipsi
1407 560 1504 586 con-

159 615 396 662 sciscerent,
423 613 541 653 ferox
561 626 708 666 genus,
730 611 885 650 nullam
905 610 1033 649 vitam
1052 609 1131 649 rati
1152 609 1238 649 sine
1255 607 1377 648 armis
1400 622 1505 647 esse.

159 677 270 730 quod
300 675 371 716 ubi
404 674 563 716 consuli
593 673 826 713 nuntiatum
852 681 932 720 est,
966 678 1176 711 senatores
1203 670 1384 711 omnium
1411 668 1510 709 civi·
1536 682 1551 710 7

160 738 305 778 tatium
338 736 391 776 ad
424 751 467 776 se
492 735 632 776 vocari
661 734 781 774 iussit
813 742 935 786 atque
966 733 1014 773 iis
1054 738 1154 773 ‘non
1184 731 1342 772 nostra’
1379 730 1512 783 inquit

162 799 313 853 ‘magis
335 812 459 851 quam
484 805 622 837 vestra
646 796 772 837 refert
798 811 871 836 vos
892 810 975 835 non
1000 794 1212 842 rebellare,
1240 793 1444 846 siquidem
1468 791 1510 831 id

161 861 314 901 maiore
341 860 626 914 Hispanorum
652 859 759 898 malo
786 872 908 910 quam
935 856 1139 896 exercitus
1165 854 1344 896 Romani
1369 854 1510 894 labore

163 937 325 976 semper
351 922 486 961 adhuc
510 922 665 960 factum
691 928 766 960 est.
826 919 869 958 id
892 927 935 958 ut
962 933 1012 958 110
1038 918 1121 966 fiat,
1147 932 1229 957 uno
1254 916 1377 956 modo
1404 915 1508 955 arbi·
1536 926 1555 956 8

163 996 246 1024 tror
272 983 408 1023 caveri
436 997 581 1036 posse,
621 982 655 1021 si
680 982 873 1021 effectum
900 979 992 1027 erit,
1025 994 1077 1018 ne
1102 978 1271 1032 possitis
1296 977 1509 1017 rebellare.

164 1045 256 1085 volo
282 1045 324 1084 id
349 1058 473 1096 quam
499 1042 744 1083 mollissima
770 1041 836 1080 via
862 1039 1071 1092 consequi,
1109 1054 1183 1079 vos
1210 1052 1371 1090 quoque
1397 1038 1439 1077 in
1464 1052 1512 1077 ea
1538 1051 1555 1080 9

162 1122 206 1146 10
233 1105 402 1145 consilio
428 1119 493 1144 me
520 1103 724 1143 adiuvate.
784 1102 941 1141 nullum
966 1100 1159 1140 libentius
1187 1114 1354 1152 sequar,
1388 1113 1512 1151 quam

163 1167 274 1219 quod
300 1174 460 1205 vosmet
490 1165 571 1218 ipsi
604 1163 858 1204 adtuleritis?
921 1162 1151 1202 tacentibus
1185 1161 1363 1215 spatium
1391 1174 1433 1199 se
1460 1159 1512 1198 ad
1543 1174 1579 1201 10

163 1227 474 1268 deliberandum
501 1226 659 1265 dierum
684 1239 910 1279 paucorum
937 1224 1034 1263 dare
1061 1223 1174 1263 dixit.
1215 1237 1308 1262 cum
1331 1220 1513 1261 revocati
1542 1236 1574 1264 11

164 1288 344 1329 secundo
371 1302 533 1340 quoque
560 1287 733 1328 concilio
759 1286 1003 1334 tacuissent,
1030 1300 1112 1325 uno
1139 1284 1203 1325 die
1228 1283 1356 1323 muris
1383 1282 1514 1323 omni-

162 1365 232 1390 um
258 1349 421 1398 dirutis,
461 1349 512 1388 ad
538 1364 628 1397 cos,
657 1348 726 1401 qui
751 1348 935 1388 nondum
960 1348 1180 1402 parebant,
1212 1346 1443 1400 profectus,
1470 1352 1514 1383 ut

162 1411 206 1451 in
237 1426 441 1464 quamque
471 1410 684 1465 regionem
718 1417 903 1457 venerat,
943 1424 1085 1450 omnes
1118 1408 1187 1461 qui
1219 1408 1327 1447 circa
1362 1406 1515 1447 incole-

164 1473 264 1513 bant
287 1473 463 1526 populos
489 1472 531 1512 in
557 1472 808 1512 deditionem
834 1472 1005 1524 aceepit.
1056 1469 1317 1524 Segesticam
1343 1476 1513 1515 tantum,
1544 1481 1581 1509 12

165 1548 335 1588 gravem
383 1545 504 1586 atque
552 1534 791 1587 opulentam
833 1533 1059 1580 civitatem,
1109 1531 1239 1572 vineis
1284 1538 1324 1571 et
1364 1529 1514 1584 pluteis

167 1595 287 1649 cepit.

251 1655 424 1697 XVIII.
472 1656 537 1696 Eo
569 1655 766 1696 maiorem
803 1655 983 1695 habebat
1014 1653 1299 1694 difficultatem
1330 1652 1373 1691 in
1405 1650 1516 1691 subi·
1543 1666 1558 1694 1

167 1718 313 1772 gendis
346 1717 533 1757 hostibus
561 1732 684 1769 quam
710 1717 779 1769 qui
808 1717 929 1771 primi
955 1723 1153 1756 venerant
1184 1715 1226 1753 111
1251 1713 1514 1766 Hispaniam,

168 1779 279 1832 quod
304 1779 356 1818 ad
379 1779 470 1819 illos
497 1779 632 1819 taedio
658 1779 804 1832 imperi
820 1776 1227 1831 Carthaginiensium
1241 1774 1421 1828 Hispani
1447 1774 1518 1813 de-

167 1840 377 1888 ficiebant,
409 1839 504 1879 huic
535 1855 586 1880 ex
610 1850 810 1893 usurpata
839 1840 1028 1879 libertate
1058 1838 1101 1877 111
1133 1837 1373 1877 servitutem
1406 1835 1517 1875 velut

169 1902 387 1942 adserendi
412 1910 540 1942 erant.
601 1910 642 1942 et
666 1902 722 1941 ita
748 1911 860 1942 mota
881 1901 1018 1942 omnia
1044 1899 1213 1954 accepit,
1240 1906 1284 1938 ut
1311 1898 1364 1938 ali
1388 1898 1430 1937 111
1455 1912 1518 1936 ar-

168 1963 245 2003 mis
272 1971 424 2012 essent,
452 1964 505 2003 ali
530 1963 745 2004 obsidione
772 1964 821 2003 ad
845 1963 1119 2003 defectionem
1145 1969 1401 2014 cogerentur,
1428 1973 1516 2007 nec,

169 2024 248 2065 nisi
272 2025 315 2065 in
346 2032 528 2079 tempore
562 2026 810 2066 subventum
835 2025 960 2073 foret,
992 2024 1099 2063 ultra
1131 2021 1399 2062 sustentaturi
1429 2021 1519 2060 fue-

169 2086 261 2126 rint.
323 2087 397 2127 sed
426 2087 469 2126 in
500 2087 668 2128 consule
702 2102 750 2127 ca
775 2087 836 2127 115
862 2086 987 2127 31111111
1019 2093 1141 2137 atque
1171 2083 1311 2138 ingeni
1342 2082 1437 2130 fuit,
1474 2090 1519 2121 ut
1544 2096 1562 2125 3

170 2148 308 2188 onmia
343 2148 523 2188 maxima
558 2148 810 2201 minimaque
853 2163 926 2202 per
964 2162 1007 2187 se
1044 2146 1175 2186 adiret
1207 2154 1327 2197 atque
1365 2150 1518 2197 ageret,

171 2223 246 2248 nec
282 2209 481 2262 cogitaret
517 2210 640 2250 modo
677 2210 998 2264 imperaretque,
1036 2222 1140 2260 quae
1170 2207 1211 2246 111
1242 2221 1328 2246 10111
1367 2213 1518 2253 essent,

173 2269 246 2309 sed
276 2270 470 2323 pleraque
503 2270 592 2324 ipse
622 2286 695 2325 per
726 2286 770 2311 se
796 2271 1060 2324 transigeret,
1092 2283 1168 2309 nec
1197 2268 1239 2308 in
1271 2281 1519 2320 quemquam
1546 2279 1563 2306 4

172 2331 354 2371 omnium
385 2332 552 2385 gravius
586 2333 852 2384 severiusque
885 2347 1007 2384 quam
1039 2331 1080 2370 in
1112 2337 1243 2370 semet
1278 2329 1414 2383 ipsum
1444 2328 1520 2367 1111-

173 2393 331 2446 1)01·111111
367 2402 594 2443 0110100101,
632 2394 884 2449 parsimonia
920 2402 959 2434 et
997 2392 1147 2446 vigiliis
1185 2400 1225 2432 et
1254 2391 1394 2431 labore
1426 2404 1518 2430 011111
1545 2403 1563 2431 ἰ)

173 2455 326 2496 ultimis
363 2456 538 2496 militum
575 2464 765 2505 certaret,
804 2470 880 2496 nec
911 2456 1130 2508 quicquam
1160 2454 1202 2494 in
1233 2453 1415 2494 exercitu
1445 2467 1519 2492 suo

173 2517 382 2571 praecipui
407 2526 569 2571 praeter
594 2518 793 2558 honorem
819 2528 940 2570 atque
966 2516 1183 2570 imperium
1209 2515 1392 2556 haberet.

258 2578 454 2619 XVIIII.
500 2580 725 2620 Difficilius
750 2579 906 2620 bellum
930 2579 972 2619 in
986 2577 1240 2618 Turdetania
1263 2575 1442 2631 praetori
1466 2575 1518 2615 P.
1547 2588 1558 2617 1

1542 1849 1560 1877 Ν
