1799 2900
467 172 620 207 LIBER
644 171 832 215 xxxm,
859 171 915 205 21.
935 171 988 205 22.
1016 174 1064 214 [a.
1081 169 1214 213 c.197]
1440 159 1518 199 101

169 293 289 327 anno,
316 290 410 317 cum
435 283 626 328 quattuor
651 282 692 315 et
713 273 986 328 quadraginta
1008 289 1138 314 annos
1158 279 1386 327 regnasset.
1424 269 1520 310 huic

169 340 256 380 viro
282 345 444 393 praeter
471 336 634 376 divitias
661 336 762 376 nihil
785 336 836 376 ad
862 350 976 390 spem
1002 335 1121 389 regni
1146 335 1312 375 fortuna
1337 332 1519 373 dederat.

169 401 218 440 iis
252 399 372 439 simul
404 398 645 453 prudenter,
685 397 807 437 simul
836 396 1055 451 magnifice
1085 396 1238 436 utendo
1270 394 1407 435 effecit
1438 393 1523 448 pri-

170 476 296 509 mum,
333 468 379 500 ut
417 459 513 507 sibi,
553 459 713 508 deinde,
751 466 796 498 111
834 459 924 498 aliis
961 473 1044 498 non
1079 457 1274 511 indignus
1315 456 1523 496 videretur

170 538 321 577 regno,
359 521 479 562 victis
514 521 662 561 deinde
692 520 849 575 proelio
875 535 956 560 uno
984 519 1137 568 Gallis,
1176 533 1281 571 quae
1307 526 1393 558 tum
1418 531 1522 571 gens

171 584 326 626 recenti
363 584 544 624 adventu
580 582 799 623 terribilior
836 581 968 621 Asiae
1005 590 1110 629 erat,
1152 580 1313 635 regium
1349 578 1525 619 adscivit

173 660 343 694 nomen,
392 645 508 685 cuius
556 643 833 698 magnitudini
883 658 1047 697 semper
1094 643 1276 682 animum
1319 639 1522 693 aequavit.

175 722 337 748 summa
361 707 516 747 iustitia
543 721 639 746 suos
666 705 786 754 rexit,
818 705 982 744 unicam
1008 704 1132 744 fidem
1159 703 1279 744 sociis
1305 700 1522 757 praestitit,

176 770 303 809 comis
329 768 447 809 uxori
472 782 519 807 ac
544 767 683 808 liberis
709 791 765 795 ——
790 767 892 807 duos
920 765 1162 819 superstites
1190 764 1333 804 habuit
1357 787 1425 811 —-‚
1450 762 1526 802 mi-

177 831 228 871 tis
255 845 302 870 ac
326 829 543 870 munificus
571 829 712 870 amicis
739 828 836 877 fuit,
875 843 1050 881 regnum
1082 827 1185 867 adeo
1216 825 1362 866 stabile
1388 838 1435 865 ac
1459 824 1527 864 fir-

176 907 290 932 mum
320 892 504 944 reliquit,
542 899 586 931 ut
619 891 671 930 ad
701 889 864 930 tertiam
895 889 1064 943 stirpem
1094 887 1305 943 possessio
1337 886 1424 927 eius
1458 886 1529 925 de-

180 953 407 994 scenderet.

266 1013 374 1055 Cum
400 1014 465 1054 1110
497 1021 627 1053 status
657 1028 794 1053 rerum
825 1013 867 1052 in
892 1012 998 1052 Asia
1024 1010 1282 1063 Graeciaque
1315 1016 1353 1050 et
1385 1009 1529 1048 Elaee-

180 1076 301 1116 donia
328 1084 456 1123 esset,
482 1075 653 1115 vixdum
678 1074 896 1113 terminato
922 1087 1013 1113 011111
1039 1072 1235 1125 Philippo
1262 1071 1388 1118 bello,
1425 1084 1528 1124 pace

181 1147 290 1177 certe
327 1136 511 1175 nondum
547 1142 799 1189 perpetrata,
836 1134 983 1188 ingens
1019 1133 1062 1173 in
1094 1132 1302 1186 Hispania
1338 1131 1530 1171 ulteriore

181 1205 365 1238 coortum
396 1206 458 1237 est
490 1197 655 1237 bellum.
716 1196 777 1236 M.
804 1196 981 1235 Helvius
1015 1210 1106 1235 eam
1136 1194 1394 1249 provinciam
1425 1192 1531 1232 obti-

179 1260 316 1299 nebat.
383 1258 416 1298 is
453 1258 598 1298 litteris
636 1265 827 1297 senatum
863 1257 1077 1297 certiorem
1115 1256 1214 1296 fecit
1250 1254 1455 1295 Culcham
1491 1262 1532 1294 et

180 1319 409 1360 Luxinium
439 1319 605 1373 regulos
637 1319 678 1358 in
711 1319 834 1358 armis
862 1333 973 1366 esse,
1012 1333 1105 1357 cum
1132 1316 1294 1358 Culcha
1324 1317 1468 1357 decem
1493 1324 1532 1356 et

183 1390 342 1436 septem
373 1380 541 1435 oppida,
580 1395 674 1420 011111
706 1380 889 1421 Luxinio
926 1380 1084 1420 validas
1122 1381 1246 1420 urbes
1281 1378 1531 1419 Carmonem

182 1450 223 1484 et
251 1443 501 1491 Baldonem,
539 1442 581 1482 in
618 1442 823 1483 maritima
853 1457 925 1482 ora
954 1441 1188 1482 Malacinos
1217 1440 1532 1492 Sexetanosque

183 1514 222 1545 et
235 1504 475 1544 Baeturiam
496 1519 661 1544 omnem
687 1512 727 1544 et
747 1518 852 1556 quae
877 1504 1061 1544 nondum
1087 1503 1246 1544 animos
1272 1502 1532 1550 nudaverint,

185 1567 236 1607 ad
272 1566 538 1606 finitimorum
573 1560 709 1606 motus
749 1573 1076 1606 consurrectura.
1137 1565 1200 1605 his
1238 1565 1384 1605 litteris
1417 1580 1441 1604 a
1470 1564 1532 1604 M.

187 1627 335 1681 Sergio
355 1636 556 1681 praetore,
584 1627 698 1667 euius
725 1627 951 1667 iurisdictio
977 1627 1081 1667 inter
1101 1626 1202 1666 civis
1229 1634 1269 1666 01
1293 1625 1534 1680 peregrinos

186 1697 291 1737 erat,
329 1688 509 1728 recitatis
543 1689 812 1728 decreverunt
841 1696 999 1742 patres,
1036 1696 1081 1728 111
1107 1688 1266 1728 comitis
1299 1697 1535 1740 praetorum

186 1750 399 1804 perfectis,
438 1750 502 1789 cui
534 1750 712 1804 praetori
738 1750 950 1804 provincia
975 1749 1181 1802 Hispania
1206 1748 1463 1796 obvenisset,
1499 1748 1535 1788 is

186 1812 318 1866 primo
356 1825 517 1864 quoque
554 1819 738 1865 tempore
774 1811 824 1851 de
861 1811 969 1851 bello
1001 1810 1233 1864 Hispaniae
1264 1810 1316 1850 ad
1347 1818 1533 1850 senatum

187 1872 371 1912 referret.

272 1934 428 1974 XXII.
469 1933 557 1974 Sub
582 1934 691 1974 idem
716 1942 878 1988 tempus
906 1934 1095 1975 consules
1110 1934 1289 1973 Romam
1314 1939 1534 1981 venerunt3

188 1995 336 2048 quibus
367 1996 410 2035 in
442 1996 543 2036 aede
568 1996 769 2036 Bellonae
803 2004 991 2036 senatum
1017 1995 1264 2035 habentibus
1290 1994 1538 2048 postulanti-

187 2057 347 2109 busque
379 2056 631 2111 triumphum
657 2058 709 2097 ob
741 2072 806 2097 res
833 2072 1030 2111 prospere
1056 2056 1164 2096 bello
1197 2063 1338 2110 gestas
1367 2054 1416 2096 C.
1444 2055 1537 2096 Ati-

188 2118 280 2158 nius
307 2119 454 2159 Labeo
486 2126 525 2158 et
552 2118 601 2159 C.
629 2119 830 2159 Afranius
863 2119 1015 2159 tribuni
1047 2118 1199 2172 plebis,
1238 2126 1284 2158 ut.
1315 2118 1537 2172 separatim

190 2180 240 2219 de
273 2179 478 2233 triumpho
511 2187 680 2233 agerent
713 2180 922 2228 consules,
961 2180 1238 2234 postularunt:
1278 2194 1537 2219 communem

192 2255 235 2280 se
265 2240 506 2280 relationem
538 2242 587 2281 de
614 2256 662 2282 ea
686 2256 729 2281 re
761 2242 849 2281 fieri
874 2257 955 2281 non
981 2256 1197 2295 passuros,
1230 2255 1281 2281 ne
1307 2256 1381 2294 par
1406 2241 1536 2281 honos

191 2302 232 2341 in
258 2302 412 2356 dispari
437 2303 582 2342 merito
609 2310 731 2343 05501.
775 2317 866 2342 011111
889 2303 941 2354 Q.
956 2303 1166 2342 Minucius
1192 2303 1354 2354 utrique
1374 2302 1537 2342 Italiam

192 2363 446 2417 provinciam
471 2363 671 2417 obtigisse
697 2365 862 2411 diceret,
890 2364 1097 2404 communi
1124 2363 1259 2403 animo
1285 2364 1538 2416 consilioque

194 2439 237 2464 se
274 2432 314 2464 et
352 2424 554 2478 collegam
588 2440 654 2465 res
692 2425 894 2479 gessisse,
932 2434 972 2465 et
1006 2424 1055 2466 C.
1089 2424 1306 2465 Cornelius
1345 2425 1536 2472 adiceret,

191 2486 319 2527 Boios
346 2487 544 2527 adversus
579 2502 622 2526 se
649 2487 990 2541 transgredientis
1015 2487 1197 2535 Padum,
1223 2496 1267 2527 ut
1291 2487 1537 2527 Insubribus

194 2546 528 2600 Cenomanisque
560 2548 711 2588 auxilio
744 2556 902 2596 essent,
940 2549 1217 2602 depopulante
1249 2549 1361 2589 vicos
1395 2562 1536 2589 eorum

194 2616 316 2661 atque
342 2624 463 2663 agros
491 2609 651 2664 collega
676 2609 728 2649 ad
755 2625 826 2650 sua
860 2610 1012 2649 tuenda
1038 2624 1205 2651 aversos
1237 2624 1349 2658 esse,
1385 2610 1535 2651 tribuni

1545 282 1563 311 2

1552 775 1570 803 27!

1558 1205 1573 1232 *l

1563 2067 1580 2095 10

1564 2315 1582 2344 02

1563 2621 1582 2650 5
