1799 2900
448 147 603 182 LIBER
628 149 795 192 XXXX,
820 147 874 183 40.
894 148 948 182 41.
977 146 1175 191 [110180]
1404 137 1488 178 459

138 254 222 295 iore
242 252 282 293 vi
296 266 494 305 equorum
509 251 682 300 facietis,
700 251 733 292 si
748 252 969 292 effrenatos
983 251 1024 291 in
1041 266 1111 292 eos
1128 265 1255 304 equos
1269 249 1487 297 inmittitis,

138 315 248 368 quod
269 329 393 368 saepe
407 313 620 354 Romanos
642 314 801 366 equites
817 328 910 354 eum
930 329 1083 368 magna
1102 313 1224 354 laude
1245 313 1394 353 fecisse
1415 327 1489 353 sua

137 377 360 417 memoriae
381 376 588 430 proditum
604 376 693 416 est.’
731 376 841 417 dicto
861 384 1088 430 paruerunt
1110 376 1386 428 detractisque
1407 376 1489 415 fre·
1515 388 1531 416 7

138 439 201 479 nis
228 439 289 478 bis
310 439 415 479 ultro
437 437 620 490 citroque
641 453 733 478 cum
752 454 905 493 magna
926 447 1063 493 strage
1084 438 1277 487 hostium,
1304 437 1490 478 infractis

138 501 328 542 omnibus
361 500 511 548 hastis,
539 509 881 541 transcurrerunt.
933 501 1133 555 dissipato
1160 515 1310 548 cuneo,
1341 499 1382 539 in
1409 514 1489 552 quo
1516 511 1535 541 8

138 563 270 604 Omnis
305 577 399 616 spes
434 562 587 611 fuerat,
627 562 826 602 Celtiberi
858 563 1063 617 trepidare
1096 570 1136 603 et
1171 577 1299 616 prope
1337 562 1492 603 omissa

137 640 279 679 pugna
302 624 439 665 10011111
464 624 590 678 fugae
616 624 946 678 circumspicere.
990 632 1030 664 et.
1056 624 1169 664 alarii
1195 624 1352 676 equites
1378 630 1492 678 post—
1517 634 1535 664 9

139 701 260 739 quam
274 687 558 727 Romanorum
573 686 756 739 equitum
777 695 860 726 tam
882 687 1148 727 memorabile
1162 686 1322 726 facinus
1339 686 1491 734 videre,

139 756 179 789 et
202 748 283 803 ipsi
316 749 465 788 virtute
491 764 633 789 eorum
665 749 830 789 accensi
863 749 951 789 sine
976 749 1099 788 ullius
1131 749 1303 803 imperio
1329 749 1370 788 in
1400 763 1492 802 pcr-

138 811 324 851 turbatos
349 811 431 850 iam
457 811 598 851 hostes
626 825 754 863 equos
781 811 1004 850 inmittunt.
1044 818 1141 850 tunc
1166 825 1264 850 vero
1292 809 1492 851 Celtiberi
1522 819 1561 849 10

139 887 282 913 omnes
302 872 344 912 in
364 873 506 926 fugam
530 873 810 921 effunduntur,
838 880 877 913 et
902 873 1124 926 imperator
1137 872 1351 912 Romanus
1373 886 1494 911 aver-

140 950 207 975 sos
228 935 368 975 hostes
390 935 691 989 contemplatus
720 935 865 975 aedem
884 936 1093 975 Fortunae
1121 934 1301 987 equestri
1320 933 1492 986 Iovique

139 997 294 1051 optimo
308 997 484 1037 maximo
505 997 624 1037 ludos
641 997 766 1037 vovit.
805 997 1032 1037 caeduntur
1049 996 1247 1036 Celtiberi
1269 1010 1341 1049 per
1362 1002 1492 1035 totum
1521 1006 1558 1035 11

141 1060 289 1099 saltum
305 1059 493 1113 dissipati
508 1060 620 1113 suga.
648 1060 791 1099 decem
805 1068 845 1099 et
866 1066 1025 1113 septem
1046 1058 1156 1099 milia
1178 1058 1359 1098 hostium
1373 1072 1496 1097 eaesa

140 1136 189 1161 eo
220 1120 285 1161 die
318 1121 554 1169 traduntur,
593 1121 676 1161 vivi
709 1121 818 1175 capti
843 1121 935 1174 plus
968 1129 1160 1173 quattuor
1190 1120 1304 1159 milia
1329 1119 1495 1159 ducenti

142 1183 406 1237 septuaginta
442 1193 601 1237 septem
633 1197 726 1222 eum
758 1183 888 1236 signis
921 1182 1185 1230 militaribus,
1224 1181 1340 1234 equis
1367 1195 1494 1235 prope

140 1245 265 1285 mille.
328 1252 510 1284 ceterum
540 1244 748 1284 inmobilis
782 1245 926 1284 eastris
954 1259 1002 1284 eo
1034 1245 1099 1283 die
1132 1244 1262 1283 victor
1288 1243 1493 1283 exereitus
1524 1253 1561 1281 12

142 1306 308 1347 mansit.
370 1306 541 1346 victoria
566 1321 649 1346 non
676 1306 763 1346 sine
788 1306 947 1346 iactura
970 1306 1146 1345 militum
1172 1305 1268 1353 fuitg
1302 1304 1496 1357 quadrin-
1525 1317 1563 1345 13

140 1369 255 1423 genti
280 1367 543 1422 septuaginta
574 1368 654 1408 duo
680 1367 832 1408 milites
858 1367 1056 1415 Romani,
1090 1367 1249 1407 sociinn
1281 1381 1328 1406 ae
1356 1365 1495 1406 Latini

141 1430 318 1471 nominis
339 1429 450 1470 mille
471 1430 614 1470 decem
634 1437 675 1469 et
692 1445 854 1478 novem,
882 1444 976 1468 cum
1000 1429 1064 1469 liis
1092 1429 1168 1469 tria
1188 1429 1300 1468 milia
1321 1428 1497 1468 militum

142 1492 448 1533 auxiliariorum
481 1492 706 1545 perierunt.
776 1492 835 1531 ita
878 1492 1007 1531 vietor
1050 1491 1255 1531 exercitus
1298 1498 1497 1531 renovata

142 1555 276 1610 priore
302 1554 433 1607 gloria
459 1554 739 1593 'sarraconem
766 1561 828 1593 est
853 1553 1092 1607 perductus.
1142 1552 1323 1592 venienti
1346 1551 1496 1592 Fulvio
1525 1564 1563 1593 14

143 1617 208 1657 Ti.
237 1616 509 1670 Sempronius
536 1624 719 1669 praetor,
746 1615 816 1668 qui
840 1614 967 1655 biduo
994 1623 1087 1654 ante
1113 1623 1303 1662 venerat,
1330 1613 1496 1654 obviam

143 1679 364 1734 processit,
398 1679 711 1732 gratulatusque
738 1686 818 1726 est,
846 1677 957 1729 quod
980 1692 1067 1717 rem
1094 1677 1301 1731 publicam
1328 1676 1496 1730 egregie

145 1741 360 1796 gessisset.
400 1755 492 1780 eum
521 1755 682 1780 summa
708 1739 940 1787 eoncordia,
968 1753 1070 1791 quos
1098 1738 1350 1778 dimitterent
1374 1752 1498 1790 quos-

145 1818 224 1857 que
249 1803 473 1843 retinerent
499 1802 664 1850 milites,
693 1808 1024 1855 eomposuerunt.
1063 1800 1158 1840 inde
1172 1799 1346 1840 Fulvius
1373 1814 1499 1839 exau-
1527 1811 1566 1839 15

145 1865 311 1905 etoratis
337 1864 535 1904 militibus
561 1864 603 1903 in
629 1878 756 1904 naves
783 1863 972 1917 inpositis
987 1863 1164 1903 Romam
1185 1869 1248 1902 est
1272 1862 1497 1916 protheum,

147 1925 420 1980 Sempronius
446 1926 488 1965 in
516 1924 785 1966 Celtiberiam
810 1924 995 1979 legiones
1023 1924 1152 1964 duxit.

229 1988 460 2028 XXXXL
523 1987 728 2028 Consules
761 1987 881 2026 ambo
912 1987 954 2025 in
985 1986 1166 2040 Ligures
1199 1985 1401 2026 exereitus
1438 1986 1500 2025 in·-
1528 1997 1542 2025 1

146 2052 352 2091 duxerunt
389 2050 562 2090 diversis
600 2051 799 2104 partibus.
859 2049 1100 2089 Postumius
1138 2049 1271 2103 prima
1307 2056 1346 2088 et
1382 2047 1500 2088 tertia
1526 2060 1543 2089 2

145 2113 308 2167 legione
333 2112 537 2151 Balistam
559 2110 943 2163 Suismontiumque
968 2119 1130 2150 montes
1157 2110 1319 2151 obsedit
1344 2116 1384 2150 et
1408 2124 1500 2164 pre-

147 2175 296 2214 mendo
321 2174 538 2228 praesidiis
564 2181 764 2227 angustos
793 2173 920 2213 saltus
943 2188 1083 2213 eorum
1103 2181 1356 2213 commeatus
1377 2172 1501 2212 inter-

148 2236 270 2277 clusit
293 2235 512 2290 inopiaque
544 2236 728 2275 omnium
756 2250 894 2275 rerum
926 2250 995 2275 eos
1022 2234 1267 2288 perdomuit.
1325 2233 1498 2275 Fulvius
1526 2245 1544 2274 3

149 2298 330 2339 secunda
365 2306 405 2337 et
437 2305 582 2349 quarta
614 2297 776 2350 legione
808 2297 975 2336 adortus
1009 2312 1032 2336 a
1062 2296 1172 2336 Pisis
1197 2297 1400 2350 Apuanos
1427 2295 1502 2335 Li-

148 2374 291 2414 gures,
331 2359 398 2411 qui
431 2374 573 2399 eorum
604 2359 712 2398 eirea
743 2358 930 2398 Macram
965 2357 1137 2397 fluvium
1168 2357 1421 2406 incolebant,
1460 2357 1502 2396 in

149 2420 399 2461 deditionem
425 2428 635 2474 acceptos,
663 2420 714 2460 ad
740 2428 897 2474 septem
923 2419 1036 2460 milia
1056 2419 1287 2467 hominum,
1313 2419 1355 2458 in
1374 2433 1501 2458 naves

148 2482 349 2537 inpositos
375 2490 537 2536 praeter
563 2497 675 2523 oram
696 2481 864 2521 Etrusci
889 2481 1012 2521 maris
1032 2481 1235 2536 Neapolin
1262 2480 1500 2521 transmisit.

148 2545 242 2585 inde
279 2545 320 2584 in
348 2543 564 2584 Samnium
599 2543 795 2591 traducti,
834 2557 1013 2597 agerque
1046 2543 1108 2582 his
1140 2543 1245 2582 inter
1281 2543 1500 2597 populares
1526 2555 1544 2583 4

149 2609 267 2649 datus
294 2616 368 2649 est.
418 2615 704 2648 montanorum
730 2606 936 2660 Ligurum
962 2605 1013 2645 ab
1039 2605 1093 2645 A.
1114 2605 1331 2646 Postumio
1357 2605 1501 2645 vineae
1527 2618 1546 2647 5

1515 324 1532 352 :³
