1799 2900
474 166 628 201 LIBER
652 161 821 212 xxxx,
848 168 902 202 31.
922 168 976 203 32.
1005 168 1203 212 [a.c.181]
1434 157 1515 200 451

161 270 269 311 ditur
285 269 444 318 castris,
467 270 588 311 simul
603 278 642 311 et
661 271 870 326 peditibus
886 272 1051 326 signum
1066 271 1119 312 ad
1133 272 1367 312 exeundum
1383 271 1514 312 datur.

163 331 425 381 Scribonius,
464 332 524 372 uti
555 341 825 388 praeceptum
850 341 956 383 erat,
995 333 1065 374 ubi
1097 333 1275 388 primum
1306 333 1516 373 fremitum

160 401 395 447 equestrem
431 395 606 443 audivit,
646 395 793 435 avertit
827 410 954 448 equos
993 403 1034 436 et
1070 403 1206 436 eastra
1241 395 1402 450 repetit.
1464 410 1512 435 eo

160 456 332 497 effusius
371 457 487 509 sequi
524 456 679 497 hostes.
739 457 872 512 primo
913 457 1090 510 equites,
1129 472 1226 497 mox
1257 465 1296 498 et
1331 457 1516 511 peditum

161 518 269 560 acies
295 519 450 567 aderat,
478 519 577 559 haut
604 519 729 560 dubia
756 534 828 574 spe
855 529 992 560 eastra
1017 534 1065 560 eo
1092 519 1157 559 die
1184 534 1228 560 se
1255 520 1516 574 obpugnatu-

160 595 240 622 ros.
279 580 528 635 quingentos
557 596 705 634 passus
732 596 816 621 non
839 582 932 635 plus
960 597 983 622 a
1008 581 1117 622 vallo
1144 582 1327 622 aberant.
1377 582 1513 634 itaque

159 643 335 683 Flaccus
368 642 441 683 ubi
472 642 572 683 satis
602 641 871 696 [abstractos]
901 658 971 684 eos
999 659 1022 684 a
1053 643 1261 698 praesidio
1287 650 1515 684 castrorum

162 719 333 746 suorum
357 712 470 744 ratus
502 712 583 753 est,
615 705 722 745 intra
753 705 906 745 vallum
939 706 1121 745 exercitu
1151 705 1352 746 instructo
1385 705 1514 745 tribus

161 767 346 821 partibus
374 766 496 807 simul
522 768 717 821 erumpit,
750 767 929 808 elamore
955 782 1038 808 non
1065 775 1223 808 tantum
1250 768 1302 808 ad
1327 768 1516 808 ardorem

161 830 424 869 excitandum
450 844 614 883 pugnae
641 830 817 879 sublato,
846 830 920 870 sed
945 830 1069 870 etiam
1094 830 1223 883 utqui
1243 830 1285 870 111
1305 830 1514 871 montibus

160 898 276 931 erant
305 892 559 931 exaudirent.
602 906 679 932 nec
703 892 852 933 morati
879 900 974 932 sunt
1000 892 1099 945 quin
1125 892 1389 933 decurrerent
1411 892 1514 932 sieut

159 953 406 1007 imperatum
433 962 519 994 erat
543 953 595 993 ad
620 961 768 1003 castra,
794 954 864 994 ubi
885 954 1065 1006 quinque
1086 954 1244 994 milium
1264 962 1516 995 armatorum

159 1030 243 1056 non
268 1015 444 1069 amplius
470 1016 659 1056 relictum
685 1023 772 1056 erat
796 1016 1063 1070 praesidium.
1102 1030 1206 1068 quos
1235 1031 1329 1056 cum
1349 1024 1390 1056 ct.
1414 1031 1516 1070 pau-

161 1077 262 1117 citas
289 1093 364 1118 sua
389 1085 429 1118 et
453 1078 673 1118 multitudo
699 1078 881 1119 hostium
902 1085 943 1118 et
966 1078 1178 1132 inprovisa
1197 1093 1263 1118 res
1290 1078 1516 1126 terruisset,

160 1154 289 1193 prope
316 1139 404 1179 sine
431 1140 655 1180 certamine
682 1140 899 1194 capiuntur
927 1148 1075 1180 eastra.
1102 1139 1255 1193 captis,
1289 1154 1395 1192 quae
1419 1155 1515 1194 pars

160 1201 339 1243 maxime
387 1201 669 1257 pugnantibus
721 1202 904 1257 conspici
950 1208 1132 1257 poterat,
1182 1202 1322 1243 iniecit
1355 1202 1517 1242 Acilius

161 1280 313 1319 lgnem.

244 1326 451 1366 XXXII.
498 1326 710 1367 Postremi
747 1325 1053 1367 Celtiberorum
1091 1326 1160 1380 qui
1197 1327 1240 1366 in
1277 1326 1364 1366 acie
1402 1335 1518 1366 erant

160 1390 281 1445 primi
306 1390 516 1430 flammam
541 1404 795 1443 conspexere
805 1406 814 1438 3
843 1390 992 1430 deinde
1018 1405 1091 1444 per
1117 1397 1245 1430 totam
1271 1388 1402 1429 aciem
1428 1388 1518 1428 vul-

160 1460 303 1506 gatum
329 1459 404 1500 est,
431 1460 566 1492 eastra
587 1451 740 1491 amissa
760 1466 852 1492 esse
874 1459 915 1491 et
939 1459 1026 1491 tum
1047 1466 1139 1491 cum
1160 1451 1339 1491 maxime
1360 1450 1516 1490 ardere.

161 1514 270 1554 unde
291 1514 370 1554 illis
397 1520 540 1561 terror,
566 1513 661 1553 inde
676 1513 877 1553 Romanis
899 1513 1060 1553 animus
1082 1512 1224 1553 erevit.
1262 1512 1344 1552 iam
1365 1512 1519 1553 elamor

163 1591 331 1616 suorum
350 1575 601 1615 vincentium
621 1575 847 1623 accidebat,
874 1575 956 1615 iam
977 1575 1163 1616 ardentia
1182 1575 1364 1615 hostium
1385 1582 1519 1614 castra

163 1638 430 1692 adparebant.
482 1637 683 1678 Celtiberi
707 1652 930 1691 parumper
960 1637 1126 1678 incertIs
1154 1636 1300 1677 animis
1332 1636 1518 1676 fluctuati

163 1707 276 1748 sunt3
313 1708 494 1740 ceterum
525 1707 748 1754 postquam
778 1707 970 1754 receptus
1002 1699 1135 1754 pulsis
1162 1699 1299 1739 nullus
1326 1706 1414 1739 erat
1443 1712 1519 1739 nec

163 1777 339 1815 usquam
370 1761 450 1802 nisi
485 1762 527 1801 in
565 1761 788 1802 certamine
826 1776 943 1815 spes,
982 1760 1232 1815 pertinacius
1271 1760 1321 1801 de
1357 1760 1519 1813 integro

165 1831 389 1878 capessunt
408 1839 604 1878 pugnam.
644 1824 730 1864 acie
751 1823 888 1863 media
901 1823 1155 1877 urgebantur
1177 1823 1324 1863 acriter
1339 1838 1361 1862 a
1376 1822 1519 1875 quinta

163 1887 326 1941 leglene
336 1903 345 1935 3
380 1887 578 1927 adversus
604 1886 769 1926 laevum
795 1900 921 1926 cornu
930 1917 941 1935 ,
972 1885 1014 1925 in
1040 1900 1120 1938 quo
1148 1885 1210 1925 sui
1235 1885 1398 1939 generis
1425 1899 1519 1939 pro-

164 1948 355 1989 vincialia
379 1948 531 1988 auxilia
556 1947 803 1988 instruxisse
817 1947 1031 1988 Romanos
1058 1947 1294 1995 cernebant,
1321 1961 1414 1986 cum
1433 1962 1519 1986 ma-

164 2010 249 2051 iore
268 2009 419 2050 fiducia
443 2010 669 2050 intulerunt
694 2010 826 2063 signa.
864 2009 946 2049 iam
967 2023 1095 2063 prope
1117 2016 1217 2057 erat,
1244 2016 1288 2048 ut
1308 2008 1520 2048 sinistrum

165 2087 292 2113 cornu
316 2071 538 2126 pelleretur
562 2071 784 2119 Romanis,
816 2071 858 2111 ni
889 2070 1066 2125 septima
1097 2070 1206 2124 legio
1234 2069 1518 2110 successisset.

166 2133 287 2174 simul
319 2134 370 2173 ab
395 2133 547 2187 oppido
572 2134 745 2173 Aebura
771 2132 839 2185 qui
870 2132 913 2172 in
938 2131 1146 2187 praesidio
1171 2131 1304 2172 relicti
1337 2139 1453 2172 erant
1478 2132 1519 2171 in

166 2195 301 2235 medio
320 2195 465 2235 ardore
491 2210 656 2249 pugnae
683 2195 941 2234 advenerunt
966 2201 1005 2234 et
1018 2194 1182 2234 Acilius
1204 2194 1255 2233 ab
1277 2200 1394 2247 tergo
1417 2201 1517 2234 erat.

166 2257 235 2296 diu
267 2256 308 2296 in
339 2256 476 2297 medio
509 2256 619 2296 eaesi
651 2255 870 2304 Celtiberi3
910 2255 978 2308 qui
1017 2262 1262 2309 supererant
1295 2254 1337 2294 in
1375 2269 1518 2295 omnes

166 2317 323 2373 passim
348 2326 485 2372 partes
520 2326 744 2372 capessunt
769 2318 926 2371 fugam.
970 2317 1129 2370 equites
1163 2316 1356 2371 bipartito
1382 2316 1423 2356 in
1448 2331 1519 2357 eos

167 2379 308 2420 emissi
343 2394 538 2433 magnam
575 2380 746 2420 caedem
782 2379 962 2419 edidere.
1016 2379 1071 2418 ad
1107 2378 1253 2432 viginti
1296 2378 1373 2418 tria
1409 2377 1521 2418 milia

167 2440 345 2482 hostium
373 2456 421 2481 eo
449 2441 514 2480 die
540 2441 694 2490 occisa,
729 2448 849 2495 capta
875 2449 1067 2494 quattuor
1098 2440 1212 2480 milia
1237 2439 1403 2480 ducenti
1427 2453 1521 2479 cum

167 2503 282 2556 equis
318 2503 413 2558 plus
451 2503 686 2557 quingentis
718 2511 759 2544 et
797 2503 917 2557 signa
947 2502 1140 2543 militaria
1171 2502 1382 2556 octoginta
1413 2509 1519 2542 octo.

166 2580 319 2619 magna
340 2565 522 2614 victoria,
548 2581 631 2606 non
652 2573 790 2606 tamen
809 2565 1024 2606 incruenta
1049 2564 1144 2613 fuit3
1170 2564 1351 2605 Romani
1369 2564 1519 2604 milites

168 2627 218 2667 de
245 2627 405 2668 duabus
431 2627 664 2682 legionibus
690 2628 814 2682 paulo
839 2627 933 2682 plus
960 2626 1167 2676 ducentis,
1196 2627 1353 2668 socium
1377 2626 1519 2666 Latini

1223 2692 1291 2726 29*

1542 349 1560 376 5

1542 409 1559 438 6

1545 1525 1562 1554 10
