1799 2900
522 201 673 236 LIBER
698 201 866 245 XXXII,
893 201 923 235 5.
944 201 975 235 6.
1003 199 1105 244 [ac
1121 200 1203 245 199]
1484 187 1542 229 49

186 308 331 350 derent
360 305 544 347 Achaeis
580 305 877 347 Orchomenon
913 311 953 346 et
983 306 1177 346 Heraean
1209 310 1250 345 et
1280 301 1539 359 Triphylian,

186 367 501 423 Megalopolitis
526 367 778 421 Alipheram,
811 366 1156 408 contendentibus
1190 380 1416 418 numquam
1449 379 1540 405 eam

187 431 330 472 urbem
346 429 477 470 fuisse
491 444 542 469 ex
557 429 787 483 Triphylia,
809 429 882 469 sed
897 429 974 469 sibi
989 429 1138 469 debere
1157 427 1330 477 restitui,
1352 426 1447 480 quia
1459 441 1543 466 una

189 499 300 534 esset
320 507 369 533 ex
390 492 454 541 iis,
475 506 580 544 quae
600 491 654 531 ad
673 491 931 532 condendam
946 490 1145 544 Megalen
1164 489 1278 544 polin
1297 504 1349 530 ex
1369 488 1542 530 concilio

189 554 402 595 Arcadum
423 553 679 594 contributae
705 553 853 593 forent.
902 560 942 593 et
967 567 1060 592 cum
1075 551 1257 592 Achaeis
1279 551 1444 604 quidem
1468 565 1543 604 per

189 616 291 656 haec
324 615 564 656 societatem
594 615 803 661 firmabat3
834 612 923 668 [ad]
952 614 1233 654 Macedonum
1265 612 1423 653 animos
1450 626 1542 651 eum

190 676 444 717 Heracliden
480 676 658 716 amicum
689 676 868 716 maxime
898 675 1078 716 invidiae
1112 674 1189 715 sibi
1221 688 1313 715 esse
1345 681 1542 721 cerneret,

190 740 329 780 multis
346 739 584 780 criminibus
606 746 821 780 oneratum
842 738 884 778 in
898 738 1031 778 vincla
1047 737 1221 778 coniecit
1241 736 1397 791 ingenti
1414 750 1545 790 popu-

191 802 337 842 larium
362 802 526 856 gaudio.
563 802 717 842 bellum
744 801 778 842 si
798 801 962 854 quando
983 815 1179 853 umquam
1200 808 1294 840 ante
1315 799 1430 847 alias,
1457 806 1544 838 tum

192 879 344 918 magna
359 878 455 904 cura
470 864 685 918 adparavit
699 863 963 915 exercuitque
977 862 1019 902 in
1039 861 1162 902 armis
1178 870 1218 902 et
1232 861 1489 901 Macedonas
1505 868 1545 900 et

192 926 496 966 mercennarios
523 925 672 966 milites
703 925 987 980 principioque
1014 924 1121 964 veris
1155 937 1247 963 cum
1272 922 1546 976 Athenagora

194 987 331 1027 omnia
362 994 532 1027 externa
567 987 720 1027 auxilia
753 986 945 1039 quodque
983 985 1086 1025 levis
1124 992 1355 1025 armaturae
1386 991 1473 1024 erat
1504 983 1546 1022 in

196 1048 428 1090 Chaoniam
457 1064 531 1104 per
555 1049 730 1103 Epirum
761 1048 815 1088 ad
841 1047 1122 1102 occupandas,
1161 1060 1265 1098 quae
1292 1046 1343 1086 ad
1369 1045 1548 1098 Antigo-

194 1126 315 1151 neam
340 1111 481 1151 fauces
509 1118 604 1150 sunt
628 1134 684 1138 ——
700 1109 830 1150 Stena
855 1116 1004 1149 vocant
1031 1107 1181 1148 Graeci
1201 1131 1270 1155 —-—‚
1296 1106 1420 1146 misit.
1458 1106 1546 1160 ipsc

194 1181 289 1227 post
319 1172 462 1226 paucis
494 1172 638 1212 diebus
673 1170 862 1225 graviore
896 1177 1060 1210 secutus
1087 1168 1271 1222 agmine,
1304 1181 1397 1208 cum
1424 1167 1547 1207 situm

196 1248 360 1274 omnem
378 1233 559 1286 regionis
582 1232 857 1286 adspexisset,
879 1230 1057 1271 maxime
1078 1230 1274 1270 idoneum
1289 1229 1341 1269 ad
1360 1228 1549 1269 munien-

195 1294 293 1334 dum
317 1294 454 1334 10011111
479 1294 651 1334 credidit
677 1308 769 1334 esse
795 1300 957 1347 praeter
983 1307 1148 1332 amnem
1173 1292 1326 1332 Aoum.
1382 1291 1417 1331 is
1443 1290 1548 1330 inter

194 1365 370 1405 montes,
399 1371 573 1409 quorum
598 1355 771 1395 alterum
796 1355 1038 1408 llleropum,
1072 1354 1244 1394 alterum
1270 1354 1463 1393 Asnaum
1488 1352 1550 1391 in-

197 1419 310 1460 colae
331 1426 492 1467 vocant,
519 1424 697 1472 angusta
717 1417 823 1458 valle
844 1417 933 1457 fluit
957 1416 1033 1457 iter
1053 1416 1248 1470 exiguum
1270 1430 1393 1470 super
1417 1415 1550 1469 ripam

197 1482 413 1536 praebens.
486 1481 678 1520 Asnaum
721 1480 1039 1534 Athenagoram
1083 1493 1176 1518 cum
1219 1477 1300 1518 levi
1343 1484 1550 1517 armatura

198 1551 338 1583 tenere
363 1550 404 1583 et
428 1542 681 1583 communire
706 1541 832 1590 iubet,
858 1541 948 1595 ipse
974 1540 1016 1580 in
1035 1540 1213 1594 Meropo
1238 1539 1377 1594 posuit
1402 1546 1548 1579 eastra.

199 1618 279 1656 qua
304 1604 492 1644 abscisae
517 1619 640 1658 rupes
661 1610 790 1652 erant,
819 1602 941 1643 statio
966 1616 1191 1656 paucorum
1216 1610 1466 1642 armatorum
1492 1607 1551 1639 te-

199 1666 341 1713 nebat,
381 1680 461 1718 qua
486 1665 620 1705 minus
652 1673 740 1705 tuta
765 1672 882 1705 erant
915 1664 994 1704 alia
1019 1664 1164 1711 fossis,
1202 1663 1282 1702 alia
1307 1662 1434 1710 vallo,
1471 1661 1552 1702 alia

200 1727 379 1767 turribus
417 1727 640 1767 muniebat.
700 1741 854 1779 magna
891 1732 1189 1765 tormentorum
1226 1724 1350 1764 etiam
1386 1724 1468 1772 vis,
1508 1730 1552 1762 ut

200 1789 426 1830 missilibus
453 1788 596 1843 procul
622 1795 808 1828 arcerent
835 1787 1010 1834 hostem,
1037 1786 1196 1826 idoneis
1222 1784 1323 1825 locis
1350 1785 1551 1839 disposita

202 1857 277 1891 est.
316 1850 626 1891 tabernaculum
650 1849 811 1903 regium
836 1863 910 1902 pro
936 1847 1044 1888 vallo
1069 1847 1111 1886 in
1131 1853 1352 1901 conspecto
1373 1846 1551 1887 maxime

201 1912 371 1960 tumulo,
399 1919 441 1951 ut
467 1919 665 1952 terrorem
690 1910 877 1952 hostibus
905 1909 1072 1962 suisque
1099 1923 1216 1963 spem
1242 1923 1292 1948 ex
1316 1907 1468 1948 fiducia
1492 1908 1553 1948 fa-

202 1982 323 2022 ceret,
350 1974 544 2028 positum.

285 2037 362 2078 VI.
413 2035 573 2077 Consul
604 2051 677 2090 per
709 2035 950 2089 Charopum
986 2033 1187 2088 Epiroten
1225 2032 1372 2073 certior
1403 2032 1551 2081 factus,

201 2113 304 2151 quos
339 2098 468 2139 saltus
501 2113 594 2138 011111
631 2098 813 2139 exercitu
849 2096 1073 2137 insedisset
1107 2110 1200 2144 rex,
1238 2102 1277 2135 et
1314 2094 1421 2148 ipse,
1460 2108 1553 2134 cum

203 2159 412 2213 Corcyrae
444 2160 723 2209 hibernasset,
761 2174 857 2200 vere
889 2158 1020 2213 primo
1046 2158 1088 2198 in
1115 2157 1394 2198 continentem
1419 2162 1554 2196 trave—

203 2229 292 2261 ctus
324 2222 376 2261 ad
408 2221 570 2262 hostem
602 2222 752 2262 ducere
782 2221 930 2276 pergit.
992 2219 1172 2272 quinque
1204 2218 1317 2258 milia
1346 2217 1475 2257 ferme
1502 2218 1553 2258 ab

201 2283 327 2337 regiis
349 2284 494 2324 castris
515 2298 609 2324 eum
634 2285 819 2332 abesset,
845 2283 935 2324 1000
961 2281 1118 2321 munito
1144 2280 1296 2321 relictis
1322 2279 1554 2334 legionibus

202 2344 291 2398 ipse
317 2358 410 2384 cum
430 2346 632 2400 expeditis
658 2360 904 2399 progressus
927 2344 979 2384 ad
1005 2342 1256 2397 speculanda
1274 2342 1365 2382 loca
1389 2349 1556 2396 postero

203 2406 269 2446 die
300 2407 516 2447 eonsilium
548 2408 708 2456 habuit,
734 2415 871 2447 utrum
901 2420 975 2460 per
1007 2405 1215 2445 insessum
1240 2405 1291 2444 ab
1323 2403 1442 2444 hoste
1475 2403 1555 2443 sal-

203 2476 303 2515 tum,
330 2483 581 2522 quamquam
608 2469 723 2509 labor
741 2468 888 2521 ingens
910 2466 1219 2521 periculumque
1244 2472 1555 2520 proponeretur,

202 2531 421 2572 transitum
452 2537 671 2585 temptaret
704 2546 754 2570 an
786 2529 932 2570 codem
969 2528 1131 2576 itinere,
1169 2542 1249 2581 quo
1281 2527 1416 2581 priore
1448 2540 1554 2566 anno

205 2591 414 2647 Sulpicius
441 2593 735 2633 Macedoniam
764 2592 1007 2639 intraverat,
1047 2590 1370 2630 circumduceret
1402 2589 1554 2644 copias.

1567 317 1585 346 5

1573 1111 1616 1144 10

1576 1301 1613 1330 11

1582 2409 1600 2439 3

203 2654 283 2695 hoc
313 2655 531 2696 consilium
562 2669 636 2709 per
666 2654 816 2695 multos
849 2652 936 2693 dies
964 2652 1135 2707 agitanti
1161 2652 1198 2693 ei
1227 2651 1396 2692 nuntius
1430 2649 1555 2700 venit,
1580 2662 1602 2691 4

274 2721 337 2748 Livi
358 2722 411 2748 vol.
433 2721 485 2749 ΙΙΙ,
1317 2717 1339 2750 4
