1799 2900
438 97 592 130 LIBER
617 97 857 142 XXXVIIII,
884 98 935 132 13.
958 98 1008 132 14.
1037 100 1084 141 [a.
1101 97 1234 141 0186]
1430 89 1512 129 383

167 201 323 250 consul,
351 208 390 240 et
417 199 494 240 sibi
513 213 633 239 curae
660 200 747 240 fore
768 200 916 249 dicere,
942 208 986 241 ut
999 201 1157 241 Romae
1183 206 1269 240 tuto
1296 200 1511 241 habitaret.

166 271 253 304 tum
279 262 456 316 Hispala
486 261 687 315 originem
719 276 927 302 sacrorum
959 262 1180 317 expromit:
1212 262 1344 316 primo
1378 274 1513 302 sacra·
1538 273 1556 302 S

166 324 273 364 rium
303 324 345 363 id
375 324 623 363 feminarum
654 323 781 364 fuisse
813 338 889 364 nec
920 338 1168 377 quemquam
1200 338 1247 364 eo
1279 323 1411 363 virum
1442 323 1513 363 ad-

166 386 270 426 mitti
299 385 477 426 solitum.
539 393 619 425 tres
652 385 692 424 in
720 400 827 426 anno
854 394 981 425 statos
1009 386 1096 426 dies
1122 385 1336 433 habuisse,
1363 384 1511 438 quibus

166 447 343 488 interdiu
366 446 545 487 Bacchis
570 446 844 496 initiarentur,
878 448 1112 488 sacerdotes
1138 447 1180 486 in
1206 447 1337 486 vicem
1362 454 1514 486 matro-

166 523 240 548 nas
268 507 396 548 creari
423 507 577 548 solitas.
614 507 830 547 Pacullam
845 509 1027 549 Anniam
1042 507 1301 561 Campanam
1322 508 1512 548 sacerdo·
1539 518 1556 547 9

167 576 248 610 tem
279 568 435 617 onmia,
476 576 686 621 tamquam
713 569 835 609 defun
861 570 1037 618 monitu,
1071 570 1315 618 inmutasse3
1353 584 1448 609 nam
1475 576 1513 608 et

166 631 275 671 viros
303 646 395 671 eam
422 631 596 684 primam
622 631 726 671 filios
749 646 844 671 suos
870 631 1068 679 initiasse,
1094 631 1273 670 Eiinium
1294 639 1333 671 et
1351 632 1514 671 Heren-

166 692 279 732 nium
307 691 537 740 Cerrinios,
565 700 605 731 et
638 700 884 732 nocturnum
917 706 1077 732 sacrum
1111 707 1161 732 ex
1194 693 1337 732 diurno
1370 700 1409 732 et
1440 706 1514 745 pro

167 753 295 793 tribus
322 754 364 793 in
396 768 502 793 anno
529 753 673 793 diebus
706 753 852 805 quinos
886 754 1057 807 singulis
1084 754 1294 794 mensibus
1321 753 1407 794 dies
1438 753 1515 793 ini-

166 815 315 854 tiorum
346 814 507 854 fecisse.
570 828 621 854 ex
654 828 733 867 quo
764 815 806 854 in
838 815 1071 869 promiscuo
1104 829 1221 855 sacra
1253 815 1333 855 sint
1358 822 1398 854 et
1421 829 1514 868 per·
1542 825 1580 854 10

166 876 283 915 mixti
314 875 390 915 viri
420 875 603 923 feminis,
631 883 671 915 et
702 876 833 916 noctis
859 876 1025 916 licentia
1050 876 1290 924 accesserit,
1328 875 1428 916 nihil
1458 875 1514 915 ibi

167 937 374 985 facinoris,
395 937 497 976 nihil
516 937 658 990 flagitii
680 939 1030 991 praetermissum.
1068 939 1186 992 plura
1211 939 1391 993 virorum
1409 937 1515 977 inter

168 1013 259 1039 sese
285 1013 409 1051 quam
434 998 680 1038 feminarum
705 1013 797 1039 esse
819 1007 973 1053 stupra.
1012 999 1045 1038 si
1065 999 1134 1052 qui
1154 999 1288 1039 minus
1310 999 1512 1053 patientes
1542 1011 1579 1039 11

167 1060 380 1100 dedecoris
408 1060 489 1099 sint
514 1067 554 1100 et
578 1059 779 1114 pigriores
806 1061 858 1100 ad
883 1060 1056 1108 facinus,
1083 1075 1156 1114 pro
1183 1061 1359 1101 victimis
1385 1060 1516 1100 inmo-

166 1122 253 1162 lari.
290 1121 390 1161 nihil
408 1122 525 1161 nefas
542 1121 703 1169 ducere,
726 1122 833 1161 hanc
849 1137 1052 1162 summam
1072 1122 1176 1162 inter
1191 1137 1260 1162 eos
1275 1122 1515 1175 religionem

167 1197 272 1223 esse.
332 1183 441 1222 viros
478 1182 592 1222 velut
627 1190 764 1222 mente
801 1191 921 1236 capta
958 1196 1051 1222 cnm
1087 1182 1305 1223 iactatione
1338 1183 1583 1222 fanaticam

166 1243 347 1298 corporis
374 1243 605 1292 vaticinari,
638 1251 848 1284 matronas
873 1244 1135 1284 Baccharum
1168 1243 1309 1284 habitu
1336 1243 1515 1283 crinibus

168 1305 322 1360 sparsis
367 1319 460 1345 cum
504 1305 742 1345 ardentibus
786 1305 946 1345 facibus
985 1306 1199 1346 decurrere
1243 1306 1295 1345 ad
1332 1305 1515 1345 Tiberim

167 1367 451 1420 demissasque
488 1367 529 1407 in
565 1382 714 1420 aquam
752 1367 884 1416 faces,
923 1367 1019 1420 quia
1048 1367 1188 1408 vivum
1220 1367 1391 1421 sulphur
1423 1382 1516 1407 cnm

167 1430 278 1471 calce
303 1429 413 1478 insit,
440 1429 602 1483 integra
620 1430 786 1470 flamma
806 1431 966 1471 efferre.
1009 1438 1148 1484 raptos
1176 1446 1200 1471 a
1225 1430 1300 1470 diis
1328 1430 1514 1471 homines
1543 1440 1581 1469 13

168 1491 266 1539 dici,
305 1505 407 1543 quos
443 1490 658 1531 machinae
702 1491 895 1546 inligatos
928 1506 979 1532 ex
1017 1499 1241 1546 conspectu
1276 1492 1316 1531 in
1355 1492 1515 1532 abditos

169 1567 317 1606 specus
349 1552 574 1606 abripiant3
607 1567 677 1593 eos
711 1568 803 1593 esse
835 1553 904 1606 qui
935 1560 1005 1593 aut.
1030 1553 1243 1593 coniurare
1268 1560 1340 1593 aut
1370 1553 1518 1593 sociari

169 1613 420 1654 facinoribus
465 1622 534 1654 aut
578 1622 765 1668 stuprum
807 1614 893 1669 pati
936 1614 1154 1655 noluerint.
1213 1614 1515 1654 multitudinem
1544 1623 1583 1651 1-1

167 1675 391 1729 ingentem,
419 1675 593 1715 alterum
612 1675 694 1715 iam
715 1689 843 1729 prope
868 1675 1065 1729 populum
1086 1689 1191 1723 0550,
1213 1675 1254 1714 111
1278 1675 1340 1715 his
1355 1675 1514 1716 nobiles

168 1737 371 1790 quosdam
401 1736 511 1777 viros
545 1736 815 1788 feminasque.
876 1736 1040 1776 biennio
1071 1736 1259 1790 proximo
1284 1736 1516 1776 institutum

169 1812 275 1846 esse,
300 1812 352 1838 ne
373 1797 463 1850 quis
490 1798 620 1838 maior
640 1798 785 1852 viginti
811 1798 927 1838 annis
953 1798 1198 1847 initiaretur3
1225 1798 1381 1853 captari
1406 1806 1517 1839 aeta-

168 1867 229 1900 tes
255 1866 296 1899 et
320 1859 468 1900 erroris
494 1866 533 1899 et
560 1860 689 1914 stupri
715 1859 932 1913 patientes

252 1920 406 1961 XIIII.
454 1921 631 1962 Peracto
657 1920 808 1962 indicio
834 1921 1029 1962 advoluta
1053 1936 1195 1962 rursus
1223 1921 1397 1975 genibus
1422 1936 1515 1976 pre-
1543 1931 1557 1958 1

169 1996 237 2023 ces
263 1982 450 2031 easdem,
481 1989 527 2022 ut
552 1997 596 2023 se
622 1983 849 2036 ablegaret,
876 1983 1079 2036 repetivit.
1140 1983 1282 2023 consul
1306 1991 1426 2037 rogat
1452 1998 1517 2023 so-

169 2058 302 2092 crum,
339 2050 385 2084 ut
415 2043 595 2097 aliquam
625 2052 786 2098 partem
818 2045 982 2085 aedium
1017 2059 1190 2085 vacuam
1226 2045 1399 2092 faceret,
1436 2058 1516 2097 quo

169 2105 347 2158 Hispala
377 2104 629 2160 inmigraret.
690 2106 930 2146 cenaculum
963 2121 1086 2161 super
1117 2107 1240 2147 aedes
1274 2106 1414 2146 datum
1440 2113 1514 2153 est,

171 2165 292 2207 scalis
326 2166 553 2207 ferentibus
584 2167 626 2207 in
662 2168 873 2221 publicum
906 2168 1127 2216 obseratis,
1165 2167 1277 2208 aditu
1313 2167 1355 2207 in
1392 2167 1514 2207 aedes

170 2242 303 2268 verso.
362 2242 429 2267 res
455 2242 597 2268 omnes
622 2229 827 2269 Feceniae
853 2229 1057 2284 extemplo
1083 2229 1307 2269 translatae
1333 2236 1373 2269 et
1397 2228 1516 2268 fami-
1541 2240 1559 2269 3

170 2288 224 2329 lia
255 2288 472 2338 arcessita3
510 2296 549 2330 et
580 2290 789 2330 Aebutius
821 2290 999 2344 migrare
1030 2290 1082 2330 ad
1114 2290 1294 2331 consulis
1326 2289 1516 2330 clientem

169 2350 321 2391 iussus.

253 2412 319 2452 Ita
355 2426 448 2452 cum
483 2412 639 2453 indices
676 2413 798 2453 ambo
828 2412 870 2452 in
905 2420 1109 2466 potestate
1146 2421 1304 2461 essent,
1341 2427 1430 2453 rem
1464 2413 1518 2453 ad

171 2481 359 2514 senatum
374 2473 616 2515 Postumius
643 2474 788 2523 defert,
815 2474 1005 2515 omnibus
1027 2474 1168 2515 ordine
1191 2474 1388 2529 expositis
1410 2488 1515 2527 quae

170 2535 306 2576 delata
329 2535 474 2589 primo,
501 2550 606 2588 quae
631 2535 779 2576 deinde
805 2536 856 2576 ab
883 2550 926 2576 se
951 2535 1146 2589 inquisita
1169 2535 1316 2579 forent.
1373 2542 1512 2590 patres
1538 2547 1557 2576 4

1542 1991 1559 2020 10
