1799 2900
447 143 600 179 LIBER
625 143 832 187 XXXHH,
859 142 1016 177 29—31.
1045 141 1243 186 [21.C.198]
1444 130 1523 172 149

170 250 299 306 Argis
324 249 505 297 relictus,
532 247 681 288 tradita
707 247 893 287 custodia
912 246 1026 287 urbis
1041 244 1267 286 Timocrati
1285 243 1524 285 Pellenensi

171 328 264 354 cum
288 311 399 352 mille
424 309 717 351 mercennariis
744 309 943 349 militibus
965 316 1003 349 et
1027 308 1188 348 duobus
1214 306 1382 347 milibus
1397 304 1523 359 Argi-

170 389 316 416 vorum
340 372 706 413 Lacedaemonem
733 371 785 411 ad
809 371 961 411 Nabim
986 370 1110 411 venit.

255 435 414 476 XXX.
462 434 593 475 Nabis
626 433 731 474 sicut
760 432 892 487 primo
926 433 1107 472 adventu
1130 431 1347 472 Romanae
1378 428 1523 470 classis

171 507 212 540 et
242 497 460 538 traditione
492 495 737 550 oppidorum
770 494 999 534 maritimae
1031 508 1127 534 orae
1153 492 1398 534 conterritus
1424 497 1523 538 erat,

172 560 230 601 sic
260 574 390 614 parva
424 573 496 612 spe
529 572 623 597 eum
655 556 935 610 adquievisset
963 555 1130 610 Gytheo
1157 555 1208 595 ab
1234 554 1318 594 suis
1349 560 1523 600 retento,

170 629 393 676 postquam
417 620 459 660 id
485 633 647 673 quoque
674 618 869 659 traditum
892 617 1093 659 Romanis
1127 616 1285 657 audivit
1310 629 1402 656 esse
1431 612 1523 668 [et]‚

172 698 266 724 cum
292 684 344 723 ab
371 690 479 722 terra
504 681 695 723 omnibus
723 681 832 721 eirea
863 679 1052 721 hostibus
1084 679 1186 719 nihil
1217 677 1305 733 spei
1336 686 1465 725 esset,
1504 691 1539 715 a¹

172 745 275 786 mari
296 758 457 797 quoque
478 752 564 784 toto
584 758 628 783 se
648 742 930 790 interclusum,
952 741 1183 782 cedendum
1202 740 1392 780 fortunae
1410 745 1525 779 ratus

173 807 488 847 caduceatorem
512 805 691 859 primum
716 803 759 844 in
784 811 921 844 eastra
944 803 1056 844 misit
1080 802 1134 843 ad
1153 801 1465 857 explorandum,
1493 798 1528 840 si

172 875 412 922 paterentur
436 867 597 921 legatos
625 866 677 906 ad
703 881 746 906 se
772 865 890 906 mitti.
952 880 1033 918 qua
1059 865 1278 918 impetrata
1300 877 1345 903 re
1369 861 1528 917 Pytha-

174 945 297 985 goras
336 930 389 970 ad
424 929 716 983 imperatorem
753 928 865 968 venit
901 928 1026 968 nullis
1064 941 1157 967 cum
1194 925 1284 966 aliis
1320 923 1527 965 mandatis

174 1007 298 1045 quam
327 998 373 1031 ut
403 999 578 1044 tyranno
605 990 796 1042 conloqui
827 1003 921 1028 cum
945 989 1193 1043 imperatore
1217 987 1372 1027 liceret.
1433 999 1530 1026 cou-

175 1053 265 1094 silio
297 1053 498 1094 advocato
533 1066 627 1091 eum
657 1065 801 1091 omnes
836 1051 1019 1090 dandum
1050 1049 1314 1102 conloquium
1345 1047 1530 1088 censuis-

176 1124 285 1164 sent,
323 1115 410 1155 dies
436 1114 634 1165 locusque
667 1112 942 1153 constituitur.
1004 1111 1046 1152 in
1071 1111 1233 1151 mediae
1259 1109 1440 1163 regionis
1467 1118 1530 1149 tu-

174 1177 307 1217 mulos
333 1175 505 1215 modieis
533 1174 661 1228 copiis
689 1174 960 1227 sequentibus
987 1188 1080 1214 cum
1107 1172 1339 1220 venissent,
1376 1170 1530 1211 relictis

173 1238 231 1278 ibi
262 1238 305 1277 in
335 1236 511 1277 statione
538 1244 762 1289 conspecta
786 1236 991 1288 utrimque
1017 1234 1256 1275 cohortibus
1281 1232 1412 1273 Nabis
1439 1245 1532 1272 cum

175 1299 345 1340 delectis
388 1297 629 1339 custodibus
673 1297 877 1351 corporis,
921 1296 1144 1348 Quinctius
1189 1310 1282 1336 cum
1324 1295 1450 1335 fratre
1493 1301 1533 1334 et.

174 1362 363 1402 Eumene
394 1375 492 1414 regc
525 1368 564 1400 et
592 1358 731 1400 Sosila
755 1358 921 1400 Rhodio
949 1366 987 1399 et
1014 1358 1239 1398 Aristaeno
1264 1356 1533 1397 Achaeorum

174 1431 363 1477 praetore
390 1421 647 1474 tribunisque
673 1421 848 1461 militum
875 1420 1019 1476 paucis
1047 1419 1275 1460 deseendit.

261 1485 443 1525 XXXI.
486 1485 551 1525 Ibi
576 1485 792 1539 permisso,
820 1494 863 1525 ut
891 1499 964 1525 scu
989 1483 1124 1524 dicere
1151 1482 1264 1538 prius
1292 1496 1365 1522 seu
1392 1480 1533 1520 audire

176 1547 335 1596 mallet,
373 1547 430 1587 ita
455 1547 590 1600 coepit
616 1556 837 1601 tyrannus:
883 1546 935 1587 ‘si
961 1546 1050 1600 ipse
1076 1560 1149 1599 per
1174 1559 1259 1593 me,
1285 1544 1336 1584 T.
1363 1541 1534 1594 Quincti

178 1623 335 1661 vosque
361 1609 430 1661 qui
462 1609 634 1657 adestis,
674 1623 844 1648 causam
870 1608 1106 1662 excogitare
1138 1621 1210 1647 cur
1240 1605 1341 1645 mihi
1374 1613 1445 1644 aut
1474 1604 1535 1643 in-

179 1670 388 1711 dixissetis
420 1670 575 1711 bellum
608 1680 679 1710 aut
708 1670 915 1710 inferretis
942 1684 1128 1723 possem,
1167 1668 1314 1708 tacitus
1341 1674 1535 1707 eventum

179 1733 367 1773 fortunae
384 1747 499 1772 meae
514 1740 821 1786 expectassem;
849 1745 957 1771 nunc
978 1731 1180 1784 imperare
1202 1729 1338 1769 animo
1360 1742 1534 1780 nequeo,

180 1794 290 1847 quin,
317 1794 557 1849 priusquam
584 1794 773 1848 perirem,
802 1808 872 1833 cur
897 1793 1104 1847 periturus
1133 1806 1269 1832 essem
1296 1790 1457 1830 scirem.
1496 1798 1534 1829 et

179 1856 380 1905 hercules,
409 1856 442 1896 si
463 1856 565 1896 tales
587 1856 747 1904 essetis,
769 1855 901 1908 qualis
924 1870 1015 1895 esse
1033 1853 1402 1908 Carthaginienses
1423 1851 1536 1891 sama

180 1927 255 1967 cst,
282 1919 392 1972 apud
413 1933 514 1971 quos
536 1918 637 1958 nihil
663 1917 872 1958 societatis
899 1917 1002 1957 fides
1031 1915 1167 1956 sancti
1193 1915 1376 1962 haberet,
1402 1913 1444 1953 in
1471 1927 1535 1952 me

180 1995 343 2033 quoque
365 1980 481 2021 vobis
503 1981 601 2034 quid
620 1980 810 2020 faceretis
832 1979 967 2019 minus
988 1978 1109 2033 pensi
1129 1992 1222 2018 esse
1242 1992 1324 2017 non
1345 1975 1534 2023 mirarer3

180 2057 290 2082 nunc
315 2057 408 2082 cum
434 2058 508 2084 vos
535 2043 714 2090 intueor,
746 2042 962 2083 Romanos
995 2055 1087 2081 esse
1120 2040 1260 2087 video,
1299 2037 1369 2090 qui
1398 2051 1535 2077 rerum

181 2104 411 2144 dlvinarum
438 2105 626 2153 foedera,
653 2104 926 2144 humanarum
952 2103 1077 2142 fidem
1103 2100 1299 2142 socialem
1325 2097 1538 2139 sanctissi-

181 2181 292 2205 mam
317 2166 517 2215 habeatis,
545 2181 638 2206 cum
664 2181 730 2206 me
756 2166 846 2220 ipse
872 2164 1050 2218 respexi,
1078 2178 1172 2204 eum
1192 2177 1284 2203 esse
1312 2175 1445 2216 spero,
1473 2159 1538 2200 eui

183 2237 221 2267 et
247 2228 411 2281 publice
440 2228 545 2268 sicut
571 2228 717 2269 ceteris
739 2227 1073 2267 Lacedaemonis
1100 2224 1316 2265 vobiscum
1343 2221 1538 2262 vetustis-

184 2289 334 2329 simum
366 2290 512 2330 foedus
546 2290 598 2330 sit
635 2298 675 2330 et
711 2304 805 2329 meo
842 2288 1008 2329 nomine
1044 2286 1237 2341 privatim
1274 2283 1454 2325 amicitia
1491 2297 1539 2323 ac

185 2351 373 2400 societas,
400 2367 529 2405 nuper
550 2351 734 2405 Philippi
759 2351 867 2391 bello
892 2359 1103 2390 renovata.
1141 2358 1183 2389 at
1208 2348 1317 2389 enim
1343 2361 1420 2401 ego
1448 2360 1539 2386 eam

187 2413 334 2454 violavi
360 2422 398 2454 et
426 2414 565 2463 everti,
593 2415 703 2467 quod
728 2414 983 2468 Argivorum
1011 2413 1218 2453 civitatem
1244 2419 1378 2452 teneo.
1439 2424 1539 2463 quo-

185 2476 306 2516 modo
332 2476 410 2516 hoc
436 2478 575 2516 tuear?
611 2492 654 2517 re
687 2492 739 2516 an
770 2476 979 2530 tempore?
1015 2490 1082 2516 res
1107 2473 1209 2514 mihi
1235 2473 1442 2528 duplicem
1468 2472 1539 2511 de-

184 2538 415 2579 fensionem
441 2539 630 2593 praebet:
680 2554 777 2578 nam
802 2547 842 2578 et
868 2538 969 2592 ipsis
998 2536 1241 2577 vocantibus
1269 2549 1316 2575 ac
1341 2533 1539 2575 tradenti-

185 2601 260 2640 bus
288 2601 432 2641 urbem
458 2616 549 2641 cam
581 2600 740 2654 accepi,
778 2614 861 2640 non
893 2598 1112 2653 occupavi,
1150 2605 1191 2639 et
1222 2597 1362 2651 accepi
1392 2597 1539 2636 urbem

1561 1739 1579 1767 10
