1799 2900
501 127 655 162 LIBER
679 129 876 172 xxxvn,
904 129 1002 163 7-9.
1031 127 1133 172 [ac
1152 129 1230 172 190]
1461 119 1544 161 265

198 233 328 273 laetus
349 231 553 272 exercitus
575 231 627 272 ad
651 240 894 287 praeparata
919 233 1057 274 omnia
1079 234 1121 274 in
1134 231 1428 272 Macedoniam
1452 246 1545 286 per-

196 294 320 334 venit.
381 293 583 334 venientis
614 294 728 348 regio
754 295 954 349 adparatu
981 303 1021 336 et
1049 295 1205 350 accepit
1231 302 1271 335 et
1300 300 1544 348 prosecutus
1574 309 1612 339 15

196 364 259 396 est
284 370 369 395 rex.
407 355 536 395 multa
555 356 596 395 in
618 370 665 396 eo
687 364 726 396 et
747 357 969 397 dexteritas
993 365 1032 397 et
1057 356 1290 397 humanitas
1311 356 1412 405 visa,
1438 370 1544 409 quac

197 417 540 457 commendabilia
576 418 686 472 apud
721 418 969 458 Africanum
1006 426 1139 467 erant,
1177 418 1310 458 virum
1351 417 1456 458 sicut
1493 417 1545 458 ad

197 486 333 520 cetera
358 479 590 534 egregium,
616 479 671 520 ita
699 496 721 520 a
747 481 956 529 comitate,
990 495 1095 534 quae
1121 480 1208 521 sine
1233 480 1395 520 luxuria
1420 487 1543 528 esset,

196 556 278 581 non
299 556 502 581 aversum.
535 541 629 582 inde
655 557 737 583 non
761 558 835 597 per
848 542 1140 583 BIacedoniam
1165 542 1300 590 modo,
1328 542 1401 582 sed
1422 541 1544 582 etiam
1574 556 1612 585 16

196 603 420 644 Thraciam
445 612 721 658 prosequente
748 613 788 646 et
811 613 1082 660 praeparante
1108 605 1246 646 omnia
1269 604 1465 659 Philippo
1491 604 1544 644 ad

198 665 519 720 Hellespontum
543 674 787 720 perventum
814 674 888 708 est.

280 728 404 770 VHI.
454 729 687 768 Antiochus
716 736 811 783 post
834 729 1025 769 navalem
1051 728 1103 768 ad
1129 726 1336 782 Corycum
1362 743 1546 782 pugnam
1574 742 1589 771 1

198 804 290 829 eum
317 796 444 830 totam
470 790 648 831 hiemem
673 786 846 831 liberam
870 790 911 830 in
938 791 1158 845 adparatus
1191 790 1395 831 terrestris
1422 790 1545 830 mari-

197 851 401 904 timosque
433 851 664 901 habuisset,
703 852 826 892 classi
850 867 1043 892 maxume
1068 851 1340 906 reparandae,
1378 866 1430 892 ne
1461 858 1547 892 tota

197 913 320 953 maris
335 913 599 967 possessione
618 913 850 968 pelleretur,
877 913 1057 953 intentus
1078 913 1224 952 fuerat.
1263 913 1545 962 suham-rebat,
1573 927 1591 955 2

197 983 435 1028 superatum
456 990 512 1023 se,
540 990 633 1014 eum
648 974 791 1015 classis
812 975 1014 1015 adfuisset
1027 974 1303 1015 Rhodiorum:
1331 975 1479 1027 quodsi
1499 990 1548 1015 ea

197 1051 359 1089 quoque
386 1061 442 1065 —-
464 1051 541 1077 nec
578 1036 870 1077 commissuros
903 1036 1110 1084 Rhodios,
1147 1043 1191 1076 ut
1229 1036 1377 1076 iterum
1412 1051 1547 1077 mora-

196 1106 336 1139 rentur
359 1123 416 1127 —
441 1099 651 1139 certamini
684 1099 867 1147 adesset,
900 1113 1052 1152 magno
1080 1098 1157 1139 sibi
1182 1099 1348 1138 navium
1375 1114 1546 1140 numero

196 1175 299 1214 opus
338 1161 444 1209 fore,
481 1168 527 1200 ut
562 1160 716 1200 viribus
755 1168 794 1200 et
830 1160 1114 1213 magnitudine
1152 1160 1328 1200 classem
1366 1160 1547 1201 hostium

195 1230 404 1275 aequaret.
463 1223 601 1275 itaque
634 1230 671 1263 et
704 1222 985 1263 Hannibalem
1022 1222 1063 1261 in
1098 1221 1262 1276 Syriam
1294 1222 1462 1263 miserat
1495 1222 1548 1262 ad
1573 1234 1591 1262 3

194 1283 453 1325 Phoenicum
480 1284 750 1324 accersendas
777 1299 925 1332 naves,
952 1292 990 1324 et
1016 1284 1337 1338 Polyxenidam,
1365 1298 1446 1337 quo
1471 1284 1547 1323 mi-

195 1361 272 1386 nus
298 1361 495 1401 prospere
520 1354 638 1400 gesta
663 1361 728 1386 res
755 1354 854 1395 erat,
881 1360 929 1386 eo
956 1346 1115 1386 enixius
1142 1353 1181 1386 et
1206 1361 1275 1386 eas
1302 1360 1406 1399 quae
1432 1355 1548 1386 erant

194 1408 362 1448 reficere
400 1415 438 1448 et
476 1408 576 1448 alias
614 1423 758 1462 parare
795 1422 923 1448 naves
960 1407 1092 1448 iussit.
1159 1408 1248 1462 ipse
1285 1407 1326 1447 in
1360 1407 1548 1462 Phrygia
1573 1422 1592 1449 4

196 1468 445 1518 hibernavit,
484 1470 664 1522 undique
702 1470 853 1510 auxilia
891 1483 1120 1510 accersens.
1181 1470 1304 1509 etiam
1335 1469 1376 1509 in
1404 1469 1548 1510 Gallo-

196 1530 403 1584 graeciam
428 1530 614 1579 miserat3
641 1531 920 1572 bellicosiores
947 1546 995 1571 ea
1019 1538 1264 1585 tempestate
1291 1539 1418 1579 erant,
1447 1530 1548 1571 Gal-

196 1592 297 1631 licos
342 1591 493 1640 adhuc,
537 1593 720 1632 nondum
762 1592 925 1633 exoleta
970 1592 1095 1646 stirpe
1132 1592 1287 1646 gentis,
1332 1600 1544 1632 servantes

197 1654 369 1694 animos.
430 1654 558 1693 filium
586 1653 808 1694 Seleucum
833 1654 875 1694 in
900 1654 1077 1694 Aeolide
1108 1654 1329 1707 reliquerat
1355 1668 1446 1693 cun]
1475 1669 1545 1694 ex-
1572 1668 1591 1696 ὁ

197 1715 324 1755 ereitu
351 1714 402 1755 ad
432 1715 658 1756 maritimas
681 1716 948 1756 continendas
976 1716 1112 1763 urbes,
1139 1729 1241 1768 quas
1268 1715 1379 1755 illinc
1399 1731 1422 1755 a
1441 1716 1544 1755 Per-

197 1792 319 1831 gamo
355 1777 592 1825 Eumenes,
631 1777 725 1817 hinc
763 1794 786 1818 a
822 1778 1016 1818 Phocaea
1053 1778 1329 1830 Erythrisque
1366 1778 1547 1818 Romani

198 1838 485 1879 sollicitabant.
548 1840 692 1880 classis
718 1840 926 1887 Romana,
955 1839 1060 1879 sicut
1085 1846 1179 1879 ante
1206 1839 1359 1879 dietum
1385 1846 1465 1887 est,
1493 1839 1545 1880 ad
1572 1851 1590 1880 6

198 1893 337 1935 Canas
365 1894 621 1935 hibernabat.
682 1911 730 1936 eo
755 1896 891 1936 media
922 1895 1050 1936 ferme
1077 1895 1210 1935 hieme
1236 1910 1309 1935 rex
1334 1896 1545 1935 Eumenes

197 1971 291 1997 cum
332 1957 480 2012 viginti
526 1958 692 1998 milibus
743 1958 927 2012 peditum
977 1957 1265 2010 equitibusque
1309 1956 1545 2011 quingentis

196 2019 319 2060 venit.
380 2019 415 2059 is
448 2034 541 2059 cum
577 2034 772 2074 magnam
804 2020 1001 2074 praedam
1034 2019 1100 2073 agi
1136 2033 1259 2073 posse
1292 2018 1465 2059 dixisset
1495 2034 1546 2059 ex
1573 2032 1589 2060 7

196 2096 296 2134 agro
328 2081 507 2121 hostium
542 2082 611 2134 qui
642 2082 748 2122 circa
779 2082 1022 2135 Thyatiram
1055 2089 1183 2129 esset,
1221 2081 1422 2121 hortando
1454 2095 1547 2134 per-

195 2143 300 2196 pulit
324 2143 512 2192 Livium,
550 2151 594 2183 ut
625 2144 804 2197 quinque
836 2143 947 2182 milia
979 2143 1154 2182 militum
1186 2157 1326 2183 secum
1352 2143 1543 2183 mitteret.

196 2204 312 2244 missi
337 2204 546 2258 ingentem
572 2206 768 2259 praedam
793 2206 900 2245 intra
923 2219 1077 2259 paucos
1105 2204 1191 2244 dies
1218 2211 1465 2244 averterunt.

279 2266 428 2307 VIIII.
476 2266 590 2306 Inter
621 2266 723 2306 haec
746 2267 965 2306 Phocaeae
998 2266 1143 2306 seditio
1176 2274 1264 2306 orta
1297 2265 1544 2319 quibusdam
1572 2278 1586 2307 1

197 2327 249 2367 ad
275 2326 529 2367 Antiochum
560 2327 832 2367 multitudinis
865 2327 1024 2367 animos
1058 2327 1339 2368 avocantibus.
1400 2327 1543 2382 gravia
1569 2340 1587 2369 2

196 2388 368 2430 hiberna
394 2389 559 2428 navium
585 2396 718 2438 erant,
745 2404 871 2443 grave
897 2389 1115 2437 tributum,
1143 2390 1253 2442 quod
1278 2397 1399 2442 togae
1426 2389 1543 2442 quin-

196 2456 344 2504 gentae
381 2450 604 2504 imperatae
644 2459 760 2490 erant
796 2465 889 2490 cum
926 2451 1161 2505 quingentis
1198 2452 1366 2500 tunicis3
1404 2451 1542 2505 gravis
1569 2463 1587 2492 3

197 2511 319 2552 etiam
356 2511 495 2566 inopia
530 2512 741 2561 frumenti,
778 2520 946 2567 propter
977 2527 1101 2566 quam
1137 2528 1264 2553 naves
1302 2527 1464 2566 quoque
1502 2520 1542 2554 et

196 2573 445 2627 praesidium
472 2573 705 2614 Romanum
738 2574 927 2615 excessit.
989 2583 1074 2614 tum
1106 2589 1202 2615 vero
1229 2575 1400 2615 liberata
1430 2585 1541 2615 metu
