1799 2900
474 109 629 143 LIBER
654 109 818 153 XXXV,
844 110 898 144 37.
917 110 972 145 38.
1000 113 1048 153 [a.
1065 110 1103 145 C.
1119 110 1198 154 192]
1430 101 1510 141 207

156 216 251 256 dam
275 214 522 269 principem,
555 213 718 267 pulsum
754 214 901 267 opibus
935 229 1078 254 eorum
1109 214 1179 267 qui
1203 214 1419 254 Romanae
1446 228 1512 255 so-

155 276 312 317 cietatis
340 283 458 316 erant
482 283 577 329 post
597 275 647 315 T.
670 274 841 326 Quincti
867 275 1180 330 legatorumque
1207 276 1444 323 adventum,
1471 283 1509 316 et
1536 292 1554 319 5

155 338 419 379 Herodorum
448 336 629 377 Cianum
655 346 941 386 mercatorem,
969 339 1043 378 sed
1068 346 1280 392 potentem
1308 337 1509 378 Chalcide

153 408 321 456 propter
353 399 537 448 divitias,
576 399 833 454 praeparatis
861 401 913 440 ad
944 400 1221 455 proditionem
1251 400 1301 441 iis
1329 400 1399 453 qui
1423 401 1511 440 Eu-

154 462 363 516 thymidae
395 461 586 502 factionis
619 470 755 510 erant,
793 476 1055 515 nequaquam
1081 462 1256 503 eandem
1287 462 1509 510 fortunam,

153 540 234 578 qua
263 524 502 565 Demetrias
541 539 614 578 per
644 524 929 578 Eurylochum
968 532 1169 579 occupata
1206 532 1314 573 crat,
1354 525 1509 566 habuit.

153 587 432 641 Euthymidas
454 587 506 627 ab
526 586 706 626 Athenis
721 611 777 615 —
796 602 890 626 eum
912 587 1118 628 domicilio
1141 587 1351 641 delegerat
1372 587 1508 627 locum
1537 601 1554 630 6

152 674 207 677 -—
232 649 401 689 Thebas
429 649 626 704 primum,
659 649 754 689 hinc
781 649 991 703 Salganea
1015 650 1237 703 processit,
1264 650 1509 690 Herodorus

152 712 205 751 ad
219 711 464 752 Thronium.
504 711 600 751 inde
627 712 739 751 haud
765 712 908 765 procul
928 712 970 751 in
985 711 1167 752 Maliaco
1184 711 1275 751 sinu
1297 712 1378 752 duo
1398 712 1511 752 milia
1539 726 1553 754 7

152 773 339 827 peditum
365 773 508 814 Thoas
542 782 583 814 et
615 774 815 814 ducentos
854 774 1032 826 equites,
1071 774 1280 814 onerarias
1313 774 1426 815 leves
1458 775 1511 814 ad

152 835 321 889 triginta
346 835 540 876 habebat.
579 850 649 876 eas
672 850 765 876 cum
793 836 1000 876 sexcentis
1026 836 1236 890 peditibus
1263 837 1509 876 Herodorus

152 898 324 939 traicere
339 898 380 938 in
393 899 573 939 insulam
588 899 818 939 Atalanten
832 899 984 945 iussus,
1005 906 1048 938 ut
1064 899 1173 946 inde,
1196 913 1289 938 cum
1303 899 1507 953 pedestris
1535 910 1554 939 8

153 961 293 1015 copias
322 961 653 1015 adpropinquare
684 961 767 1000 iam
788 960 934 999 Aulidi
960 968 1083 1012 atque
1107 960 1267 1014 Euripo
1294 961 1508 1008 sensisset,

153 1022 398 1063 Chalcidem
417 1023 619 1063 traiceret.
657 1023 746 1076 ipsc
762 1030 919 1062 ceteras
941 1022 1081 1076 copias
1103 1023 1314 1062 nocturnis
1331 1023 1509 1062 maxime
1537 1034 1554 1063 9

151 1085 379 1128 itineribus,
407 1093 562 1136 quanta
586 1092 748 1138 poterat
774 1084 995 1131 celeritate,
1024 1082 1270 1124 Chalcidem
1297 1084 1486 1124 ducebat.

234 1146 507 1187 XXXVIII.
546 1146 753 1199 Micythio
774 1153 813 1186 et
835 1145 1107 1191 Xenoclides,
1135 1160 1263 1199 penes
1290 1159 1394 1198 quos
1421 1152 1508 1185 tum
1539 1160 1552 1187 1

152 1223 314 1248 summa
344 1222 483 1248 rerum
513 1208 635 1262 pulso
661 1207 921 1261 Euthymida
949 1206 1151 1248 Chalcide
1177 1215 1284 1253 erat,
1324 1222 1397 1247 seu
1428 1207 1510 1261 ipsi

151 1284 223 1324 per
238 1284 281 1310 se
298 1269 508 1324 suspicati,
537 1285 611 1310 seu
630 1269 810 1310 indicata
824 1284 868 1309 re
882 1270 1016 1323 primo
1030 1269 1184 1324 pavidi,
1210 1269 1313 1309 nihil
1334 1283 1510 1321 usquam

151 1331 239 1385 spei
260 1331 338 1371 nisi
352 1331 394 1371 in
413 1332 515 1386 fuga
534 1333 765 1386 po11ebant3
793 1332 942 1372 deinde
963 1341 1183 1386 postquam
1203 1330 1359 1371 resedit
1377 1339 1509 1371 terror
1536 1344 1554 1372 2

151 1403 190 1435 et
203 1395 322 1450 prodi
337 1406 377 1435 et
391 1395 526 1435 deseri
546 1410 628 1435 non
650 1395 826 1449 patriam
842 1395 977 1443 modo,
996 1394 1208 1435 sedetiam
1222 1394 1509 1434 Romanorum

151 1458 391 1498 societatem
418 1458 655 1503 cernebant,
683 1457 855 1498 consilio
881 1457 953 1497 tali
979 1457 1162 1497 animum
1189 1456 1440 1496 adiecerunt.

237 1518 412 1559 Sacrum
462 1520 789 1560 anniversarium
839 1534 887 1559 eo
937 1520 1044 1560 forte
1092 1527 1278 1573 tempore
1319 1517 1509 1558 Eretriae
1536 1530 1554 1558 3

150 1580 469 1634 Amarynthidis
496 1581 660 1621 Dianae
693 1588 797 1629 erat,
831 1581 942 1633 quod
968 1596 1051 1623 non
1082 1580 1344 1635 popularium
1371 1580 1508 1627 modo,

152 1643 226 1683 sed
264 1641 554 1696 Carystiorum
592 1643 714 1683 ctiam
754 1651 873 1683 coetu
911 1643 1156 1683 celebratur.
1223 1657 1271 1682 eo
1307 1643 1509 1683 miserunt
1536 1655 1555 1682 4

151 1705 221 1757 qui
246 1712 410 1745 orarent
428 1705 693 1745 Eretrienses
711 1704 1024 1758 Carystiosque,
1050 1713 1096 1744 ut
1120 1712 1161 1745 et
1187 1719 1353 1745 suarum
1380 1704 1511 1745 fortu-

150 1782 296 1806 narum
322 1766 363 1806 in
389 1767 535 1807 eadem
566 1767 701 1807 insula
733 1767 862 1821 geniti
893 1767 1185 1807 misererentur
1212 1774 1252 1807 et
1275 1766 1511 1807 Romanam

152 1828 392 1869 societatem
417 1829 692 1883 respicerent:
720 1844 771 1869 ne
798 1829 980 1869 sinerent
999 1829 1248 1869 Aetolorum
1264 1826 1509 1868 Chalcidem

148 1891 256 1937 fieri3
282 1892 500 1932 Euboeam
526 1891 754 1940 habituros,
783 1891 817 1931 si
838 1890 1084 1932 Chalcidem
1110 1891 1366 1931 habuissent.
1415 1905 1510 1943 gra·
1536 1902 1555 1930 5

150 1969 222 1994 ves
254 1953 385 1994 fuisse
416 1954 673 1995 Macedonas
708 1954 916 2002 dominos3
955 1953 1084 1994 multo
1116 1953 1252 1993 minus
1286 1952 1509 1993 tolerabilis

150 2016 311 2056 futuros
325 2016 516 2057 Aetolos.
560 2017 847 2057 Romanorum
874 2016 1054 2056 maxime
1079 2022 1293 2069 respectus
1320 2014 1507 2054 civitates
1535 2025 1552 2054 6

149 2078 298 2126 movit,
331 2086 371 2118 et
396 2078 591 2119 virtutem
620 2094 753 2134 nuper
778 2079 820 2118 in
845 2079 954 2119 bello
981 2087 1021 2118 et
1046 2078 1087 2117 in
1114 2077 1286 2117 victoria
1310 2076 1510 2116 iustitiam

151 2139 531 2193 benignitatemque
557 2149 763 2195 expertas.
812 2141 950 2193 itaque
977 2140 1089 2193 quod
1113 2139 1273 2180 roboris
1300 2139 1341 2178 in
1366 2138 1510 2179 iuven-

151 2207 237 2241 tute
268 2209 356 2241 erat
391 2210 565 2254 utraque
599 2203 743 2243 civitas
782 2202 958 2243 armavit,
988 2202 1197 2254 misitque.
1259 2200 1322 2241 his
1355 2201 1508 2241 tuenda
1535 2213 1550 2240 7

150 2263 314 2303 moenia
341 2262 553 2304 Chalcidis
587 2264 784 2318 oppidani
815 2279 910 2304 cum
941 2264 1229 2312 tradidissent,
1266 2262 1346 2317 ipsi
1378 2263 1509 2303 omni-

151 2325 227 2365 bus
266 2325 394 2380 copiis
432 2327 683 2381 transgressi
712 2327 918 2381 Euripum
954 2327 1007 2366 ad
1041 2326 1251 2381 Salganea
1281 2335 1508 2381 posuerunt

152 2394 300 2428 castra.
371 2388 467 2428 inde
505 2389 752 2429 caduceator
788 2389 986 2443 primum,
1030 2388 1178 2428 deinde
1217 2394 1257 2428 et
1292 2388 1419 2443 legati
1456 2388 1509 2428 ad
1534 2399 1553 2430 8

150 2450 326 2490 Aetolos
352 2450 470 2490 missi
500 2458 832 2505 percunctatum,
867 2465 946 2504 quo
974 2466 1048 2491 suo
1076 2451 1184 2491 dicto
1217 2451 1380 2490 factove
1408 2450 1510 2491 socii

151 2518 274 2564 atque
295 2512 415 2552 amici
436 2512 488 2552 ad
509 2527 553 2553 se
569 2513 874 2567 obpugnandos
898 2513 1096 2553 venirent.
1134 2511 1350 2567 respondit
1364 2511 1506 2552 Thoas
1533 2524 1551 2553 9

151 2573 235 2614 dux
260 2575 505 2616 Aetolorum
538 2590 619 2616 non
645 2576 698 2616 ad
728 2575 1053 2630 obpugnandos,
1087 2575 1161 2616 sed
1187 2575 1239 2616 ad
1269 2574 1506 2616 liberandos
