1799 2900
538 165 690 200 LIBER
715 165 904 211 XXXHI,
932 165 962 199 1.
990 167 1038 209 [a.
1054 164 1092 200 e.
1109 165 1190 208 197]
1488 155 1541 197 83

487 571 794 627 [PERIOOHA
825 575 977 612 LIBRI
1006 572 1232 628 XXXIIL]

253 672 316 715 [T.
333 671 509 712 Quintius
522 671 756 706 Flamininus
776 673 980 717 proconsul
996 683 1077 706 cum
1099 673 1274 717 Philippo
1290 672 1337 707 ad
1353 671 1540 717 Cynosce-

183 723 318 768 phalas
333 723 371 756 in
387 723 589 757 Thessalia
605 724 684 758 acie
699 723 798 757 victo
815 723 1029 758 debellavit.
1060 724 1104 758 L.
1120 724 1293 765 Quintius
1309 722 1540 757 Flamininus

182 774 244 808 ille
266 773 383 808 frater
402 774 640 819 proconsulis
659 775 895 817 Acarnanas,
922 774 1099 808 Leueade
1121 775 1212 808 urbe
1228 774 1330 818 quod
1351 776 1464 817 caput
1484 777 1542 806 est

183 823 422 858 Acarnanum
437 829 662 869 expugnata,
690 824 727 858 in
749 824 975 858 deditionem
997 825 1154 870 aceepit.
1202 836 1274 870 pax
1294 824 1438 868 petenti
1453 822 1539 857 Phi-

183 875 284 919 lippo
308 875 468 909 Graecia
487 875 649 909 liberata
669 876 757 909 data
777 882 845 909 est,
892 875 1044 908 Attalus
1072 876 1119 910 ab
1141 875 1285 909 Thebis
1306 875 1354 909 ob
1380 874 1540 908 subitam

182 926 435 959 valetudinem
449 925 676 970 Pergamum
696 926 900 960 translatus
922 926 1095 960 decessit.
1145 926 1184 960 C.
1200 925 1441 971 Sempronius
1463 925 1539 958 Tu-

183 976 332 1010 ditanus
353 980 503 1021 praetor
517 978 564 1010 ab
582 976 781 1010 Celtiberis
802 988 882 1010 eum
898 976 1060 1010 exercitu
1082 987 1215 1010 caesus
1230 982 1296 1010 est.
1344 976 1388 1009 L.
1403 975 1539 1010 Furius

182 1026 364 1072 Purpurio
379 1031 416 1060 et
430 1026 608 1061 Claudius
621 1027 824 1061 Marcellus
841 1027 1014 1061 consules
1028 1026 1144 1060 Boios
1161 1031 1197 1060 et
1209 1026 1390 1060 Insubres
1407 1026 1539 1060 Gallos

181 1078 425 1121 subegerunt.
474 1077 677 1111 Marcellus
693 1077 946 1121 triumphavit.
994 1077 1188 1110 Hannibal
1202 1076 1341 1110 frustra
1355 1076 1393 1110 in
1408 1076 1540 1110 Africa

181 1128 320 1162 bellum
345 1128 497 1161 molitus
517 1131 555 1162 et
575 1128 623 1162 ob
649 1128 722 1161 hoc
740 1127 922 1161 Romanis
947 1138 1012 1172 per
1038 1127 1220 1171 epistulas
1248 1127 1328 1169 [ab]
1357 1127 1538 1161 adversae

179 1177 355 1212 factionis
386 1177 620 1222 principibus
653 1178 799 1212 delatus
831 1185 986 1222 propter
1011 1182 1149 1211 metum
1175 1177 1447 1219 Romanorum,
1475 1177 1539 1221 qui

179 1229 325 1272 legatos
345 1229 393 1262 ad
415 1233 584 1262 senatum
605 1228 972 1273 Carthaginiensium
998 1228 1043 1262 de
1064 1239 1108 1262 eo
1136 1227 1327 1271 miserant,
1354 1227 1538 1271 profugus

177 1279 225 1313 ad
237 1277 465 1313 Antiochum
480 1278 610 1323 Syriae
624 1290 752 1323 regem
769 1290 807 1314 se
824 1279 984 1314 contulit
996 1279 1137 1314 bellum
1151 1278 1332 1314 adversus
1347 1278 1539 1312 Romanos

177 1331 401 1373 parantem]

667 1603 837 1654 ΤΙΤΙ
875 1603 1055 1654 LIVI

522 1705 605 1742 AB
643 1706 822 1743 VRBE
861 1704 1185 1744 CONDITA

652 1828 822 1866 LIBER
852 1829 1058 1866 XXXIII.

260 1926 294 1966 I.
344 1927 464 1967 Haec
489 1941 562 1979 per
587 1926 766 1967 hiemem
791 1934 924 1981 gesta.
961 1926 1077 1968 initio
1103 1934 1243 1967 autem
1269 1926 1377 1967 veris
1403 1925 1535 1978 Quin·
1564 1943 1578 1971 1

176 1986 281 2028 etius
307 1988 455 2029 Attalo
479 1989 675 2028 Elatcam
702 1988 837 2029 excito
862 1989 1133 2029 Boeotiorum
1159 1995 1345 2043 gentem,
1370 1988 1536 2029 incertis

175 2049 228 2090 ad
263 2064 355 2090 eam
392 2050 500 2090 diem
540 2050 688 2090 animis
725 2051 1012 2099 fluctuantem,
1050 2050 1222 2090 dicionis
1261 2065 1360 2091 suae
1397 2050 1535 2091 facere

175 2112 360 2167 cupiens,
386 2113 598 2167 profectus
624 2128 697 2168 per
711 2113 942 2154 Phocidem
963 2113 1143 2166 quinque
1162 2112 1274 2152 milia
1295 2113 1346 2153 ab
1361 2112 1534 2161 Thebis,

175 2174 286 2226 quod
312 2182 436 2228 caput
461 2183 524 2216 est
547 2175 766 2224 Boeotiae,
792 2176 931 2230 posuit
957 2182 1105 2215 eastra.
1155 2174 1251 2214 inde
1276 2181 1443 2228 postero
1469 2175 1534 2216 die
1560 2187 1579 2217 2

178 2233 310 2290 [eum]
350 2236 472 2276 unius
511 2236 619 2291 signi
660 2237 860 2277 militibus
897 2244 938 2277 et
974 2236 1120 2277 Attalo
1156 2236 1532 2291 legationibusque,

176 2311 281 2350 quae
301 2297 539 2351 frequentes
558 2299 741 2352 undique
756 2306 1048 2347 convenerant,
1070 2298 1205 2352 pergit
1226 2298 1284 2338 ire
1303 2298 1357 2338 ad
1375 2299 1533 2347 urbem,

174 2358 300 2399 iussis
325 2359 502 2413 legionis
529 2359 703 2401 hastatis
728 2385 785 2389 —
809 2375 858 2401 ea
884 2361 965 2401 duo
991 2360 1103 2400 milia
1133 2360 1311 2400 militum
1336 2366 1454 2400 erant
1477 2384 1533 2389 ——

175 2420 291 2473 sequi
319 2436 362 2461 se
388 2421 500 2462 mille
529 2436 732 2475 passuum
755 2422 973 2463 intervallo
1000 2422 1205 2463 distantis.
1266 2422 1319 2463 ad
1349 2423 1532 2463 medium
1558 2434 1577 2463 3

174 2482 305 2522 ferme
341 2483 432 2523 viae
469 2484 739 2524 Boeotiorum
774 2491 939 2539 praetor
970 2484 1215 2539 Antiphilus
1254 2484 1399 2524 obvius
1436 2485 1532 2533 fuit3

175 2553 312 2584 cetera
342 2545 562 2586 multitudo
595 2560 617 2586 e
648 2545 777 2586 muris
808 2546 1034 2587 adventum
1064 2546 1325 2600 imperatoris
1350 2546 1532 2587 Romani

174 2606 367 2661 regiSque
403 2608 787 2662 prospeculabatur.
858 2623 951 2649 rara
988 2623 1103 2649 arma
1138 2609 1342 2663 paucique
1378 2608 1530 2648 milites
1556 2621 1576 2650 4

1253 2674 1299 2707 6*
