1799 2900
470 117 624 151 LIBER
648 116 816 159 XXXV,
842 117 895 149 45.
916 116 970 149 46.
999 118 1047 159 [a.
1064 114 1197 158 0192]
1431 104 1514 144 213

158 224 360 267 orandum
384 221 522 277 potius
543 234 699 274 regem,
725 228 782 269 ut,
810 219 1019 272 quoniam,
1046 219 1157 272 quod
1178 217 1404 258 maximum
1425 217 1516 257 sue-

157 288 222 335 rit,
249 286 338 340 ipse
360 284 512 324 vindex
530 281 731 324 Graeciae
752 282 923 331 venerit,
951 282 1091 336 copias
1118 295 1282 334 quoque
1309 279 1514 320 terrestris

158 348 400 400 navalisque
426 353 623 386 accersat.
686 353 890 384 armatum
922 359 1065 398 regem
1097 342 1252 396 aliquid
1275 342 1517 396 impetratu-

157 426 267 459 rum3
294 410 494 449 inermem
519 422 601 447 non
627 421 702 461 pro
727 407 891 447 Aetolis
918 406 1054 455 modo,
1082 405 1157 447 sed
1181 420 1232 445 ne
1258 419 1334 459 pro
1359 419 1403 444 se
1429 403 1517 456 qui-

1541 353 1560 383 8

159 473 254 513 (10111
278 471 370 526 ipso
394 469 594 511 momenti
624 469 746 509 ullius
780 469 964 509 futurum
990 469 1101 523 apud
1124 468 1354 508 Romanos.
1414 466 1518 506 haec
1543 480 1560 509 9

160 535 257 575 vicit
283 534 507 581 sententia,
534 533 910 587 imperatoremque
935 547 1079 586 regem
1105 529 1398 585 adpellandum
1424 542 1520 568 cen-

161 604 350 645 suerunt,
390 603 430 636 et
462 594 630 649 triginta
661 594 889 650 principes,
927 608 1021 634 cum
1047 593 1195 647 quibus
1229 592 1263 633 si
1288 605 1370 644 qua
1395 590 1518 631 vellet

162 659 428 706 consultaret,
457 657 713 712 delegerunt.

245 720 520 763 XXXXVI.
565 720 632 760 Ita
663 719 834 760 dimisso
867 717 1040 759 coneilio
1071 716 1291 757 multitudo
1318 714 1452 756 omnis
1478 713 1521 754 in

163 799 259 824 suas
286 783 473 823 civitates
501 781 662 835 dilapsa
687 789 762 821 est.
813 796 885 821 rex
916 788 1083 835 postero
1110 779 1175 819 (lie
1202 793 1296 819 cum
1321 776 1519 832 apocletis

163 861 318 894 eorum,
334 845 443 885 unde
464 844 619 884 bellum
634 843 850 892 ordiretur,
866 843 1141 884 consultabat.
1168 841 1372 896 optimum
1386 840 1522 880 visum

163 919 225 950 est
242 908 498 956 Chalcidem,
514 908 667 947 frustra
683 908 734 947 ab
748 907 911 947 Aetolis
928 920 1058 960 nuper
1072 912 1329 959 temptatam,
1344 904 1523 958 primum

163 971 353 1026 adgredi:
392 978 432 1010 01
467 968 677 1009 celeritate
714 968 847 1022 magis
885 968 928 1007 111
965 983 1057 1007 eam
1093 982 1182 1007 rem
1216 980 1340 1019 quam
1370 979 1523 1018 magno

163 1042 314 1074 conatu
339 1040 377 1072 et
401 1032 603 1086 adparatu
622 1045 725 1085 opus
753 1045 858 1070 esse.
898 1029 1036 1082 itaque
1058 1043 1151 1068 cum
1176 1028 1288 1068 inille
1314 1027 1522 1082 peditibus

162 1111 248 1144 rex,
276 1095 344 1148 qui
363 1087 633 1135 Demetriade
661 1092 790 1133 secuti
812 1100 941 1139 erant,
970 1091 1182 1145 profectus
1209 1106 1283 1144 per
1295 1089 1525 1130 Phocidem

163 1165 243 1204 cst3
271 1166 312 1197 et
337 1156 417 1196 alio
444 1155 590 1195 itinere
615 1153 824 1208 principes
845 1153 1000 1201 Aetoli,
1028 1152 1233 1193 iuniorum
1259 1151 1402 1206 paucis
1429 1166 1527 1191 evo-

164 1218 285 1266 catis,
323 1218 376 1258 ad
409 1216 699 1258 Chaeroneam
736 1217 1008 1256 obcurrerunt
1044 1223 1085 1255 et
1122 1214 1266 1255 decem
1305 1211 1525 1254 constratis

164 1281 338 1321 navibus
367 1279 497 1320 secuti
523 1286 631 1319 sunt.
680 1293 754 1318 rex
779 1279 831 1318 ad
859 1277 1069 1331 Salganea
1094 1276 1241 1317 castris
1267 1275 1428 1331 positis,
1454 1290 1527 1314 na-

165 1343 284 1384 vibus
317 1342 406 1396 ipse
432 1356 525 1382 cum
556 1340 812 1396 principibus
838 1340 1087 1381 Aetolorum
1112 1339 1317 1394 Euripum
1349 1337 1526 1386 traiecit3

166 1412 206 1446 et
241 1419 334 1444 011111
371 1404 483 1444 haud
517 1403 661 1458 procul
695 1410 817 1457 portu
854 1417 1050 1457 egressus
1088 1410 1219 1450 esset,
1258 1400 1527 1455 magistratus

166 1482 330 1521 quoque
357 1466 698 1508 Chalcidensium
730 1474 771 1507 et
801 1466 1009 1520 principes
1042 1473 1137 1506 ante
1169 1473 1334 1520 portam
1359 1478 1527 1518 proces-

168 1537 321 1570 serunt.
381 1528 504 1583 pauci
539 1529 745 1581 utrimque
779 1528 831 1568 ad
868 1527 1134 1580 conloquium
1166 1526 1382 1581 congressi
1419 1534 1527 1565 sunt.

167 1591 309 1632 Aetoli
334 1605 585 1644 magnopere
613 1590 800 1638 suadere,
827 1597 870 1629 ut
897 1590 1014 1630 salva
1038 1590 1323 1630 Romanorum
1350 1587 1530 1628 amicitia

167 1668 310 1707 regem
336 1666 499 1705 qnoque
526 1652 793 1692 adsumerent.
825 1652 985 1692 socium
1010 1660 1134 1703 atque
1160 1650 1357 1691 amicum:
1395 1663 1529 1701 neque

170 1715 280 1756 enim
306 1730 399 1754 eum
426 1714 632 1754 inferendi
657 1713 773 1762 belli,
812 1714 886 1754 sed
910 1714 1149 1754 liberandae
1177 1712 1380 1754 Graeciae
1406 1726 1532 1752 causa

169 1777 210 1817 in
236 1778 451 1832 Europam
488 1776 721 1825 traiecisse,
761 1784 802 1816 et
837 1776 1076 1816 liberandae
1107 1791 1170 1824 re,
1208 1790 1292 1816 non
1322 1774 1459 1815 verbis
1492 1781 1533 1814 ct

172 1839 452 1887 sinnilatione,
488 1839 598 1891 quod
632 1839 831 1879 fecissent
854 1838 1048 1879 Romani.
1099 1837 1200 1878 nihil
1226 1845 1363 1878 autem
1389 1836 1529 1876 utilius

173 1900 374 1941 Graeciae
401 1900 639 1941 civitatibus
666 1916 759 1941 0550
785 1915 911 1953 quani
943 1909 1160 1953 utramque
1187 1898 1406 1954 complecti
1430 1898 1532 1939 ami-

171 1963 328 2012 citia1n3
361 1963 416 2003 ita
443 1963 553 2003 enim
580 1964 631 2003 ab
657 1963 872 2016 utriusque
897 1963 1047 2003 iniuria
1071 1971 1202 2003 tutam
1230 1961 1397 2002 alterius
1425 1976 1532 2001 sem-

171 2041 244 2080 per
268 2025 475 2080 praesidio
502 2034 542 2066 et
566 2025 718 2066 fiducia
743 2026 844 2066 fore.
894 2040 992 2065 nam
1019 2025 1053 2065 si
1080 2040 1162 2065 non
1186 2023 1441 2078 recepissent
1468 2037 1532 2063 re-

172 2102 286 2141 gem,
326 2087 530 2136 viderent,
569 2087 668 2140 quid
698 2088 941 2142 patiendum
971 2087 1020 2127 iis
1047 2086 1254 2140 extemplo
1280 2086 1405 2134 foret,
1438 2099 1532 2125 cum

172 2150 455 2190 Romanorum
480 2150 625 2204 procul
651 2150 867 2198 auxilium,
902 2149 1032 2191 hostis
1058 2148 1315 2197 Antiochus,
1342 2147 1407 2188 cui
1431 2147 1533 2188 resi-

174 2222 282 2253 stere
301 2213 384 2253 suis
406 2213 562 2253 viribus
583 2228 665 2253 non
691 2221 877 2267 possent,
905 2224 999 2253 ante
1020 2219 1161 2266 portas
1183 2218 1308 2252 esset.
1358 2210 1410 2250 ad
1430 2209 1532 2250 haec

172 2274 397 2328 Micythio,
434 2289 542 2315 unus
569 2290 621 2315 ex
651 2275 930 2329 principibus,
968 2273 1108 2314 mirari
1134 2288 1178 2313 50
1205 2272 1308 2312 dixit
1340 2272 1393 2312 ad
1428 2285 1531 2324 quos

174 2337 409 2377 liberandos
425 2336 661 2377 Antiochus
689 2336 832 2376 relicto
858 2351 988 2390 regno
1015 2350 1090 2375 suo
1115 2334 1157 2374 in
1172 2335 1386 2388 Europam
1411 2334 1533 2374 traie-

174 2399 317 2439 cisset:
355 2398 512 2438 nullam
538 2398 648 2438 enim
674 2398 883 2438 civitatem
910 2412 953 2437 50
979 2398 1021 2437 111
1048 2396 1226 2437 Graecia
1250 2411 1395 2444 nosse,
1427 2409 1532 2448 quae

176 2469 243 2501 aut
270 2460 522 2515 praesidium
547 2460 716 2508 habeat,
754 2468 825 2499 aut
856 2459 1107 2514 stipendium
1131 2458 1333 2499 Romanis
1365 2457 1532 2512 pendat,

175 2532 245 2564 aut
270 2524 437 2563 foedere
463 2523 603 2575 iniquo
628 2522 812 2576 adligata
837 2537 940 2574 quas
966 2521 1069 2562 nolit
1092 2521 1206 2575 leges
1232 2520 1425 2575 patiatur.
1456 2519 1533 2560 ita-

176 2599 254 2638 que
275 2584 576 2626 Chalcidenses
603 2599 736 2638 neque
763 2584 925 2625 vindice
952 2583 1152 2624 libertatis
1174 2583 1257 2624 ullo
1278 2597 1414 2638 egere,
1442 2597 1533 2622 cum

1549 730 1563 759 l

1547 791 1565 811 ·)

1548 812 1564 820 a-

1562 2407 1600 2435 10

1562 2532 1597 2562 11
