1799 2900
465 136 620 171 LIBER
644 136 867 182 XXXVIII,
892 136 946 171 48.
967 137 1020 172 49.
1050 139 1098 181 [a.
1114 135 1153 171 c.
1169 137 1248 180 187]
1450 127 1529 168 361

183 241 340 283 roboris
373 255 465 281 esse
497 239 714 280 videbatur
738 265 794 268 -—
823 240 999 289 locatos,
1038 239 1322 296 pugnaveritis
1358 246 1404 280 ut
1441 253 1533 279 cum

183 303 371 345 hostibus
409 303 554 351 iustis,
605 302 860 352 cecideritis,
911 304 1043 357 spolia
1086 318 1227 344 eorum
1271 301 1534 343 rettuleritis?

185 365 330 417 “atqui
367 378 461 404 cum
491 364 720 413 Antiocho,
758 380 841 404 non
877 379 971 405 cum
1006 363 1138 406 Gallis
1176 364 1330 404 bellum
1368 370 1534 404 senatus

184 427 422 466 decreverat
460 432 500 465 et
535 426 712 479 populus
750 426 965 466 iusserat.”
1027 426 1101 466 sed
1138 426 1278 474 simul,
1316 433 1362 466 ut
1393 425 1536 479 opinor

184 502 278 528 cum
297 487 360 528 his
382 488 651 528 decreverant
676 487 975 540 iusserantque,
1003 488 1073 540 qui
1091 488 1200 528 intra
1223 487 1430 542 praesidia
1449 486 1536 527 eius

183 550 379 599 fuissent,
412 564 464 589 ex
488 549 637 602 quibus
669 557 833 604 praeter
858 550 1133 599 Antiochum,
1165 564 1258 590 cum
1285 564 1365 602 quo
1392 563 1537 603 pacem

183 612 399 666 pepigerat
427 609 567 665 Scipio
600 619 639 651 et
670 626 762 651 cum
794 626 874 664 quo
906 612 1149 652 nominatim
1180 612 1326 652 foedus
1353 618 1398 651 ut
1421 611 1538 650 fieret

184 673 503 721 mandaveratis,
531 688 673 713 omnes
695 673 835 714 hostes
857 681 985 723 erant,
1014 674 1082 727 qui
1106 688 1180 728 pro
1194 673 1403 714 Antiocho
1426 687 1540 712 arma

187 737 387 776 adversus
408 750 483 775 nos
505 735 698 775 tulerunt.
730 735 771 774 in
792 750 872 788 qua
891 750 1017 775 causa
1038 750 1130 775 011111
1148 734 1259 775 Galli
1281 744 1374 775 ante
1395 748 1538 775 omnes

186 798 364 838 fuissent
396 805 436 837 et.
460 796 594 850 reguli
620 796 787 849 quidam
820 804 861 837 et
893 797 1075 850 tyranni,
1107 812 1185 851 ego
1212 804 1350 836 tamen
1375 802 1416 836 et
1447 810 1540 836 cum

186 859 295 907 aliis,
334 873 407 912 pro
439 858 639 913 dignitate
676 858 838 912 imperii
874 859 1002 898 vestri
1033 858 1186 899 coactis
1218 858 1331 898 luere
1368 864 1540 912 1100011111

187 936 280 969 sua,
306 935 451 975 pacem
477 920 630 974 pepigi,
658 927 698 960 et
725 920 942 960 Gallorum
968 921 1147 969 animos,
1175 920 1209 960 si
1233 928 1406 975 possent
1430 919 1540 959 miti-

186 983 275 1037 gari
306 998 330 1022 a
360 982 521 1022 feritate
552 982 694 1030 insita,
733 982 951 1036 temptavi,
990 989 1030 1022 et
1064 989 1285 1036 postquam
1317 982 1539 1022 indomitos
1589 995 1595 1002 ·

167 1053 308 1097 ratque
334 1044 604 1097 inplacabiles
633 1044 867 1092 cernebam,
894 1052 981 1083 tum
1008 1044 1175 1084 demum
1201 1044 1241 1084 vi
1267 1052 1388 1096 atque
1414 1043 1538 1084 armis

187 1106 436 1146 coercendos
462 1114 575 1145 ratus
603 1121 707 1146 sum.
746 1120 867 1153 nunc,
895 1105 1090 1157 quoniam
1115 1106 1298 1159 suscepti
1323 1105 1420 1145 belli
1445 1120 1542 1159 pur-

186 1175 329 1221 gatum
355 1175 416 1207 cst
443 1168 608 1215 crimen,
636 1167 744 1221 gesti
768 1167 980 1208 reddenda
1006 1174 1069 1207 est
1093 1167 1210 1207 ratio.
1269 1168 1313 1206 in
1338 1182 1418 1219 quo
1445 1181 1543 1207 con-

186 1229 356 1269 fiderem
383 1229 573 1281 equidem
600 1243 750 1268 causae
774 1243 904 1277 meac,
933 1228 1058 1269 etiam
1084 1228 1118 1268 51
1144 1243 1226 1268 11011
1253 1229 1363 1282 apud
1387 1228 1543 1268 Roma-

186 1307 299 1340 num,
328 1291 401 1331 scd
427 1292 537 1345 apud
564 1290 956 1345 Carthaginiensem
983 1298 1172 1332 senatum
1198 1306 1378 1345 agerem,
1404 1290 1475 1330 ubi
1500 1290 1541 1330 111

188 1367 350 1393 crucem
387 1353 475 1393 tolli
511 1354 781 1408 imperatores
820 1353 1028 1403 dicuntur,
1068 1353 1102 1394 si
1138 1368 1338 1408 prospero
1377 1360 1540 1401 eventu,

186 1429 315 1468 pravo
355 1415 526 1456 consilio
562 1430 650 1455 rem
686 1423 918 1470 gesserunt.
980 1415 1053 1456 sed
1090 1430 1167 1470 ego
1204 1416 1247 1455 in
1283 1430 1332 1455 011
1363 1415 1541 1463 civitate,

189 1492 293 1529 quae
330 1477 422 1517 ideo
455 1478 646 1517 omnibus
683 1478 806 1518 rebus
843 1477 1089 1532 incipiendis
1128 1477 1404 1532 gerendisque
1442 1477 1542 1517 deos

189 1539 374 1588 adhibet,
409 1540 505 1592 quia
529 1540 680 1579 nullius
708 1540 937 1580 calumniae
964 1540 1114 1580 subicit
1145 1554 1194 1580 011
1219 1555 1324 1592 quae
1351 1539 1406 1579 dii
1432 1550 1544 1579 com-

188 1601 486 1655 probaverunt,
520 1608 560 1640 et
584 1600 626 1640 in
652 1601 921 1641 sollemnibus
949 1601 1085 1641 verbis
1112 1601 1238 1641 habet
1268 1615 1366 1640 cum·
1387 1600 1544 1654 suppli—

190 1662 394 1702 cationem
419 1670 489 1702 aut
514 1662 766 1716 triumphum
788 1662 971 1703 decernit
997 1663 1141 1715 “quod
1164 1663 1271 1703 bene
1297 1676 1345 1702 ac
1370 1661 1544 1702 feliciter

188 1739 275 1764 rem
306 1724 517 1777 publicam
548 1724 883 1773 administrarit,’'
920 1725 955 1765 si
985 1724 1158 1773 nollem,
1192 1724 1225 1764 si
1251 1738 1378 1778 grave
1404 1737 1451 1763 110
1477 1738 1544 1763 su-

188 1787 363 1840 perbum
400 1787 680 1827 existimarem
713 1787 862 1827 virtute
894 1786 1079 1841 gloriari,
1119 1802 1192 1841 pro
1225 1786 1420 1826 felicitate
1451 1800 1545 1825 mea

190 1847 477 1901 exercitusque
509 1849 609 1897 mei,
643 1849 754 1901 quod
785 1857 942 1889 tantam
973 1848 1184 1889 nationem
1211 1848 1299 1888 sine
1330 1848 1415 1887 ulla
1437 1847 1545 1886 mili-

190 1915 277 1949 tum
302 1909 458 1950 iactura
483 1911 730 1959 devicimus,
768 1911 1039 1964 postularem,
1071 1917 1116 1950 ut
1148 1909 1224 1950 diis
1257 1909 1544 1950 inmortalibus

190 1971 320 2012 honos
348 1972 568 2012 haberetur
594 1980 634 2012 et
658 1974 748 2027 ipsc
775 1972 1034 2027 triumphans
1060 1972 1103 2012 in
1119 1971 1374 2026 Capitolium
1400 1985 1544 2011 ascen-

191 2033 344 2082 derem,
369 2035 480 2074 unde
503 2035 608 2075 votis
633 2035 709 2075 rite
730 2035 977 2089 nuncupatis
1003 2034 1214 2089 profectus
1241 2049 1346 2083 sum,
1372 2048 1547 2087 negare-

192 2095 243 2135 tis
270 2096 347 2136 hoc
372 2096 472 2136 mihi
498 2111 590 2136 eum
617 2097 694 2137 diis
720 2097 1035 2138 inmortalibus?

277 2157 620 2200 XXXXVHH.
658 2159 806 2211 Iniquo
833 2159 942 2199 enim
966 2159 1056 2199 loeo
1079 2157 1285 2198 dimicavi.
1318 2156 1383 2196 dic
1407 2156 1544 2210 igitur,

193 2233 274 2272 quo
310 2220 503 2272 aequiore
538 2220 742 2274 potuerim
779 2220 987 2260 dimicare.
1054 2234 1148 2259 cum
1184 2219 1325 2259 hostes
1363 2225 1547 2258 montem

193 2280 419 2334 cepissent,
455 2281 546 2321 1000
583 2281 740 2322 1111111110
773 2297 817 2321 50
855 2288 1058 2329 1011010111,
1096 2295 1245 2335 nempe
1277 2280 1458 2320 eundum
1494 2279 1547 2320 ad

1565 556 1606 585 10

1567 744 1602 771 11

1569 1115 1608 1144 13

1573 1425 1610 1452 14

1572 1734 1611 1763 15

1573 1981 1611 2010 16

1574 2167 1588 2195 l

194 2342 334 2382 hostes
366 2350 471 2391 crat,
510 2343 544 2382 si
577 2343 740 2383 vincere
767 2343 928 2383 vellem.
989 2342 1111 2394 quid?
1150 2343 1184 2381 si
1209 2342 1354 2381 urbem
1379 2356 1427 2382 eo
1453 2341 1544 2382 1000
1571 2354 1589 2382 2

193 2404 392 2444 haberent
430 2412 471 2444 et
508 2405 724 2444 moenibus
764 2419 807 2445 sc
845 2405 1054 2444 tenerent?
1092 2418 1240 2457 nempe
1278 2403 1546 2457 obpugnandi

194 2474 321 2506 erant.
381 2466 503 2519 quid?
535 2467 588 2507 ad
612 2466 915 2521 Thermopylas
949 2481 1134 2519 aequone
1166 2466 1256 2506 loco
1281 2466 1357 2506 M'.
1383 2465 1544 2505 Acilius

194 2543 286 2568 011111
300 2543 397 2582 rege
413 2529 620 2569 Antiocho
640 2528 865 2583 pugnavit?
891 2529 1014 2580 quid?
1038 2528 1280 2582 Philippum
1301 2543 1384 2568 non
1398 2527 1540 2567 eodem
1569 2540 1586 2569 3

192 2592 316 2633 modo
355 2606 478 2645 super
502 2592 642 2632 Aoum
680 2606 843 2631 amnem
879 2591 978 2645 iuga
1015 2597 1224 2630 tenentem
1259 2589 1460 2630 montium
1493 2588 1544 2629 T.
