1799 2900
215 154 299 197 254
497 160 650 196 LmER
676 158 864 203 XXXVI,
888 158 943 192 41.
964 158 1018 193 42.
1045 161 1143 203 [a.u.
1159 159 1288 204 c.563]

174 282 193 310 4
218 266 371 322 pollere
386 265 578 305 Romana
603 278 731 303 arma.
768 262 850 302 iam
876 262 1036 317 pridem
1062 263 1240 303 classem
1265 262 1373 303 circa
1386 261 1575 303 Maleum

174 404 192 433 5

175 650 192 680 6

176 900 191 927 λ]

218 343 322 369 esse.
384 326 524 367 audire
551 340 642 366 sese
668 340 798 379 nuper
829 339 958 365 novas
984 340 1111 366 naves
1138 340 1373 378 novumque
1400 325 1576 379 impera-

220 399 349 431 torem
380 388 437 428 rei
470 388 677 442 gerendae
709 401 835 427 causa
866 401 916 427 ex
949 387 1070 427 Italia
1100 387 1276 428 venisse.
1336 388 1473 440 itaque
1505 387 1573 427 de-

219 452 369 492 sineret
399 450 633 490 Antiochus
672 463 818 503 pacem
851 448 929 489 sibi
960 449 1049 504 ipse
1082 464 1155 503 spe
1187 464 1295 490 vana
1325 450 1474 490 faeere.
1534 449 1576 490 in

216 513 322 553 Asia
348 520 388 553 et
414 513 464 553 de
489 512 581 567 ipsa
605 511 711 552 Asia
737 511 852 552 brevi
885 518 991 552 terra
1022 512 1208 565 marique
1234 511 1513 552 dimicandum
1540 511 1577 552 ci

217 589 310 615 cum
342 574 543 615 Romanis
577 588 670 614 esse
707 581 747 614 et
784 581 854 613 aut
886 573 1103 628 imperium
1136 573 1401 614 adimendum
1434 575 1577 615 orbem

219 646 420 678 terrarum
439 636 745 677 adfectantibus
768 643 836 676 aut
858 636 938 690 ipsi
958 651 1132 690 regnum
1152 636 1437 677 amittendum.
1470 652 1575 677 unus

218 715 316 740 vera
342 707 382 739 et
406 698 624 753 providere
650 705 690 739 et
716 698 891 738 fideliter
910 698 1148 753 praedicere
1169 698 1303 746 visus3
1330 698 1467 750 itaque
1488 698 1576 753 ipse

216 776 290 801 rex
313 761 508 810 navibus,
536 775 641 813 quae
666 769 836 815 paratae
856 760 1165 812 instructaeque
1185 767 1313 808 erant,
1342 758 1578 800 Chersone-

219 838 310 864 sum
347 823 468 877 petit‚
505 832 551 863 ut
587 837 635 863 ea
671 822 781 870 loca,
819 822 855 862 si
891 822 996 862 forte
1029 828 1138 862 terra
1169 820 1355 862 venirent
1384 820 1577 870 Romani,

218 885 435 940 praesidiis
462 884 656 925 firmaret.
707 893 886 924 ceteram
913 884 1089 924 classem
1105 883 1408 937 Polyxenidam
1433 897 1578 938 parare

220 955 260 988 et
285 947 489 988 deducere
520 946 660 995 iussit,
700 945 997 1001 speculatorias
1029 960 1158 986 naves
1191 945 1243 986 ad
1268 945 1406 986 omnia
1438 945 1580 1000 explo-

219 1009 350 1050 randa
375 1009 483 1049 cirea
508 1009 665 1049 insulas
694 1008 862 1049 dimisit.

305 1070 559 1111 XXXXH.
622 1069 671 1112 C.
707 1069 856 1111 Livius
893 1070 1129 1125 praefectus
1166 1069 1382 1110 Romanae
1419 1068 1579 1117 classis,

220 1148 313 1173 cum
340 1132 640 1187 quinquaginta
665 1133 841 1173 navibus
868 1132 986 1173 tectis
1012 1132 1224 1187 profectus
1251 1131 1302 1172 ab
1316 1131 1453 1172 Roma
1470 1131 1580 1171 Nea-

219 1195 364 1250 polim,
397 1210 478 1248 quo
505 1196 556 1235 ab
583 1194 704 1235 sociis
731 1195 819 1234 eius
846 1209 941 1235 orae
967 1194 1187 1235 convenire
1213 1193 1387 1233 iusserat
1415 1200 1578 1246 apertas

220 1272 347 1297 naves
380 1271 484 1309 quae
517 1271 568 1296 ex
599 1256 766 1296 foedere
799 1256 1074 1303 debebantur,
1120 1254 1306 1295 Siciliam
1336 1254 1431 1294 inde
1463 1253 1578 1308 petit,

221 1318 408 1370 fretoque
424 1318 667 1358 Messanam
691 1324 1020 1372 praetervectus,
1047 1331 1140 1356 cum
1161 1331 1235 1356 sex
1248 1315 1430 1355 Punicas
1451 1330 1578 1355 naves

221 1380 273 1420 ad
300 1380 497 1419 auxilium
522 1380 671 1420 missas
694 1379 923 1433 accepisset
949 1387 989 1418 et
1015 1379 1066 1418 ab
1086 1377 1260 1432 Reginis
1282 1377 1514 1430 Locrisque
1540 1385 1581 1418 et

221 1443 407 1482 eiusdem
444 1442 542 1482 iuris
583 1441 704 1481 sociis
750 1441 910 1481 debitas
954 1440 1164 1494 exegisset
1205 1454 1358 1487 naves,
1407 1439 1581 1479 lustrata

222 1504 354 1544 classe
377 1504 428 1543 ad
443 1503 665 1543 Lacinium
687 1503 813 1542 altum
834 1502 948 1557 petit.
999 1501 1240 1555 Corcyram,
1263 1515 1387 1553 quam
1406 1501 1581 1554 primam

223 1565 424 1607 Graeciae
451 1565 678 1605 civitatium
704 1565 822 1613 adiit,
857 1579 949 1604 cum
975 1564 1177 1612 venisset,
1210 1569 1503 1617 percunctatus
1530 1562 1580 1603 de

223 1636 333 1668 statu
364 1627 461 1668 belli
486 1651 542 1656 —
566 1627 743 1667 necdum
776 1626 886 1667 enim
918 1626 1056 1667 omnia
1088 1625 1128 1665 in
1157 1624 1335 1665 Graecia
1359 1633 1582 1679 perpacata

222 1696 339 1730 erant
361 1714 417 1718 ——
442 1696 482 1730 et
507 1689 577 1730 ubi
610 1689 755 1730 classis
788 1689 980 1730 Romana
1011 1695 1141 1736 esset,
1180 1694 1400 1742 postquam
1427 1686 1583 1727 audivit

221 1751 329 1792 circa
365 1751 742 1806 Thermopylarum
786 1751 937 1791 saltum
980 1750 1022 1790 in
1066 1750 1242 1790 statione
1285 1748 1497 1790 consulem
1534 1762 1583 1789 ac

222 1828 364 1868 regem
401 1829 513 1862 esse,
552 1814 731 1854 classem
765 1813 930 1854 Piraeei
967 1821 1096 1861 stare,
1139 1812 1430 1852 maturandum
1466 1818 1580 1851 ratus

222 1877 405 1916 omnium
430 1891 568 1917 rerum
594 1891 738 1925 causa,
774 1876 909 1931 pergit
934 1875 1122 1930 protinus
1149 1875 1347 1929 navigare
1371 1875 1581 1929 Pelopon-

222 1954 382 1979 nesum.
445 1940 600 1980 Samen
639 1939 1003 1992 Zacynthumque,
1043 1937 1138 1991 quia
1174 1937 1301 1991 partis
1334 1936 1581 1978 Aetolorum

221 2001 452 2041 maluerant
478 2016 590 2050 esse,
616 2001 804 2056 protinus
831 2000 1105 2055 depopulatus
1127 1999 1316 2039 AMaleum
1339 1998 1460 2053 petit,
1487 2013 1582 2052 pro-

223 2078 344 2117 spera
367 2063 633 2117 navigatione
663 2078 763 2103 usus
795 2062 938 2117 paucis
971 2062 1116 2102 diebus
1142 2061 1362 2101 Piraeeum
1393 2061 1445 2100 ad
1470 2068 1582 2100 vete-

221 2140 309 2165 rem
334 2125 509 2166 classem
535 2125 736 2180 pervenit.
797 2125 851 2165 ad
877 2123 1116 2178 Scyllaeum
1141 2124 1353 2163 Eumenes
1383 2138 1457 2163 rex
1489 2137 1582 2163 cum

223 2187 353 2227 tribus
386 2188 562 2228 navibus
590 2187 790 2235 obcurrit,
830 2201 923 2227 cum
956 2186 1141 2240 Aeginae
1173 2185 1242 2225 diu
1274 2185 1453 2225 incertus
1486 2199 1583 2225 con-

224 2249 301 2289 silii
328 2250 494 2298 fuisset,
520 2257 658 2290 utrum
684 2250 736 2290 ad
763 2249 961 2289 tuendum
986 2248 1138 2289 rediret
1162 2262 1337 2301 regnum
1361 2271 1417 2276 —
1442 2247 1583 2287 audie-

224 2311 294 2350 bat
319 2312 426 2351 enim
453 2312 710 2352 Antiochum
734 2311 895 2366 Ephesi
920 2311 1090 2351 navales
1123 2309 1411 2362 terrestrisque
1435 2323 1581 2364 parare

226 2373 364 2427 copias
380 2398 452 2421 ·—,
490 2389 542 2413 an
567 2389 770 2427 nusquam
799 2373 1038 2414 abscederet
1066 2373 1117 2412 ab
1142 2372 1362 2419 Romanis,
1405 2386 1456 2412 ex
1483 2385 1582 2424 quo-

182 2446 198 2475 7
225 2450 315 2474 rum
341 2435 505 2476 fortuna
533 2452 607 2476 sua
633 2437 843 2490 penderet.
894 2450 916 2475 a
941 2435 1116 2475 Piraeeo
1141 2435 1196 2474 A.
1219 2434 1394 2481 Atilius,
1421 2432 1580 2473 traditis

226 2497 455 2537 successori
481 2498 661 2550 quinque
688 2505 725 2538 et
753 2497 901 2552 viginti
931 2497 1107 2537 navibus
1140 2496 1276 2544 tectis,
1315 2496 1493 2536 Romam
1519 2499 1582 2534 est

183 2567 203 2597 8
228 2557 448 2610 profectus.
532 2560 680 2599 Livius
722 2574 805 2599 una
847 2565 887 2599 et
935 2558 1145 2612 octoginta
1193 2557 1411 2598 constratis
1465 2554 1581 2595 navi-

227 2618 323 2666 bus,
360 2620 498 2660 multis
532 2629 746 2674 praeterea
781 2620 1028 2669 minoribus,
1066 2634 1171 2672 quae
1209 2626 1279 2659 aut
1315 2624 1480 2672 apertae
1515 2630 1581 2656 ro-
