1799 2900
494 183 647 217 LIBER
671 183 862 228 xxxin,
890 184 921 218 6.
942 184 972 217 7.
1001 186 1048 226 [a.
1064 183 1102 218 0.
1118 184 1198 227 197]
1477 172 1528 213 87

173 298 217 330 ut
247 294 416 343 paratus
448 287 559 328 omni
589 287 679 328 loco
712 287 857 328 eastris
889 287 1092 342 ponendis
1120 294 1248 336 esset,
1280 300 1527 342 progressus

173 352 381 393 modicum
405 350 482 391 iter
508 366 581 391 sex
613 350 742 391 ferme
775 350 888 390 milia
914 365 937 390 a
960 350 1110 390 Pheris
1136 364 1231 390 011111
1257 349 1527 397 consedisset,

174 414 450 470 speculatum,
489 412 531 453 in
557 427 638 466 qua
668 421 784 467 parte
811 412 1056 453 Thessaliae
1082 412 1213 453 hostis
1241 419 1352 453 esset
1377 412 1528 465 quidve

171 483 354 532 pararet,
397 475 522 516 misit.
596 475 704 515 cirea
739 476 934 515 Larisam
977 482 1064 515 erat.
1104 490 1191 515 rex.
1263 474 1410 515 cert-ior
1446 474 1528 514 iam

172 540 307 580 factus
344 538 581 579 Romanum
618 538 670 578 ab
708 537 866 577 Thebis
903 537 1064 578 Pheras
1109 536 1310 585 movisse,
1356 536 1529 591 defungi

173 616 297 655 quam
322 600 501 655 primum
523 607 563 640 et.
583 600 672 654 ipse
694 599 916 640 certamine
939 599 1108 654 cupiens
1130 600 1279 639 ducere
1294 599 1347 639 ad
1366 599 1528 640 hostem

1554 300 1572 329 2

1555 486 1572 515 3

172 663 320 718 pergit,
348 669 388 703 et
414 670 606 715 quattuor
626 662 738 702 milia
763 662 849 702 fere
871 661 1056 702 aPheris
1082 661 1221 716 posuit
1246 670 1394 702 eastra.
1432 660 1528 701 inde
1555 671 1573 699 4

173 732 340 780 postero
369 724 433 764 die
467 738 559 764 eum
587 724 768 779 expediti
800 724 1006 777 utrimque
1033 724 1086 764 ad
1111 723 1374 779 occupandos
1407 737 1531 778 super

173 788 320 828 urbem
356 787 536 827 tumulos
574 786 896 840 processissent,
934 786 1024 841 pari
1059 786 1189 827 ferme
1226 785 1442 826 intervallo
1480 785 1531 825 ab

174 849 285 903 iugo,
312 850 423 902 quod
443 849 689 904 capiendum
711 857 810 898 erat,
838 864 931 889 eum
950 849 1057 889 inter
1076 863 1120 889 se
1142 848 1352 903 conspecti
1379 854 1531 895 essent,

176 912 464 960 constiterunt,
505 911 669 952 nuntios
706 912 748 951 in
786 919 922 952 castra
951 911 1167 959 remissos,
1207 911 1276 963 qui
1308 911 1407 963 quid
1439 910 1529 958 sibi,

176 974 371 1026 quoniam
392 985 555 1027 praeter
577 989 693 1027 spem
720 974 849 1014 hostis
873 973 1137 1021 obeurrisset,
1166 973 1402 1013 faciendum
1422 979 1530 1013 esset

177 1036 457 1083 consulerent,
485 1035 610 1087 quieti
636 1035 911 1089 opperientes.
972 1042 1012 1075 et
1042 1034 1112 1075 illo
1138 1034 1303 1087 quidem
1329 1035 1393 1074 die
1419 1034 1531 1075 nullo

176 1098 276 1138 inito
304 1097 526 1138 certamine
559 1097 600 1136 in
627 1105 763 1137 eastra
786 1096 968 1137 revocati
995 1102 1110 1144 sunt3
1143 1103 1307 1150 postero
1335 1096 1399 1136 die
1427 1097 1534 1136 eirea

176 1161 346 1201 eosdem
378 1160 557 1199 tumulos
585 1167 776 1211 equestre
808 1158 1011 1212 proelium
1042 1158 1138 1206 fuit,
1177 1158 1219 1197 in
1245 1173 1325 1211 quo
1351 1173 1434 1198 non
1459 1159 1534 1198 mi-

176 1222 332 1261 nimum
350 1220 594 1262 Aetolorum
614 1236 739 1275 opera
764 1220 867 1274 regii
894 1219 1027 1274 fugati
1053 1226 1175 1272 atque
1201 1220 1242 1259 in
1269 1228 1404 1260 eastra
1423 1234 1534 1260 00111-

175 1283 285 1338 pulsi
323 1290 431 1323 sunt.
503 1298 702 1336 magnum
740 1280 965 1336 utris[que]
999 1281 1327 1336 inpedimentum
1358 1282 1410 1322 ad
1446 1297 1534 1322 rem

176 1345 403 1400 gerendam
434 1345 512 1384 fuit
543 1360 642 1399 ager
675 1345 858 1386 consitus
892 1344 1046 1384 crebris
1079 1344 1294 1385 arboribus
1331 1344 1533 1397 hortique,

176 1416 221 1448 ut
246 1407 286 1447 in
314 1407 562 1447 suburbanis
589 1407 703 1455 loeis,
731 1415 771 1448 et
797 1414 981 1447 coartata
1005 1406 1153 1446 itinera
1177 1408 1352 1447 maeeris
1380 1413 1420 1446 et
1445 1407 1535 1459 qui-

176 1470 353 1510 busdam
378 1469 479 1510 locis
506 1469 740 1510 interclusa.
779 1469 917 1522 itaque
943 1469 1095 1524 pariter
1116 1469 1290 1509 ducibus
1317 1469 1534 1510 consilium

178 1532 255 1572 fuit
286 1532 513 1572 excedendi
545 1547 593 1572 ea
630 1533 814 1586 regione,
854 1540 895 1572 et
931 1532 1044 1572 velut
1076 1547 1126 1572 ex
1164 1531 1374 1586 praedicto
1413 1532 1534 1572 ambo

181 1592 402 1634 Scotusam
427 1593 645 1648 petierunt,
670 1594 890 1648 Philippus
912 1609 986 1648 spe
1012 1593 1290 1633 frumentandi
1316 1593 1424 1642 inde,
1449 1594 1536 1634 Ro-

179 1670 326 1695 manus
352 1664 397 1694 ut
427 1670 698 1709 praegressus
726 1663 1016 1710 conrumperet
1046 1656 1156 1696 hosti
1182 1656 1402 1695 frumenta.
1462 1670 1536 1709 per

180 1717 289 1757 diem
322 1724 472 1765 totum,
511 1716 607 1769 quia
634 1718 759 1757 eolles
792 1725 994 1771 perpetuo
1019 1717 1117 1770 iugo
1149 1717 1391 1764 intererant,
1424 1717 1536 1756 nullo

181 1785 405 1833 conspecta
440 1779 546 1819 inter
585 1794 628 1819 se
666 1779 756 1820 1000
796 1779 964 1832 agmina
1006 1779 1154 1819 ierunt.
1225 1779 1405 1819 Romani
1444 1777 1534 1833 [ad]

180 1841 388 1882 Eretriam
419 1840 647 1881 Phthiotici
684 1841 793 1896 agri,
829 1841 1051 1896 Philippus
1090 1856 1214 1895 super
1252 1856 1415 1881 amnem
1447 1840 1538 1881 On-

183 1903 371 1943 chestum
397 1903 536 1957 posuit
563 1911 710 1943 eastra.
760 1918 812 1943 ne
838 1912 1004 1957 postero
1027 1902 1193 1955 quidem
1221 1902 1298 1951 die,
1326 1916 1419 1942 eum
1437 1902 1538 1942 Phi-

181 1965 318 2020 lippus
345 1966 398 2005 ad
423 1966 698 2006 A‘Ielambium
725 1966 835 2018 quod
861 1973 1011 2006 vocant
1033 1964 1250 2005 Scotusaei
1277 1963 1378 2018 agri,
1405 1963 1538 2015 Quin-

182 2028 285 2068 ctius
313 2027 421 2068 cirea
446 2028 697 2068 Thetideum
721 2028 964 2068 Pharsaliae
992 2034 1124 2068 terrae
1150 2026 1359 2081 posuisset
1389 2034 1537 2074 eastra,

183 2098 251 2130 aut
278 2090 318 2129 hi
345 2098 415 2130 aut
434 2090 492 2130 illi
512 2090 583 2130 ubi
609 2090 740 2131 hostis
762 2098 873 2131 esset
893 2090 992 2130 satis
1015 2097 1270 2143 compertum
1290 2088 1536 2129 habuerunt.

183 2151 302 2192 tertio
329 2152 393 2192 die
418 2152 551 2206 primo
577 2152 742 2192 nimbus
770 2153 942 2200 effusus,
970 2151 1065 2191 dein
1091 2151 1224 2204 caligo
1250 2150 1383 2191 noctis
1411 2149 1538 2190 simil-
1586 2166 1592 2173 ·

182 2212 281 2252 lima
304 2213 517 2253 Romanos
544 2222 657 2254 metu
682 2214 926 2253 insidiarum
952 2212 1096 2253 tenuit.

267 2275 368 2316 VH.
405 2275 626 2329 Philippus
654 2275 887 2315 maturandi
908 2275 1064 2315 itineris
1086 2288 1225 2322 eausa,
1251 2280 1345 2327 post
1364 2272 1538 2313 imbrem

184 2336 362 2376 nubibus
394 2337 436 2376 in
469 2344 620 2377 terram
646 2337 839 2377 demissis
871 2337 972 2376 nihil
1006 2336 1245 2384 deterritus,
1285 2335 1404 2389 signa
1441 2334 1538 2375 ferri

184 2398 316 2438 iussit.
378 2399 453 2438 sed
478 2408 561 2438 tam
594 2399 723 2439 densa
755 2400 889 2453 caligo
916 2399 1213 2439 obcaecaverat
1239 2397 1366 2445 diem,
1399 2405 1443 2436 ut
1467 2411 1539 2436 ne-

186 2475 263 2512 que
290 2460 477 2515 signiferi
502 2461 611 2500 viam
636 2475 711 2501 nec
739 2461 859 2515 signa
883 2461 1034 2501 milites
1061 2466 1288 2507 cernerent,
1316 2474 1465 2513 agmen
1486 2458 1539 2498 ad

184 2521 360 2562 incertos
395 2522 594 2563 clamores
628 2538 781 2577 vagum
812 2523 926 2562 velut
957 2536 1094 2562 errore
1125 2530 1327 2561 nocturno
1354 2521 1538 2560 turbare-

185 2593 261 2624 tur.
323 2585 583 2638 supergressi
609 2585 810 2634 tumulos,
849 2584 918 2637 qui
946 2583 1291 2638 Cynoscephalae
1323 2591 1535 2630 vocantur,
1564 2613 1569 2620 .

185 2645 326 2686 relicta
355 2646 412 2686 ibi
444 2646 619 2687 statione
651 2648 768 2686 firma
799 2646 983 2701 peditum
1015 2645 1280 2699 equitumque
1311 2652 1536 2700 posuerunt

1562 1291 1576 1319 κ]

1566 1789 1605 1819 10

1567 1914 1602 1943 11
