1799 2900
234 169 288 209 92
515 175 668 209 LIBER
693 174 885 218 xxxln,
914 174 965 208 1⁶2.
989 174 1040 208 13.
1070 177 1117 218 [a.
1134 186 1166 209 u.
1183 176 1307 219 αῦτη]

233 295 325 320 cmn
352 280 442 333 ipso
468 293 566 332 rege
593 278 861 318 constitutum
888 278 1170 331 conloquium3
1205 278 1320 319 euius
1347 279 1587 333 priusquam

188 357 205 385 2
233 350 394 395 tempus
428 341 605 388 veniret,
643 339 684 379 in
715 339 932 380 consilium
964 340 1181 380 advocavit
1212 341 1359 382 socios.
1420 341 1587 391 rettulit,

233 418 334 455 quas
361 402 476 455 leges
501 401 616 456 pacis
642 402 824 455 placeret
851 402 943 442 dici.
1003 403 1277 456 Amynander
1301 404 1588 444 Athamanum

232 481 304 504 rex
329 464 473 518 paucis
501 463 749 504 sententiam
777 464 976 504 absolvit:
1007 464 1064 504 ita
1089 466 1418 519 componendam
1444 482 1588 521 pacem

232 541 345 575 esse,
383 534 428 565 ut
455 525 632 566 Graecia
658 525 781 565 etiam
809 525 1048 565 absentibus
1075 526 1275 567 Romanis
1309 528 1408 568 satis
1440 536 1588 583 potens

187 606 205 633 3
233 588 412 628 tuendae
440 587 562 628 simul
586 587 702 642 pacis
729 587 1013 641 libertatisque
1040 598 1163 629 esset.
1203 589 1449 630 Aetolorum
1470 605 1589 644 aspc-

230 650 312 691 rior
344 650 473 691 oratio
506 649 601 698 fuit,
639 648 709 702 qui
745 664 879 703 pauca
907 649 1102 704 praefati:
1151 659 1262 691 recte
1294 658 1415 704 atque
1447 652 1589 693 ordine

232 713 524 766 imperatorem
554 711 791 752 Romanum
824 712 979 759 facere,
1018 711 1146 764 quod,
1185 726 1288 764 quos
1320 713 1418 752 belli
1455 713 1589 754 socios

187 790 205 817 *1
233 774 464 821 habuisset,
509 788 601 813 cum
640 773 689 813 iis
729 773 1052 813 communicaret
1094 773 1208 827 pacis
1247 774 1431 814 consilia.
1503 774 1590 814 falli

233 845 370 876 autem
397 851 491 876 eum
517 843 604 876 tota
627 851 690 884 re,
730 835 765 875 si
796 843 865 875 aut
889 834 1091 875 Romanis
1118 849 1264 888 pacem
1291 843 1359 875 aut
1388 834 1590 876 Graeciae

231 899 464 939 libertatem
491 898 591 938 satis
619 899 781 937 firmam
808 913 851 938 se
877 897 1018 937 credat
1037 897 1276 937 relicturum
1297 897 1375 937 nisi
1394 897 1590 955 Philippo

234 968 304 1000 aut
330 960 467 1001 occiso
494 967 565 1000 aut
589 974 718 1013 regno
744 959 884 1013 pulso3
930 973 1035 1012 quae
1062 966 1235 1012 utraque
1259 959 1459 1014 proclivia
1484 974 1590 1009 esse,

188 1039 206 1067 5
235 1022 269 1063 si
300 1022 467 1063 fortuna
498 1022 558 1062 uti
589 1022 726 1062 vellet.
788 1022 840 1062 ad
865 1021 968 1061 haec
993 1020 1213 1073 Quinctius
1239 1037 1392 1076 negare
1414 1022 1590 1063 Aetolos

234 1092 304 1124 aut
335 1084 460 1124 moris
491 1084 777 1125 Romanorum
814 1098 1040 1124 memorem
1078 1091 1149 1124 aut
1186 1084 1264 1123 sibi
1301 1084 1402 1138 ipsis
1441 1098 1591 1124 conve-

189 1156 207 1186 6
233 1147 415 1187 nientem
454 1147 701 1187 sententiam
739 1146 917 1187 dixisse:
955 1152 995 1186 et
1032 1146 1124 1186 illos
1161 1146 1367 1201 prioribus
1400 1146 1590 1187 omnibus

234 1209 417 1250 conciliis
462 1208 772 1261 conloquiisque
811 1208 861 1248 de
900 1207 1212 1249 condicionibus
1255 1208 1370 1262 pacis
1414 1223 1589 1262 semper,

191 1268 372 1324 [gillam]
401 1278 446 1309 ut.
472 1270 523 1309 ad
548 1270 871 1310 internecionem
897 1269 1138 1317 bellaretur,
1166 1269 1412 1309 disseruisse
1440 1276 1479 1309 et
1504 1269 1590 1310 Ro-

234 1347 378 1372 manos
427 1340 589 1385 praeter
639 1331 963 1371 vetustissimum
1021 1346 1178 1371 morem
1227 1331 1346 1371 victis
1395 1331 1590 1385 parcendi

235 1394 502 1449 praecipuum
535 1394 777 1434 clementiae
809 1394 1102 1433 documentum
1135 1394 1300 1434 dedisse
1339 1408 1440 1448 pace
1474 1395 1591 1434 Han-

191 1468 209 1495 ὅ
236 1457 362 1497 nibali
389 1464 429 1497 ct
455 1455 875 1510 Carthaginiensibus
908 1456 1016 1496 data.
1077 1456 1265 1497 omittere
1298 1472 1341 1496 se
1369 1456 1591 1509 Carthagi-

236 1519 422 1567 nienses3
463 1533 556 1558 cum
587 1518 783 1573 Philippo
821 1518 912 1572 ipso
950 1517 1140 1570 quotiens
1178 1525 1346 1558 ventum
1378 1518 1419 1558 in
1451 1519 1588 1559 conlo-

236 1581 401 1633 quium?
438 1595 513 1621 nec
539 1595 754 1633 umquam,
781 1587 826 1620 ut
852 1581 1016 1620 cederet
1041 1596 1183 1634 regno,
1211 1588 1347 1621 actum
1373 1596 1478 1621 esse.
1540 1597 1590 1622 an

191 1654 208 1682 9
236 1643 331 1695 quia
358 1642 488 1682 victus
514 1642 671 1696 proelio
697 1642 817 1689 foret,
845 1642 1094 1696 inexpiabile
1115 1643 1269 1683 bellum
1293 1643 1472 1683 factum?
1498 1657 1590 1683 cum

235 1711 392 1744 armato
426 1703 545 1744 hoste
578 1704 739 1743 infestis
772 1703 920 1744 animis
960 1704 1148 1744 concurri
1185 1705 1352 1753 debere,
1390 1705 1591 1746 adversus

236 1765 366 1805 victos
403 1765 667 1806 mitissimum
707 1780 911 1819 quemque
950 1766 1133 1806 animum
1164 1767 1392 1807 maximum
1424 1767 1589 1808 habere.

172 1840 209 1869 υ)
236 1827 413 1868 libertati
451 1827 655 1868 Graeciae
694 1828 824 1868 videri
861 1844 1011 1883 graves
1048 1829 1332 1869 Macedonum
1369 1844 1510 1883 reges3
1536 1853 1592 1857 ——

237 1889 271 1929 si
295 1905 469 1944 regnum
495 1904 681 1943 gensque
709 1890 886 1939 tollatur,
914 1891 1114 1939 Thracas,
1141 1891 1319 1944 Illyrios,
1349 1890 1493 1932 Gallos
1521 1891 1592 1931 de-

234 1951 349 2001 inde,
376 1959 522 2006 gentes
549 1952 658 1992 feras
685 1959 725 1992 et
751 1953 992 2001 indomitas,
1026 1953 1067 1992 in
1092 1953 1386 1993 Macedoniam
1413 1968 1457 1993 se
1484 1960 1522 1992 ct
1549 1952 1589 1991 in

172 2026 206 2054 11
237 2012 457 2054 Graeciam
479 2014 696 2054 effusuras.
752 2029 803 2054 ne
829 2014 1018 2068 proxima
1039 2029 1225 2068 quaeque
1247 2014 1479 2055 amoliendo
1505 2029 1591 2053 ma-

172 2088 209 2115 12
236 2075 391 2116 ioribus
418 2075 760 2130 gravioribusque
787 2076 944 2116 aditum
970 2077 1023 2117 ad
1049 2092 1093 2117 se
1124 2076 1321 2116 facerent.
1378 2075 1589 2116 interfanti

236 2139 384 2179 deinde
419 2138 640 2179 Phaeneae
676 2139 855 2193 praetori
893 2139 1137 2179 Aetolorum
1175 2138 1512 2190 testificantique,
1557 2137 1590 2177 si

237 2201 402 2255 elapsus
440 2216 488 2241 eo
527 2208 710 2255 tempore
740 2201 961 2255 Philippus
1001 2202 1125 2249 soret,
1163 2216 1260 2241 mox
1296 2200 1464 2255 gravius
1496 2215 1588 2241 eum

236 2262 549 2310 rebellaturum,
589 2262 794 2303 ‘desistite
828 2262 1098 2311 tunmltuari,’
1136 2262 1267 2315 inquit
1304 2262 1393 2302 ‘ubi
1427 2263 1588 2303 consul-

174 2335 211 2363 13
238 2324 408 2364 tandum
435 2332 510 2364 est.
559 2339 641 2364 non
667 2323 716 2364 iis
743 2324 1053 2366 condicionibus
1084 2324 1325 2379 inligabitur
1354 2339 1449 2378 pax,
1479 2322 1586 2378 [rex]

238 2392 282 2425 ut
306 2401 472 2426 morere
497 2386 652 2426 bellum
678 2386 836 2440 possit.'

197 2457 208 2484 1
323 2446 452 2487 XHI.
490 2449 586 2487 Hoc
606 2448 778 2489 dimisso
799 2447 972 2489 concilio
992 2455 1158 2502 postero
1180 2447 1245 2488 die
1263 2462 1336 2487 rex
1356 2447 1409 2487 ad
1434 2446 1590 2493 sanem,

240 2521 344 2558 quae
370 2508 507 2548 serunt.
531 2509 572 2548 in
588 2509 864 2564 Tempe—is
892 2510 1013 2550 datus
1041 2516 1127 2550 erat
1153 2510 1267 2550 locus
1290 2508 1508 2561 conloquio
1522 2532 1593 2559 —,

195 2580 212 2609 2
243 2568 370 2615 venit,
408 2569 528 2608 tertio
566 2570 631 2610 die
664 2571 784 2611 datur
816 2571 853 2611 ei
877 2572 1163 2612 Romanorum
1194 2585 1242 2611 ae
1274 2570 1479 2612 sociorum
1511 2570 1589 2610 fre-

195 2643 213 2671 3
240 2644 369 2681 quens
403 2630 633 2670 concilium.
694 2632 751 2673 ibi
781 2632 1002 2687 Philippus
1039 2648 1237 2687 perquam
1273 2632 1496 2687 prudenter
1526 2631 1588 2677 iis,
