1799 2900
238 321 256 351 9

219 506 255 534 10

215 753 249 781 11

284 195 341 236 30
586 201 738 235 LIBER
763 201 908 243 XXXI,
935 201 988 235 33.
1010 201 1063 235 34.
1093 203 1188 245 [a.u.
1208 202 1333 246 o.554]

283 306 435 354 videre,
464 304 734 345 concurrendi
760 303 870 344 facta
895 312 970 345 est.
1012 304 1118 345 forte
1144 314 1184 345 et
1209 320 1380 347 numero
1406 314 1448 348 et
1473 306 1635 356 virtute,

281 376 422 422 utpote
458 366 554 406 lecti
591 366 816 419 utrimque,
855 366 955 407 haut
989 366 1153 422 inpares
1191 368 1332 421 aequis
1372 368 1527 410 viribus
1564 385 1638 425 per

282 430 437 482 aliquot
462 428 584 467 horas
610 435 860 482 pugnarunt.
921 428 1110 483 fatigatio
1140 429 1324 483 ipsorum
1356 445 1637 485 equorumque

281 491 437 530 ineerta
473 489 645 530 victoria
676 490 839 530 diremit
873 491 1088 545 proelium.
1148 491 1429 532 Macedonum
1461 494 1637 546 quadra-

282 554 396 608 ginta
423 553 595 606 equites,
622 553 908 594 Romanorum
928 554 1108 607 quinque
1128 561 1168 595 et
1192 554 1361 609 triginta
1386 556 1635 597 ceciderunt.

281 630 415 668 ncquc
442 630 490 656 eo
513 616 644 669 magis
667 615 869 670 explorati
891 616 1124 669 quiequam,
1150 616 1191 656 in
1212 630 1293 669 qua
1311 618 1481 671 regione
1502 625 1638 659 castra

281 677 464 719 hostium
496 685 655 726 essent,
694 686 764 718 aut
800 678 858 718 illi
895 678 948 718 ad
982 693 1125 733 regem
1162 687 1232 718 aut
1266 678 1307 718 hi
1338 680 1390 719 ad
1422 681 1636 721 consulem

280 741 543 790 rettulerunt3
591 755 666 795 per
702 741 941 795 transfugas
981 740 1192 795 cognitum
1229 749 1310 790 est,
1348 756 1452 794 quos
1489 742 1636 783 levitas

234 842 241 851 ‚
279 803 541 856 ingeniorum
584 803 635 843 ad
673 803 986 857 cognoscendas
1031 802 1212 843 hostium
1252 817 1318 843 res
1361 803 1404 842 in
1445 805 1636 845 omnibus

233 1062 251 1090 [ὑ

232 1743 251 1772 5

232 1928 249 1957 6

233 2053 248 2080 7

231 2300 249 2326 8

231 2543 249 2572 9

282 864 402 904 bellis
428 865 612 918 praebet.

365 925 620 966 XXXHIL
655 925 878 980 Philippus
905 925 1060 978 aliquid
1085 933 1125 966 et
1151 925 1204 965 ad
1229 925 1442 966 caritatem
1468 941 1638 967 suorum

279 994 318 1027 et
344 996 389 1027 ut
413 988 645 1042 promptius
673 1003 746 1042 pro
773 1002 820 1029 eo
846 987 1075 1042 periculum
1101 987 1261 1028 adirent
1290 995 1404 1028 ratus
1429 988 1638 1042 profectu-

278 1065 369 1089 rum
397 1065 460 1098 se,
494 1050 528 1090 si
554 1050 756 1103 equitum,
785 1050 855 1102 qui
881 1049 1115 1090 ceciderant
1137 1050 1179 1090 in
1206 1050 1486 1104 expeditione,
1519 1066 1638 1105 sepe-

277 1111 509 1152 liendorum
536 1126 677 1152 curam
708 1111 940 1161 habuisset,
980 1111 1132 1152 adferri
1163 1126 1233 1152 eos
1266 1112 1307 1151 in
1339 1120 1475 1153 castra
1504 1112 1637 1161 iussit,

278 1182 324 1212 ut
361 1173 668 1228 conspiceretur
705 1174 756 1213 ab
794 1174 986 1214 omnibus
1024 1173 1181 1214 funeris
1214 1174 1359 1215 honos.
1420 1174 1522 1214 nihil
1553 1183 1637 1215 tarn
1672 1189 1675 1192 ·

280 1234 481 1275 incertum
512 1250 587 1275 nec
622 1245 706 1275 tam
731 1235 1033 1276 inaestimabile
1060 1244 1123 1276 cst
1149 1251 1273 1288 quam
1299 1236 1425 1276 animi
1450 1236 1634 1277 multitu-

280 1296 398 1337 dinis.
460 1297 570 1349 quod
600 1297 875 1351 promptiores
908 1298 960 1337 ad
992 1298 1250 1338 subeundam
1276 1312 1441 1338 omnem
1467 1297 1637 1338 dimica-

280 1358 432 1398 tionem
470 1358 688 1399 videbatur
724 1359 949 1402 facturum.
987 1358 1029 1398 id
1066 1368 1220 1399 metum
1252 1359 1544 1413 pigritiamque
1575 1359 1636 1399 in-

279 1420 427 1469 cussit3
476 1436 572 1460 nam
604 1420 674 1473 qui
706 1420 835 1460 hastis
870 1420 1113 1474 sagittisque
1145 1430 1186 1461 et
1215 1437 1308 1461 rara
1339 1421 1493 1461 lanceis
1527 1422 1638 1462 facta

278 1482 450 1522 vulnera
475 1482 675 1522 vidissent
696 1496 787 1522 cum
805 1482 976 1522 Graecis
999 1482 1234 1535 Illyriisque
1254 1497 1440 1537 pugnare
1461 1482 1635 1530 adsueti,

280 1555 500 1597 postquam
526 1544 664 1597 gladio
690 1543 963 1597 Hispaniensi
995 1544 1237 1584 detruncata
1268 1558 1441 1598 corpora
1470 1544 1635 1584 brachis

279 1619 373 1644 cum
409 1605 579 1646 humero
618 1605 791 1645 abscisis
829 1613 898 1645 aut
934 1613 1021 1645 tota
1058 1605 1217 1645 cervice
1251 1605 1418 1646 desecta
1450 1605 1583 1646 divisa
1613 1620 1637 1645 a

279 1680 450 1720 corpore
488 1666 623 1721 capita
658 1666 924 1721 patentiaque
962 1667 1122 1707 viscera
1158 1676 1198 1707 et
1235 1667 1477 1708 foeditatem
1514 1667 1637 1707 aliam

278 1728 493 1768 vulnerum
532 1729 742 1777 viderunt,
793 1728 993 1768 adversus
1031 1743 1136 1781 quae
1178 1729 1262 1769 tela
1297 1743 1482 1782 quosque
1525 1728 1635 1769 viros

275 1791 548 1844 pugnandum
574 1791 694 1839 foret,
720 1790 862 1845 pavidi
890 1791 1014 1844 vulgo
1041 1791 1277 1832 cernebant.
1315 1791 1452 1845 ipsum
1473 1805 1635 1844 quoque

275 1867 418 1906 regem
456 1864 585 1893 terror
622 1852 731 1908 cepit
766 1853 952 1893 nondum
989 1853 1146 1908 proelio
1179 1868 1272 1893 cum
1301 1853 1504 1894 Romanis
1539 1867 1636 1894 con-

277 1929 480 1968 gressum.
518 1915 657 1967 itaque
682 1922 876 1955 revocato
901 1915 985 1955 filio
1010 1915 1314 1969 praesidioque,
1343 1915 1453 1968 quod
1478 1914 1519 1955 in
1544 1915 1636 1955 fau-

275 1976 390 2015 cibus
404 1976 660 2030 Pelagoniae
681 1984 781 2025 erat,
806 1984 851 2016 ut
877 1976 925 2017 iis
953 1977 1080 2031 copiis
1107 1992 1203 2017 suas
1226 1984 1410 2030 augeret,
1435 1977 1633 2016 Pleurato

274 2038 569 2091 Dardanisque
611 2038 689 2078 iter
730 2039 772 2078 in
808 2038 1103 2079 BIaceclonialn
1144 2038 1355 2093 patefecit.
1415 2037 1504 2093 ipse
1541 2052 1634 2078 cum

274 2100 420 2154 viginti
446 2100 613 2140 milibus
640 2100 842 2154 peditum,
870 2100 1031 2140 duobus
1058 2100 1224 2140 milibus
1251 2100 1437 2153 equitum
1459 2099 1633 2140 ducibus

275 2163 503 2217 transfugis
536 2163 588 2202 ad
620 2162 784 2203 hostem
808 2163 1038 2217 profectus,
1076 2163 1200 2216 paulo
1225 2163 1319 2217 plus
1346 2162 1457 2202 mille
1482 2177 1632 2216 passus

276 2239 298 2264 a
325 2225 469 2264 eastris
491 2224 692 2265 Romanis
719 2225 925 2264 tumulum
949 2224 1228 2279 propinquum
1254 2225 1419 2265 Athaco
1445 2224 1561 2265 fossa
1586 2238 1634 2264 ac

275 2286 383 2326 vallo
416 2286 703 2336 communivit3
754 2301 801 2327 ae
833 2286 1019 2327 subiecta
1056 2300 1229 2327 cernens
1261 2286 1453 2327 Romana
1484 2292 1632 2335 castra,

276 2348 499 2389 admiratus
532 2364 625 2389 esse
657 2349 805 2388 dicitur
837 2356 877 2389 et,
907 2349 1147 2389 universam
1184 2348 1366 2403 speciem
1404 2355 1633 2389 castrorum

276 2418 317 2449 ct
341 2410 538 2464 discripta
563 2411 648 2451 suis
671 2425 857 2464 quaeque
876 2411 1063 2465 partibus
1084 2425 1178 2451 cum
1198 2410 1455 2451 tendentium
1474 2409 1630 2457 ordine,

275 2478 363 2510 tum
381 2472 573 2512 itinerum
592 2473 834 2522 intervallis,
862 2481 901 2513 et
921 2488 1112 2527 negasse,
1139 2473 1410 2513 barbarorum
1428 2487 1477 2513 ea
1497 2479 1632 2512 castra

276 2532 346 2571 ulli
383 2533 512 2573 videri
547 2550 686 2588 posse.
747 2535 917 2575 biduum
956 2535 1101 2576 consul
1131 2543 1171 2575 et
1200 2550 1292 2584 rex,
1331 2535 1434 2575 alter
1463 2532 1630 2575 alterius

276 2600 446 2633 conatus
473 2603 759 2649 expectantes,
793 2597 1031 2637 continuere
1058 2612 1154 2638 suos
1181 2597 1287 2637 intra
1313 2596 1485 2644 vallum,
1512 2593 1630 2635 tertio

275 2653 340 2694 die
365 2654 579 2697 Romanus
605 2657 737 2698 omnis
763 2657 805 2698 in
830 2658 959 2698 aciem
986 2658 1125 2713 copias
1152 2658 1306 2699 eduxit.
