1799 2900
489 160 640 194 LIBER
665 160 851 205 xxxin,
877 160 932 195 49.
961 163 1009 204 [a.
1024 160 1062 195 e.
1077 160 1157 204 195]
1420 148 1499 191 123

143 264 296 321 populo
311 264 501 305 Romano
527 263 690 311 fecisse,
718 271 759 304 et
782 278 893 304 nunc
918 263 1074 305 litteras
1100 263 1350 316 nuntiosque
1377 263 1428 303 ab
1448 276 1498 303 eo
1522 275 1540 305 ‘2

145 327 198 368 ad
221 325 478 367 Antiochum
510 333 550 366 et
574 325 749 366 Aetolos
776 326 926 367 missos
953 325 1206 379 consiliaque
1238 324 1339 365 inita
1368 323 1499 379 inpel-

144 388 291 430 lendae
322 387 375 428 ad
405 387 682 428 defectionem
709 386 999 442 Carthaginis,
1037 401 1113 427 nec
1144 387 1223 427 alio
1250 402 1343 428 eum
1376 401 1500 440 quam

144 451 197 492 ad
211 449 467 491 Antiochum
480 464 624 504 regem
638 450 888 504 profectum3
905 450 1002 490 haut
1019 449 1251 503 quieturum
1267 456 1361 489 ante
1376 463 1500 502 quam

145 512 298 553 bellum
334 518 420 552 toto
453 512 552 552 orbe
583 519 785 551 terrarum
817 511 1041 551 concisset:
1078 511 1121 550 id
1157 510 1194 551 ei
1226 525 1310 551 non
1347 510 1497 550 debere

144 574 298 628 inpune
331 588 440 621 esse,
479 573 515 613 si
547 572 786 613 satisfacere
819 571 1190 627 Carthaginienses
1228 572 1384 626 populo
1414 571 1501 612 Ro-

144 650 267 676 mano
293 634 458 683 vellent,
484 634 587 674 nihil
613 649 754 675 eorum
782 649 856 674 sua
875 634 1088 675 voluntate
1112 648 1189 674 nec
1212 633 1378 688 publico
1404 647 1502 673 con-

145 697 236 738 silio
262 697 419 736 factum
444 711 537 737 esse
562 722 614 745 —‚
643 695 1014 750 Carthaginienses
1039 696 1355 750 responderunt,
1383 694 1501 748 quid-

146 758 244 812 quid
270 771 413 798 aecum
440 757 703 798 censuissent
726 757 919 806 Romani,
946 758 1129 798 facturos
1157 771 1262 798 esse.

230 819 442 859 Hannibal
463 834 661 874 prospero
678 834 799 860 cursu
814 819 973 873 'syrum
992 818 1193 873 pervenit,
1221 824 1501 872 exceptusque

146 897 169 922 a
189 880 469 921 conditoribus
486 880 767 935 Carthaginis,
788 889 833 920 ut
853 881 905 921 ab
926 881 1053 921 altera
1073 881 1218 935 patria,
1242 880 1302 920 vir
1316 887 1399 920 tam
1419 879 1502 919 cla-

145 958 215 982 rus
248 943 360 982 omni
394 957 546 996 genere
584 942 786 983 honorum
822 957 978 996 paucos
1015 950 1199 982 moratus
1231 942 1318 982 dies
1351 941 1502 981 Antio-

146 1004 279 1045 chiam
306 1004 487 1058 navigat.
547 1004 602 1044 ibi
633 1005 864 1058 profectum
891 1004 971 1043 iam
999 1018 1141 1057 regem
1166 1003 1208 1043 in
1231 1002 1382 1043 Asiam
1408 1017 1499 1042 cum

147 1067 331 1106 audisset
349 1066 561 1118 filiumque
582 1065 669 1105 eius
685 1066 884 1105 sollemne
897 1065 1090 1105 ludorum
1110 1064 1381 1118 adDaplmen
1396 1064 1503 1104 eele-

146 1129 334 1168 brantem
351 1127 627 1175 convenisset,
645 1126 815 1167 comiter
830 1127 881 1166 ab
896 1141 944 1166 eo
959 1133 1157 1180 exceptus
1172 1126 1328 1165 nullam
1344 1140 1503 1166 moram

144 1189 369 1244 navigandi
400 1190 511 1230 feeit.
570 1189 731 1243 Ephesi
757 1203 900 1243 regem
931 1197 995 1228 est
1020 1197 1267 1228 consecutus
1299 1188 1502 1228 fluctuan-

145 1260 228 1293 tem
265 1251 401 1292 adhuc
437 1251 575 1291 animo
611 1251 896 1304 incertumque
934 1251 984 1290 de
1009 1250 1201 1291 Romano
1238 1250 1360 1290 bello.
1428 1250 1503 1290 sed

145 1314 256 1354 haud
280 1329 454 1368 parvum
480 1310 736 1354 momentum
757 1313 809 1352 ad
834 1312 1018 1352 animum
1038 1312 1126 1353 eius
1152 1311 1406 1353 moliendum
1432 1311 1504 1352 ad-

145 1384 293 1416 ventus
320 1375 571 1416 Hannibalis
597 1375 709 1415 fecit.

228 1437 476 1478 Aetolorum
508 1452 671 1490 quoque
704 1436 852 1478 eodem
884 1442 1070 1490 tempore
1097 1435 1263 1477 alienati
1293 1436 1346 1477 ab
1373 1436 1503 1477 socie-

145 1506 229 1540 tate
254 1499 446 1540 Romana
478 1500 603 1539 animi
636 1507 749 1548 sunt,
788 1513 963 1552 quorum
993 1498 1157 1553 legatos
1181 1498 1432 1539 Pharsalum
1465 1507 1505 1538 et

146 1561 389 1602 Leucadem
419 1568 460 1602 et
491 1561 691 1614 quasdam
723 1560 823 1601 alias
855 1560 1044 1601 civitates
1077 1575 1128 1600 ex
1165 1560 1298 1615 primo
1336 1560 1503 1601 foedere

145 1622 370 1678 repetentis
397 1631 564 1664 senatus
591 1623 644 1663 ad
669 1622 718 1663 T.
746 1622 990 1675 Quinctium
1014 1622 1168 1663 reiecit.

438 1849 750 1900 [PERIOOHA
780 1850 932 1888 LIBRI
962 1847 1209 1899 XXXHIL]

217 1959 312 2002 [Lex
327 1958 462 2004 Oppia,
489 1970 598 2004 quam
620 1958 659 1993 C.
676 1958 818 2004 Oppius
838 1958 1010 1992 tribunus
1030 1957 1151 2002 plebis
1171 1957 1272 1991 bello
1296 1956 1437 1990 Punico
1460 1957 1505 1991 de

148 2008 321 2043 finiendis
347 2014 598 2043 matronarum
625 2010 787 2043 cultibus
813 2010 967 2051 tulerat,
996 2020 1078 2042 eum
1104 2019 1240 2052 magna
1266 2008 1505 2041 contentione

148 2060 333 2105 abrogata
347 2065 414 2103 est,
431 2072 513 2094 eum
530 2060 684 2094 Porcius
699 2059 793 2094 Cato
809 2064 941 2093 auctor
960 2058 1106 2101 fuisset,
1133 2069 1179 2092 ne
1195 2069 1239 2092 ea
1259 2058 1319 2092 lex
1334 2058 1504 2092 abolere-

148 2114 220 2143 tur.
274 2111 306 2143 is
325 2111 362 2144 in
381 2111 602 2156 Hispaniam
623 2111 814 2155 profectus
835 2110 959 2153 bello,
991 2110 1092 2154 quod
1111 2107 1286 2153 Emporis
1309 2119 1415 2142 orsus
1436 2113 1504 2152 est,

150 2160 358 2194 citeriorem
384 2160 605 2205 Hispaniam
630 2162 789 2206 pacavit.
852 2159 898 2194 T.
919 2159 1092 2200 Quintius
1118 2158 1346 2192 Flamininus
1367 2158 1506 2192 bellum

150 2211 328 2245 adversus
349 2211 673 2246 Lacedaemonios
696 2217 732 2246 et
752 2216 950 2256 tyrannum
971 2222 1098 2244 eorum
1120 2210 1304 2244 Nabidem
1327 2220 1504 2254 prospere

151 2265 296 2306 gestum
322 2261 410 2295 data
436 2262 491 2295 his
513 2274 623 2306 pace,
655 2263 802 2307 qualem
824 2262 901 2307 ipse
923 2261 1086 2304 volebat,
1114 2260 1359 2305 liberatisque
1380 2260 1504 2304 Argis,

152 2313 214 2357 qui
230 2313 298 2346 sub
314 2313 460 2347 dicione
482 2314 631 2358 tyranni
652 2318 771 2357 erant,
798 2312 929 2346 finivit.
979 2323 1038 2345 res
1060 2316 1256 2356 praeterea
1268 2311 1305 2345 in
1320 2312 1506 2356 Hispania

152 2367 188 2397 et
201 2363 380 2397 adversus
400 2362 516 2397 Boios
537 2368 575 2398 et
593 2364 772 2397 Insubres
787 2363 919 2397 Gallos
940 2362 1101 2396 feliciter
1125 2367 1255 2406 gestae
1282 2362 1505 2396 referuntur.

152 2417 302 2447 senatus
317 2418 406 2447 tune
420 2414 573 2457 primum
590 2418 754 2448 secretus
769 2425 790 2448 a
804 2415 943 2459 populo
960 2414 1069 2447 ludos
1081 2413 1272 2459 spectavit.
1298 2413 1336 2446 id
1345 2417 1386 2447 ut
1399 2413 1507 2447 fieret

152 2464 233 2499 Sex.
253 2464 381 2501 Aelius
402 2465 540 2499 Paetus
561 2470 598 2499 et
618 2465 658 2499 C.
674 2464 870 2499 Cornelius
891 2464 1079 2509 Cethegus
1101 2475 1277 2498 censores
1296 2465 1504 2499 intervene—

150 2519 235 2548 runt
249 2526 330 2548 eum
345 2515 601 2559 indignatione
617 2516 749 2559 plebis.
799 2515 969 2550 coloniae
985 2516 1111 2559 plures
1127 2515 1310 2549 deductae
1326 2519 1422 2549 sunt.
1454 2515 1504 2549 M.

150 2566 307 2599 Porcius
323 2567 414 2600 Cato
436 2568 480 2600 (le
501 2566 689 2611 Hispania
707 2566 960 2611 triumphavit.
1001 2566 1045 2599 T.
1067 2565 1240 2606 Quintius
1258 2565 1503 2607 Flamininus,

151 2618 212 2662 qui
230 2618 441 2663 Philippum
455 2618 703 2652 Macedonum
723 2629 849 2662 regem
863 2621 901 2652 et
921 2617 1106 2653 Nabidem
1120 2616 1503 2652 Lacedaemoniorum

1529 1447 1548 1475 ὅ
