1799 2900
515 204 670 239 LIBER
694 205 845 250 XXXI,
871 206 926 240 22.
945 206 1000 240 23.
1028 208 1075 249 [a.
1091 204 1130 240 0.
1145 205 1227 249 200]
1504 197 1554 238 19

197 311 393 352 Piraeum
417 308 726 364 pervenissent,
753 308 1109 364 despondentibus
1134 308 1217 349 iam
1243 308 1402 349 animos
1430 308 1552 350 sociis

197 387 314 428 spem
338 371 549 426 ingentem
575 370 820 411 adtulerant.
863 386 960 411 nam
986 378 1027 411 et
1051 370 1256 411 terrestris
1282 371 1334 411 ab
1349 369 1552 412 Corintho
1579 384 1596 413 6

196 449 300 488 quae
326 449 399 489 per
411 433 634 488 Elegarain
658 432 916 473 incursiones
943 433 983 473 in
1006 448 1128 487 agros
1154 433 1243 474 fieri
1269 433 1414 474 solitae
1436 440 1553 474 erant

196 512 278 538 non
308 496 482 544 fiebant,
520 502 561 535 et
591 495 849 549 praedonum
874 510 897 535 a
926 494 1126 535 Chalcide
1152 510 1300 544 naves,
1338 510 1443 548 quae
1468 510 1551 536 non
1579 511 1595 539 7

195 574 308 599 mare
336 558 470 599 solum
494 557 714 606 infestum,
749 557 823 599 sed
849 557 972 598 etiam
999 557 1132 597 omnis
1159 557 1401 598 maritumos
1429 573 1551 612 agros

195 620 524 662 Atheniensibus
569 619 773 668 fecerant,
816 635 899 660 non
948 620 1072 661 inodo
1117 619 1293 661 Sunium
1343 634 1551 674 superare,

197 684 270 725 sed
294 698 347 724 ne
380 690 497 724 extra
528 682 680 722 fretum
704 681 853 736 Euripi
887 680 1091 737 [quidem]
1120 682 1377 723 committere
1410 690 1552 736 aperto

196 746 298 786 mari
324 760 368 786 se
394 745 615 786 audebant.
677 751 1005 798 supervenerunt
1037 744 1100 784 his
1127 752 1209 784 tres
1235 743 1426 784 Rhodiae
1452 758 1552 796 qua·
1577 757 1596 787 8

195 808 406 856 driremes,
434 814 474 848 et
499 814 615 847 erant
634 806 802 846 Atticae
828 813 910 847 tres
938 813 1103 860 apertae
1129 821 1271 854 naves,
1298 806 1350 846 ad
1375 805 1551 846 tuendos

196 870 435 910 maritumos
463 884 585 923 agros
613 876 888 924 comparatae.
933 869 1011 909 hac
1036 869 1169 909 classe
1196 868 1230 909 si
1255 869 1353 909 urbs
1380 868 1551 923 agrique

195 932 515 973 Atheniensium
552 932 887 980 defenderentur,
926 932 1026 972 satis
1064 931 1107 971 in
1142 930 1379 985 praesentia
1410 931 1551 971 existi-

194 995 322 1035 manti
350 992 526 1034 Claudio
553 1009 646 1034 esse
677 994 843 1034 maioris
877 993 1001 1033 etiam
1026 993 1086 1033 rei
1117 993 1284 1033 fortuna
1309 993 1448 1033 oblata
1473 1001 1549 1033 est.

279 1056 459 1096 XXIII.
507 1056 666 1095 Exules
701 1056 753 1095 ab
781 1055 982 1095 Chalcide
1014 1054 1223 1108 regiorum
1254 1054 1414 1094 iniuriis
1440 1054 1549 1108 pulsi
1578 1069 1588 1096 1

193 1119 441 1166 adtulerunt,
468 1117 661 1171 occupari
678 1116 923 1157 Chalcidem
949 1116 1037 1157 sine
1058 1116 1280 1156 certamine
1301 1117 1384 1156 ullo
1404 1131 1548 1170 posse:

192 1196 288 1221 nam
313 1187 352 1221 et
381 1179 652 1227 hlacedonas,
680 1179 775 1231 quia
802 1179 939 1218 nullus
966 1179 1009 1218 111
1032 1178 1265 1232 propinquo
1292 1178 1344 1217 sit
1369 1178 1550 1218 hostium
1577 1192 1594 1220 2

192 1249 340 1290 metus,
368 1240 509 1295 vagari
535 1241 693 1295 passim
719 1248 759 1281 et
784 1240 1014 1295 oppidanos
1040 1240 1247 1295 praesidio
1266 1239 1549 1280 Macedonum

191 1304 318 1345 fretos
357 1303 588 1344 custodiam
626 1303 741 1343 urbis
778 1303 1014 1358 neglegere.
1076 1302 1139 1342 his
1178 1302 1416 1343 auctoribus
1453 1316 1549 1356 pro·
1575 1315 1593 1343 3

190 1367 323 1408 fectus
350 1380 601 1419 quamquain
630 1364 807 1405 Sunium
830 1366 888 1405 ita
912 1373 1072 1405 mature
1097 1371 1355 1419 pervenerat,
1382 1370 1426 1404 ut
1452 1364 1548 1405 inde

188 1428 362 1485 provehi
388 1429 440 1469 ad
464 1428 618 1483 primas
646 1428 860 1482 angustias
875 1429 1074 1469 Euboeae
1099 1434 1254 1481 posset,
1281 1441 1333 1467 ne
1355 1434 1548 1480 superato

189 1491 473 1546 promunturio
505 1490 832 1544 conspiceretur,
866 1490 1043 1530 classem
1068 1489 1111 1529 in
1137 1489 1312 1529 statione
1338 1503 1470 1541 usque
1496 1488 1550 1528 ad

187 1560 353 1594 noctem
384 1553 532 1601 tenuit3
570 1553 714 1607 primis
749 1552 929 1593 tenebris
961 1551 1092 1593 movit
1122 1559 1163 1591 et
1199 1550 1422 1603 tranquillo
1454 1565 1547 1604 per-
1572 1564 1591 1591 4

190 1622 333 1655 vectus
350 1614 592 1655 Chalcidem
620 1615 744 1670 paulo
765 1622 860 1654 ante
886 1615 1034 1663 lucem,
1063 1628 1143 1666 qua
1167 1612 1547 1665 infrequentissima

188 1676 302 1717 urbis
329 1684 444 1725 sunt,
469 1677 613 1730 paucis
645 1677 844 1717 militibus
872 1677 1016 1716 turrim
1042 1675 1273 1729 proximam
1299 1688 1545 1726 murumque

189 1738 298 1779 circa
325 1738 446 1779 scalis
481 1739 589 1792 cepit
615 1738 711 1778 alibi
743 1738 887 1792 sopitis
914 1737 1175 1782 custodibus,
1209 1737 1308 1776 alibi
1335 1736 1448 1776 nullo
1475 1750 1545 1775 cu-

191 1800 409 1841 stodiente.
480 1800 693 1854 progressi
729 1801 825 1840 inde
863 1800 915 1839 ad
951 1798 1184 1851 frequentia
1220 1797 1416 1837 aedificiis
1453 1797 1543 1837 loca
1570 1810 1588 1839 5

189 1862 429 1902 custodibus
456 1862 683 1902 interfectis
714 1862 974 1914 refractaque
1006 1866 1125 1914 porta
1151 1866 1329 1899 ceteram
1361 1858 1545 1898 multitu-

188 1924 326 1964 dinem
352 1931 603 1965 armatorum
629 1931 888 1978 acceperunt.
938 1922 1033 1962 inde
1065 1921 1105 1961 in
1131 1927 1261 1961 totam
1285 1921 1430 1960 urbem
1462 1921 1545 1960 dis-
1571 1933 1588 1961 6

187 2000 353 2026 cursum
380 1993 444 2026 est
469 1994 588 2026 aucto
620 1987 745 2026 etiam
770 1985 968 2027 tumultu.
1005 1983 1116 2037 quod
1141 1983 1249 2022 circa
1274 1982 1410 2022 forum
1435 1981 1542 2036 ignis

186 2048 305 2088 tectis
330 2048 506 2088 iniectus
533 2055 633 2088 erat.
695 2047 1004 2101 conflagrarunt
1028 2053 1068 2086 et
1093 2045 1239 2084 horrea
1270 2044 1386 2098 regia
1411 2050 1451 2083 et
1481 2059 1544 2084 ar·
1573 2058 1587 2084 7

185 2109 504 2150 mamentarium
531 2123 625 2149 cum
648 2109 811 2163 ingenti
835 2109 1035 2163 adparatu
1056 2106 1339 2147 machinarum
1365 2113 1544 2146 tormen-

185 2178 415 2224 torumque.
466 2171 615 2211 caedes
647 2171 743 2211 inde
768 2170 927 2225 passim
953 2169 1200 2223 fugientium
1230 2167 1383 2222 pariter
1409 2180 1456 2206 ac
1480 2181 1544 2206 re-

184 2234 462 2288 pugnantium
487 2234 575 2274 fieri
602 2242 749 2288 coepta
774 2240 851 2273 est.
911 2247 987 2272 1100
1017 2232 1102 2271 11110
1134 2231 1217 2270 iam
1254 2229 1323 2282 qui
1354 2229 1541 2269 militaris
1569 2240 1587 2269 8

185 2296 332 2336 aetatis
365 2303 477 2336 esset
532 2311 615 2337 non
647 2304 719 2336 aut
749 2310 870 2336 caeso
897 2302 967 2335 aut
999 2295 1163 2348 fugato,
1203 2292 1382 2347 Sopatro
1419 2293 1543 2333 etiam

184 2358 407 2398 Acarnane
449 2358 661 2412 praefecto
703 2356 900 2411 praesidii
948 2356 1167 2396 interfecto
1211 2355 1366 2408 praeda
1408 2354 1540 2395 omnis

184 2418 317 2472 primo
342 2418 385 2458 in
410 2419 544 2459 forum
571 2419 746 2467 conlata,
774 2418 921 2458 deinde
948 2419 990 2457 in
1015 2432 1143 2457 naves
1170 2416 1363 2471 inposita.
1402 2430 1540 2456 carcer
1567 2426 1584 2455 9

185 2480 310 2520 ctiam
340 2481 392 2521 ab
417 2479 592 2520 Rhodiis
624 2480 826 2520 refractus
860 2479 1082 2531 emissique
1110 2478 1280 2532 captivi,
1312 2492 1414 2530 quos
1440 2477 1542 2517 Phi-

184 2541 320 2596 lippus
370 2550 580 2594 tamquam
622 2541 663 2581 in
711 2541 961 2582 tutissimam
1012 2540 1243 2580 custodiam
1287 2539 1539 2580 condiderat.

185 2602 332 2644 statuis
370 2603 465 2643 inde
501 2603 612 2657 regis
652 2603 822 2643 deiectis
862 2602 1162 2655 truncatisque,
1201 2602 1320 2656 signo
1355 2600 1539 2655 receptui
1568 2612 1608 2642 lo

185 2665 280 2706 dato
300 2665 630 2706 conscenderunt
647 2680 774 2706 naves
797 2672 836 2706 et
850 2665 1059 2709 Piraeum,
1085 2664 1194 2704 unde
1214 2663 1388 2718 profecti
1410 2669 1537 2709 erant,

1262 2729 1307 2762 2*
