1799 2900
203 375 221 403 ΚΟ

201 622 219 651 3

201 746 219 774 4

201 870 220 898 5

203 993 220 1021 6

205 1049 220 1077 7

184 1671 222 1701 10

186 1797 219 1824 11

204 2104 222 2133 to

207 2351 225 2379 3

250 124 329 165 140
519 131 671 165 1211}ssss
695 129 905 172 xxxnn,
935 130 986 162 19.
1008 130 1064 163 20.
1092 129 1332 172 [mumma]

246 236 408 277 Manlio
435 233 635 274 Celtiberi
667 233 857 273 mercede
889 232 1012 273 exciti
1039 234 1090 273 ab
1123 232 1330 280 hostibus,
1370 232 1475 272 sicut
1505 239 1600 273 ante

247 299 400 338 dictum
427 302 501 343 est,
528 295 749 335 faciebant.
798 295 935 348 itaque
962 310 1010 335 eo
1037 294 1179 335 consul
1205 295 1428 335 accersitus
1455 294 1600 335 litteris

246 358 447 414 praetoris
479 357 665 412 legiones
694 357 822 397 duxit.
882 357 953 396 ubi
979 372 1027 397 eo
1053 356 1183 405 venit,
1218 367 1352 396 castra
1379 356 1601 411 separatim

247 420 447 461 Celtiberi
478 428 518 459 et
549 419 778 459 Turdetani
814 418 1036 459 habebant.
1111 432 1204 458 cum
1241 418 1491 459 Turdetanis
1531 434 1602 459 ex-

247 482 400 536 templo
431 481 538 522 levia
570 481 727 535 proelia
750 481 1010 521 incursantes
1041 480 1083 520 in
1117 480 1315 520 stationes
1350 495 1491 521 eorum
1516 480 1602 521 Ro-

246 544 357 583 mani
383 543 519 583 facere
542 556 786 597 semperque
807 542 983 583 victores
1010 549 1048 582 et
1071 542 1260 594 quamvis
1281 552 1435 582 temere
1456 550 1602 596 coepto

247 604 469 646 certamine
509 605 640 653 abire3
678 605 731 644 ad
763 603 996 645 Celtiberos
1034 603 1076 643 in
1114 603 1377 656 conloquium
1415 604 1601 644 tribunos

246 667 423 707 militum
447 666 506 707 ire
527 666 672 707 consul
700 673 823 718 atque
841 667 876 705 is
902 666 1027 705 trium
1048 665 1336 705 condicionum
1357 666 1602 706 electionem

246 730 353 769 ferre
389 728 522 768 iubet:
559 728 748 782 primam,
788 727 822 768 si
859 727 1034 767 transire
1073 726 1125 767 ad
1154 726 1367 767 Romanos
1401 726 1528 766 velint
1564 735 1604 767 et

247 791 401 845 duplex
433 790 685 845 stipendium
711 789 898 844 accipere
931 804 1055 842 quam
1080 795 1280 841 quantum
1306 804 1329 828 a,
1353 788 1603 828 Turdetanis

246 852 523 908 pepigissent;
551 853 735 901 alteram,
764 851 797 892 si
817 852 961 892 domos
982 850 1107 899 abire,
1134 850 1300 905 publica
1319 850 1399 890 fide
1421 857 1603 904 accepta,

246 915 348 955 nihil
373 930 465 956 eam
494 930 582 955 rem
614 915 763 955 noxiae
789 914 989 962 futuram,
1028 913 1140 966 quod
1164 912 1353 953 hostibus
1381 927 1424 952 se
1449 912 1605 953 Roma-

247 992 394 1019 norum
418 977 669 1024 iunxissent3
697 976 872 1025 tertiam,
900 976 934 1017 si
954 975 1095 1029 utique
1114 974 1268 1015 bellum
1293 974 1468 1030 placeat,
1495 974 1605 1014 diem

248 1040 468 1092 locumque
506 1040 778 1087 constituant,
816 1038 887 1079 ubi
925 1052 1067 1079 secum
1109 1037 1233 1077 armis
1272 1037 1509 1077 decernant.
1581 1050 1605 1075 a

249 1100 471 1142 Celtiberis
509 1101 596 1141 dies
631 1101 684 1141 ad
721 1100 1040 1141 consultandum
1078 1099 1220 1154 petita.
1288 1098 1508 1139 concilium
1543 1097 1605 1137 in-

247 1164 386 1203 mixtis
402 1163 652 1204 Turdetanis
679 1163 865 1203 habitum
884 1177 1038 1217 magno
1058 1176 1152 1202 cum
1173 1161 1372 1208 tu1nultu3
1399 1175 1448 1200 eo
1467 1159 1603 1199 minus

249 1226 413 1266 decerni
452 1225 672 1277 quicquam
709 1225 855 1279 potuit.
917 1238 1011 1264 eum
1050 1223 1207 1262 incerta
1242 1222 1396 1262 bellum
1434 1236 1486 1261 an
1522 1236 1604 1274 pax

249 1302 342 1328 cum
381 1287 602 1328 Celtiberis
641 1294 798 1335 essent,
850 1294 1104 1326 commeatus
1147 1292 1287 1325 tamen
1330 1284 1441 1324 haud
1484 1298 1603 1323 secus

249 1363 373 1401 quam
398 1349 438 1388 in
464 1363 566 1403 pace
593 1364 644 1388 ex
670 1348 780 1401 agris
808 1347 1071 1400 castellisque
1098 1346 1279 1386 hostium
1304 1345 1485 1386 Romani
1510 1360 1605 1399 por-

249 1411 410 1459 tabant,
455 1410 550 1450 deni
593 1425 717 1463 saepe
754 1409 1009 1449 munimenta
1045 1423 1206 1456 eorum,
1244 1408 1355 1447 velut
1397 1408 1604 1447 communi

250 1480 371 1527 pacto
398 1473 644 1513 commercio
675 1472 846 1527 privatis
878 1471 1065 1519 indutiis,
1103 1471 1398 1525 ingredientes.
1459 1470 1605 1510 consul

248 1535 319 1575 ubi
345 1534 476 1575 hostis
503 1535 555 1574 ad
586 1549 771 1588 pugnam
797 1534 943 1574 elicere
969 1532 1130 1585 nequit,
1157 1532 1336 1586 primum
1361 1532 1604 1586 praedatum

249 1597 326 1637 sub
358 1596 488 1650 signis
522 1596 676 1648 aliquot
707 1595 922 1650 expeditas
955 1594 1134 1635 cohortis
1166 1594 1208 1633 in
1240 1609 1386 1647 agrum
1418 1593 1604 1647 integrae

248 1658 427 1712 regionis
450 1658 574 1706 ducit,
602 1657 750 1697 deinde
771 1657 924 1703 audito,
948 1655 1177 1710 Saguntiae
1194 1654 1450 1696 Celtiberum
1471 1654 1604 1695 omnis

248 1719 430 1759 sarcinas
463 1719 826 1774 inpedimentaque
850 1718 1011 1766 relicta,
1044 1733 1092 1758 eo
1117 1717 1254 1772 pergit
1279 1717 1428 1757 ducere
1455 1717 1507 1757 ad
1533 1717 1606 1757 ob-

247 1782 532 1836 pugnandum.
602 1788 825 1836 postquam
865 1780 979 1821 nulla
1019 1769 1239 1820 moi'entur
1280 1794 1344 1827 re,
1393 1779 1605 1833 persoluto

251 1843 456 1898 stipendio
488 1858 571 1884 non
604 1843 688 1883 suis
727 1842 867 1892 modo,
908 1842 982 1883 sed
1013 1841 1137 1882 etiam
1172 1840 1374 1895 praetoris
1406 1841 1604 1881 militibus

248 1906 473 1959 relictoque
511 1906 624 1946 omni
660 1905 843 1947 exercitu
878 1905 921 1945 in
958 1904 1103 1945 castris
1140 1903 1342 1958 praetoris
1383 1903 1474 1957 ipse
1511 1917 1603 1943 cum

250 1976 410 2023 septem
435 1968 672 2009 cohortibus
699 1968 752 2008 ad
776 1968 983 2008 Hiberum
1008 1973 1072 2007 est
1095 1981 1327 2020 regressus.

333 2030 443 2071 XX.
492 2031 558 2070 Ea
583 2037 667 2070 tam
692 2029 844 2083 exigua
867 2044 993 2069 manu
1019 2027 1175 2083 oppida
1201 2027 1355 2080 aliquot
1381 2026 1502 2080 cepit.
1535 2026 1605 2066 de-

249 2092 384 2133 fecere
411 2092 463 2132 ad
489 2107 583 2132 eum
611 2090 828 2139 Sedetani,
854 2090 1079 2139 Ausetani,
1108 2089 1364 2130 Suessetani.
1425 2088 1605 2128 Laceta-

249 2169 344 2202 nos,
388 2154 550 2194 deviam
588 2162 628 2193 et
666 2153 898 2193 silvestrem
936 2160 1121 2206 gentem,
1166 2165 1258 2191 cum
1294 2150 1419 2190 insita
1460 2149 1603 2190 feritas

250 2216 488 2256 continebat,
512 2215 554 2255 in
581 2215 719 2263 armis,
747 2222 834 2255 tum
861 2214 1126 2262 conscientia,
1155 2213 1253 2253 dum
1278 2212 1422 2253 consul
1448 2211 1605 2252 exerci-

250 2288 397 2330 tusque
424 2277 611 2318 Turdulo
636 2277 745 2318 bello
771 2284 835 2317 est
854 2284 1094 2331 occupatus,
1121 2274 1467 2330 depopulatorum
1494 2273 1605 2314 subi-

252 2339 303 2379 tis
339 2340 644 2381 incursionibus
684 2339 903 2380 sociorum.
974 2338 1099 2392 igitur
1137 2338 1189 2378 ad
1227 2336 1426 2392 oppidum
1463 2350 1604 2376 eorum

253 2402 578 2455 obpugnandum
605 2402 748 2442 consul
775 2401 888 2441 ducit
911 2416 995 2441 non
1009 2401 1222 2441 Romanas
1249 2399 1372 2439 modo
1399 2397 1602 2444 cohortes,

254 2463 327 2501 sed
363 2463 617 2504 iuventutem
655 2463 776 2503 etiam
822 2462 967 2503 merito
1004 2462 1262 2502 infensorum
1298 2460 1346 2499 iis
1386 2458 1602 2500 sociorum.

211 2534 230 2562 4
254 2523 452 2576 oppidum
484 2525 673 2579 longum,
712 2525 754 2564 in
784 2524 1045 2565 latitudinem
1081 2523 1404 2575 haudquaquam
1441 2526 1604 2560 tantun-

209 2596 228 2626 5
255 2583 348 2623 dem
373 2594 518 2638 patens
547 2586 766 2626 habebant.
828 2585 1150 2639 quadringentos
1177 2584 1271 2623 inde
1297 2583 1426 2622 ferme
1453 2594 1600 2636 passus
