1799 2900
472 122 626 156 LIBER
651 123 836 167 xxxvl,
862 123 916 157 29.
938 123 991 157 30.
1020 125 1069 166 [a.
1085 121 1123 156 c,
1140 122 1220 166 191]
1425 110 1509 152 245

156 228 232 269 cho
248 226 417 268 veniens
432 225 619 280 implevit
633 226 919 281 expectatione
936 241 1043 267 vana
1062 225 1380 275 multitudinem,
1403 233 1512 266 terra

155 289 339 342 marique
353 289 500 343 ingens
520 289 657 342 parari
670 289 836 329 bellum.
871 289 1130 330 duodecumo
1144 289 1178 330 is
1195 289 1259 330 die
1275 303 1399 342 quam
1414 302 1512 329 con-
1537 301 1556 329 4

156 352 374 392 scenderat
398 365 566 399 navem,
593 351 634 390 in
659 350 871 391 Aetoliam
903 351 1088 405 perfecta
1113 350 1320 405 legatione
1345 350 1510 392 rediens

153 413 336 454 Phalara
360 413 401 452 in
428 412 520 453 sinu
544 412 728 453 BIaliaco
753 412 896 453 tenuit.
946 413 1041 453 inde
1067 413 1261 454 Lamiam
1292 412 1510 467 pecuniam
1537 425 1556 453 5

155 489 249 515 cum
275 474 530 523 devexisset,
568 475 658 529 ipse
692 489 784 515 cum
817 475 1021 529 expeditis
1046 475 1181 529 prima
1206 489 1380 528 vespera
1405 474 1512 514 inter

154 537 438 577 Blacedonum
451 536 725 589 Romanaque
741 546 876 577 castra
896 537 1031 578 medio
1047 552 1159 591 agro,
1183 537 1280 577 dum
1296 538 1510 592 Hypatam

154 599 262 640 notis
278 598 449 639 callibus
470 598 586 653 petit,
612 598 653 639 in
669 599 889 639 stationem
904 599 1046 640 incidit
1059 599 1355 647 Macedonum,
1383 599 1511 639 dedu-

156 668 329 713 ctusque
353 661 405 701 ad
425 676 566 715 regem
588 670 651 701 est
672 661 856 701 nondum
878 661 1067 702 convivio
1089 661 1272 702 dimisso.
1307 660 1416 714 quod
1442 659 1512 700 ubi
1539 674 1556 703 6

154 723 388 763 nuntiatum
413 731 495 771 est,
534 722 647 763 velut
672 722 866 777 hospitis,
905 738 988 763 non
1013 722 1144 763 hostis
1171 723 1351 763 adventu
1376 729 1512 763 motus

155 784 375 839 Philippus
408 785 657 825 adcumbere
683 799 778 825 eum
804 785 1044 839 epularique
1074 785 1235 825 iussum
1262 792 1383 837 atque
1415 784 1511 824 inde

156 846 338 886 dimissis
366 846 456 887 aliis
484 847 618 887 solum
638 855 856 895 retentum,
884 846 1022 901 ipsum
1042 847 1210 899 quidem
1230 846 1280 887 de
1303 862 1347 886 se
1369 846 1513 887 timere

157 908 378 962 quicquam
392 909 533 957 vetuit,
548 909 794 949 Aetolorum
808 924 936 962 prava
951 909 1124 949 consilia
1138 916 1259 961 atque
1274 908 1315 948 in
1329 909 1513 963 ipsorum
1539 920 1558 950 8

158 978 282 1024 caput
308 985 470 1025 semper
496 970 721 1010 recidentia
748 970 972 1019 accusavit,
1000 970 1069 1023 qui
1093 970 1271 1025 primum
1285 971 1513 1018 Romanos,

157 1032 304 1072 deinde
318 1032 572 1072 Antiochum
585 1032 627 1072 in
642 1031 862 1072 Graeciam
878 1032 1168 1072 adduxissent:
1186 1032 1259 1072 sed
1273 1031 1515 1086 praeterito·
1540 1044 1558 1074 9

155 1109 260 1143 rum,
281 1109 386 1147 quae
406 1094 539 1148 magis
561 1094 807 1148 reprehendi
830 1108 954 1146 quam
975 1094 1124 1148 corrigi
1142 1094 1317 1148 possint,
1341 1094 1514 1134 oblitum

157 1171 201 1196 se
221 1171 303 1196 non
323 1156 541 1203 facturum,
562 1163 604 1195 ut
626 1155 795 1195 insultet
810 1155 997 1195 adversis
1016 1156 1140 1196 rebus
1156 1170 1310 1196 corum.
1336 1155 1513 1196 Aetolos
1545 1168 1582 1196 10

156 1232 319 1270 quoque
332 1218 449 1258 finire
464 1218 632 1258 tandem
648 1217 848 1258 adversus
864 1232 908 1258 se
925 1217 1020 1258 odia
1034 1217 1185 1258 debere
1206 1225 1246 1258 et
1258 1217 1514 1257 Nicandrum

155 1279 348 1334 privatim
368 1279 454 1320 eius
478 1279 571 1328 diei,
598 1294 680 1333 quo
701 1287 889 1320 servatus
911 1295 935 1320 a
956 1294 1000 1320 se
1021 1280 1140 1328 foret,
1167 1279 1420 1320 meminisse.
1458 1278 1515 1319 ita
1545 1293 1579 1321 ιι

157 1342 262 1382 datis
279 1341 347 1395 qui
367 1341 408 1381 in
428 1349 560 1382 tutum
580 1357 673 1382 eum
694 1350 1056 1396 prosequerentur,
1078 1343 1292 1397 Hypatam
1306 1340 1515 1383 Nicander

157 1403 485 1445 consultantibus
513 1403 563 1444 de
589 1418 691 1458 pace
717 1404 895 1444 Romam
922 1404 1173 1459 supervenit.

241 1465 400 1506 XXX.
449 1465 525 1506 Μ’.
552 1466 714 1506 Acilius
747 1466 915 1506 vendita
941 1474 1011 1506 aut
1037 1480 1237 1507 concessa
1261 1464 1380 1505 militi
1407 1464 1514 1505 eirca
1545 1475 1556 1503 1

156 1527 407 1568 Heracleam
427 1527 593 1581 praeda,
619 1535 842 1582 postquam
862 1542 939 1568 nec
952 1528 1149 1582 Hypatae
1175 1535 1323 1582 pacata
1343 1526 1515 1567 consilia

158 1604 250 1629 esse
287 1596 327 1629 et
356 1589 619 1642 Naupactum
656 1589 913 1630 concurrisse
945 1590 1140 1638 Aetolos,
1178 1598 1223 1629 ut
1252 1589 1347 1629 inde
1385 1597 1516 1629 totum

157 1649 343 1704 inpetum
370 1650 465 1690 belli
492 1650 756 1699 sustinerent,
784 1651 953 1700 audivit,
980 1651 1210 1705 praemisso
1234 1651 1320 1704 Ap.
1337 1649 1513 1691 Claudio

158 1727 252 1752 eum
288 1720 480 1765 quattuor
517 1712 684 1753 milibus
716 1712 892 1752 militum
925 1713 977 1753 ad
1009 1712 1250 1767 occupanda
1280 1712 1397 1764 iuga,
1435 1726 1516 1764 qua

159 1774 348 1814 difficiles
381 1774 577 1814 transitus
610 1775 811 1815 montium
845 1783 980 1823 erant,
1018 1774 1107 1829 ipse
1140 1773 1292 1815 Oetam
1331 1773 1516 1814 escendit

158 1836 414 1889 Herculique
435 1836 682 1877 sacrificium
702 1837 799 1877 fecit
822 1836 863 1876 in
883 1852 931 1877 co
951 1837 1055 1885 loco,
1078 1851 1199 1889 quem
1212 1836 1382 1889 Pyram,
1405 1835 1515 1888 quod
1541 1847 1559 1875 3

158 1897 215 1939 ibi
240 1898 412 1939 mortale
435 1912 584 1953 corpus
611 1899 699 1939 eius
722 1899 787 1939 dei
814 1899 865 1940 sit
891 1907 1130 1947 crematum,
1160 1898 1382 1953 adpellant.
1419 1897 1515 1938 inde

158 1967 243 2001 toto
264 1960 447 2000 exercitu
466 1961 677 2015 profectus
699 1961 904 2014 reliquum
923 1961 1000 2001 iter
1021 1961 1120 2001 satis
1142 1959 1335 2014 expedito
1351 1958 1515 2013 agmine

159 2023 269 2063 fecit.
330 2031 374 2063 ut
400 2024 451 2064 ad
479 2022 684 2065 Coracem
711 2031 774 2064 est
800 2031 1171 2064 ventum—mons
1199 2030 1261 2062 est
1287 2020 1512 2061 altissimus
1541 2032 1560 2060 4

159 2084 264 2125 inter
286 2084 509 2140 Callipolim
535 2092 575 2126 et
598 2087 862 2140 Naupactum
875 2109 943 2134 —,
958 2084 1015 2124 ibi
1042 2092 1082 2124 et
1105 2083 1288 2124 iumenta
1313 2082 1443 2122 multa
1463 2096 1515 2123 ex

160 2147 325 2200 agmine
357 2147 626 2201 praecipitata
652 2162 745 2187 cum
777 2147 878 2202 ipsis
905 2147 1099 2187 oneribus
1134 2152 1229 2186 sunt
1254 2152 1294 2186 et
1324 2144 1512 2185 homines

161 2208 310 2248 vexati.
372 2216 412 2249 et
443 2209 564 2249 facile
597 2209 823 2263 adparebat
854 2223 978 2261 quam
1010 2222 1104 2247 cum
1140 2206 1261 2247 inerti
1297 2206 1417 2246 hoste
1447 2220 1514 2246 res
1541 2218 1559 2247 5

160 2279 284 2321 esset,
311 2271 380 2324 qui
406 2278 489 2311 tam
514 2272 743 2326 inpeditum
771 2272 920 2312 saltum
946 2271 1059 2311 nullo
1087 2269 1307 2325 praesidio,
1333 2277 1377 2309 ut
1403 2269 1516 2309 clau-

160 2334 275 2374 deret
300 2334 530 2383 transitum,
558 2335 792 2375 insedisset.
854 2342 941 2374 tum
968 2348 1131 2386 quoque
1157 2341 1306 2372 vexato
1332 2331 1514 2373 exercitu
1541 2342 1559 2372 6

160 2396 212 2436 ad
236 2396 499 2450 Naupactum
525 2396 736 2436 descendit
770 2404 810 2436 et
840 2411 922 2436 uno
949 2395 1119 2436 castello
1146 2395 1345 2435 adversus
1377 2407 1514 2434 arcem

160 2458 295 2512 posito
315 2466 473 2498 ceteras
499 2458 627 2512 partis
649 2457 760 2497 urbis
784 2457 926 2498 divisis
949 2456 1078 2511 copiis
1104 2470 1178 2510 pro
1199 2455 1280 2496 situ
1304 2454 1515 2496 moenium

160 2520 435 2560 circumsedit.
496 2535 572 2560 nec
598 2520 732 2560 minus
759 2520 895 2575 operis
921 2519 1158 2571 laborisque
1184 2533 1233 2559 ea
1258 2517 1513 2572 obpugnatio

161 2598 281 2636 quan)
309 2582 540 2624 Heracleae
567 2582 726 2624 habuit.

1539 797 1554 825 «Ι

1541 1660 1559 1688 [ὗ
