<?xml version="1.0" encoding="UTF-8"?>
<!DOCTYPE html PUBLIC "-//W3C//DTD XHTML 1.0 Transitional//EN"
    "http://www.w3.org/TR/xhtml1/DTD/xhtml1-transitional.dtd">
<html xmlns="http://www.w3.org/1999/xhtml" xml:lang="en" lang="en">
 <head>
  <title>
</title>
<meta http-equiv="Content-Type" content="text/html;charset=utf-8" />
  <meta name='ocr-system' content='tesseract 3.04.00' />
  <meta name='ocr-capabilities' content='ocr_page ocr_carea ocr_par ocr_line ocrx_word'/>
</head>
<body>
  <div class='ocr_page' id='page_1' title='image "./aburbeconditalib03livyuoft_0249.png"; bbox 0 0 1799 2900; ppageno 0'>
   <div class='ocr_carea' id='block_1_1' title="bbox 395 105 1504 164">
    <p class='ocr_par' dir='ltr' id='par_1_1' title="bbox 395 105 1504 164">
     <span class='ocr_line' id='line_1_1' title="bbox 395 105 1504 164; baseline -0.005 -12"><span class='ocrx_word' id='word_1_1' title='bbox 395 118 549 152; x_wconf 86' lang='lat' dir='ltr'>LIBER</span> <span class='ocrx_word' id='word_1_2' title='bbox 573 117 782 164; x_wconf 79' lang='lat' dir='ltr'>XXXIJII,</span> <span class='ocrx_word' id='word_1_3' title='bbox 807 118 862 152; x_wconf 83' lang='lat'>56.</span> <span class='ocrx_word' id='word_1_4' title='bbox 882 117 934 152; x_wconf 80' lang='lat'>57.</span> <span class='ocrx_word' id='word_1_5' title='bbox 963 119 1010 161; x_wconf 87' lang='lat' dir='ltr'>[a.</span> <span class='ocrx_word' id='word_1_6' title='bbox 1028 116 1066 151; x_wconf 87' lang='lat' dir='ltr'>C.</span> <span class='ocrx_word' id='word_1_7' title='bbox 1081 116 1156 151; x_wconf 76' lang='lat'>194.</span> <span class='ocrx_word' id='word_1_8' title='bbox 1173 116 1252 160; x_wconf 80' lang='lat'>193]</span> <span class='ocrx_word' id='word_1_9' title='bbox 1426 105 1504 147; x_wconf 73' lang='grc'>169</span> 
     </span>
    </p>
   </div>
   <div class='ocr_carea' id='block_1_2' title="bbox 155 219 1517 2636">
    <p class='ocr_par' dir='ltr' id='par_1_2' title="bbox 155 219 1515 1454">
     <span class='ocr_line' id='line_1_2' title="bbox 155 219 1506 275; baseline -0.004 -12"><span class='ocrx_word' id='word_1_10' title='bbox 155 223 325 271; x_wconf 89' lang='lat' dir='ltr'>toribus,</span> <span class='ocrx_word' id='word_1_11' title='bbox 351 229 396 262; x_wconf 84' lang='lat' dir='ltr'>ut</span> <span class='ocrx_word' id='word_1_12' title='bbox 420 228 580 262; x_wconf 74' lang='lat' dir='ltr'>veteres</span> <span class='ocrx_word' id='word_1_13' title='bbox 603 221 856 262; x_wconf 84' lang='lat' dir='ltr'>dimitterent</span> <span class='ocrx_word' id='word_1_14' title='bbox 879 221 1043 269; x_wconf 86' lang='lat' dir='ltr'>milites,</span> <span class='ocrx_word' id='word_1_15' title='bbox 1072 235 1165 260; x_wconf 87' lang='grc'>011111</span> <span class='ocrx_word' id='word_1_16' title='bbox 1184 220 1225 260; x_wconf 90' lang='grc'>111</span> <span class='ocrx_word' id='word_1_17' title='bbox 1250 219 1506 275; x_wconf 75' lang='lat' dir='ltr'>provinciam</span> 
     </span>
     <span class='ocr_line' id='line_1_3' title="bbox 155 282 1504 337; baseline -0.003 -12"><span class='ocrx_word' id='word_1_18' title='bbox 155 285 380 326; x_wconf 85' lang='lat' dir='ltr'>venissent.</span> <span class='ocrx_word' id='word_1_19' title='bbox 441 298 534 324; x_wconf 90' lang='lat' dir='ltr'>eum</span> <span class='ocrx_word' id='word_1_20' title='bbox 564 283 734 332; x_wconf 84' lang='lat' dir='ltr'>milites,</span> <span class='ocrx_word' id='word_1_21' title='bbox 763 283 831 336; x_wconf 88' lang='lat' dir='ltr'>qui</span> <span class='ocrx_word' id='word_1_22' title='bbox 856 283 898 323; x_wconf 89' lang='lat' dir='ltr'>in</span> <span class='ocrx_word' id='word_1_23' title='bbox 922 283 1156 337; x_wconf 74' lang='lat' dir='ltr'>legionibus</span> <span class='ocrx_word' id='word_1_24' title='bbox 1182 282 1350 322; x_wconf 87' lang='lat' dir='ltr'>urbanis</span> <span class='ocrx_word' id='word_1_25' title='bbox 1377 289 1504 330; x_wconf 87' lang='lat' dir='ltr'>erant,</span> 
     </span>
     <span class='ocr_line' id='line_1_4' title="bbox 156 345 1507 401; baseline -0.001 -14"><span class='ocrx_word' id='word_1_26' title='bbox 156 347 392 401; x_wconf 86' lang='lat' dir='ltr'>frequentes</span> <span class='ocrx_word' id='word_1_27' title='bbox 419 346 605 386; x_wconf 87' lang='lat' dir='ltr'>tribunos</span> <span class='ocrx_word' id='word_1_28' title='bbox 631 345 767 400; x_wconf 86' lang='lat' dir='ltr'>plebei</span> <span class='ocrx_word' id='word_1_29' title='bbox 794 346 996 394; x_wconf 84' lang='lat' dir='ltr'>adissent,</span> <span class='ocrx_word' id='word_1_30' title='bbox 1022 346 1081 385; x_wconf 89' lang='lat' dir='ltr'>uti</span> <span class='ocrx_word' id='word_1_31' title='bbox 1108 360 1254 385; x_wconf 86' lang='lat' dir='ltr'>causas</span> <span class='ocrx_word' id='word_1_32' title='bbox 1282 359 1507 399; x_wconf 78' lang='lat' dir='ltr'>cognosce-</span> 
     </span>
     <span class='ocr_line' id='line_1_5' title="bbox 155 407 1507 462; baseline -0.002 -13"><span class='ocrx_word' id='word_1_33' title='bbox 155 418 244 449; x_wconf 87' lang='lat' dir='ltr'>rent</span> <span class='ocrx_word' id='word_1_34' title='bbox 283 423 443 456; x_wconf 86' lang='lat' dir='ltr'>eorum,</span> <span class='ocrx_word' id='word_1_35' title='bbox 489 407 635 461; x_wconf 85' lang='lat' dir='ltr'>quibus</span> <span class='ocrx_word' id='word_1_36' title='bbox 675 416 743 447; x_wconf 88' lang='lat' dir='ltr'>aut</span> <span class='ocrx_word' id='word_1_37' title='bbox 781 408 949 447; x_wconf 85' lang='lat' dir='ltr'>emerita</span> <span class='ocrx_word' id='word_1_38' title='bbox 989 407 1194 462; x_wconf 85' lang='lat' dir='ltr'>stipendia</span> <span class='ocrx_word' id='word_1_39' title='bbox 1230 415 1297 447; x_wconf 89' lang='lat' dir='ltr'>aut</span> <span class='ocrx_word' id='word_1_40' title='bbox 1340 407 1507 447; x_wconf 88' lang='lat' dir='ltr'>morbus</span> 
     </span>
     <span class='ocr_line' id='line_1_6' title="bbox 157 468 1506 522; baseline -0.002 -11"><span class='ocrx_word' id='word_1_41' title='bbox 157 485 306 511; x_wconf 89' lang='lat' dir='ltr'>causae</span> <span class='ocrx_word' id='word_1_42' title='bbox 332 478 472 511; x_wconf 87' lang='lat' dir='ltr'>essent</span> <span class='ocrx_word' id='word_1_43' title='bbox 499 484 579 522; x_wconf 87' lang='lat' dir='ltr'>quo</span> <span class='ocrx_word' id='word_1_44' title='bbox 606 469 740 509; x_wconf 85' lang='lat' dir='ltr'>minus</span> <span class='ocrx_word' id='word_1_45' title='bbox 768 469 1001 517; x_wconf 72' lang='lat' dir='ltr'>militarent,</span> <span class='ocrx_word' id='word_1_46' title='bbox 1029 485 1119 510; x_wconf 85' lang='lat' dir='ltr'>eam</span> <span class='ocrx_word' id='word_1_47' title='bbox 1144 484 1230 510; x_wconf 88' lang='lat' dir='ltr'>rem</span> <span class='ocrx_word' id='word_1_48' title='bbox 1255 469 1415 509; x_wconf 79' lang='lat' dir='ltr'>litterae</span> <span class='ocrx_word' id='word_1_49' title='bbox 1441 468 1506 508; x_wconf 86' lang='lat' dir='ltr'>Ti.</span> 
     </span>
     <span class='ocr_line' id='line_1_7' title="bbox 159 531 1508 587; baseline -0.002 -14"><span class='ocrx_word' id='word_1_50' title='bbox 159 532 395 587; x_wconf 80' lang='lat' dir='ltr'>Sempronii</span> <span class='ocrx_word' id='word_1_51' title='bbox 427 532 729 581; x_wconf 70' lang='lat' dir='ltr'>discusserunt,</span> <span class='ocrx_word' id='word_1_52' title='bbox 768 532 808 571; x_wconf 86' lang='lat' dir='ltr'>in</span> <span class='ocrx_word' id='word_1_53' title='bbox 836 532 984 584; x_wconf 82' lang='lat' dir='ltr'>quibus</span> <span class='ocrx_word' id='word_1_54' title='bbox 1013 532 1211 586; x_wconf 87' lang='lat' dir='ltr'>scriptum</span> <span class='ocrx_word' id='word_1_55' title='bbox 1237 539 1341 580; x_wconf 88' lang='lat' dir='ltr'>erat,</span> <span class='ocrx_word' id='word_1_56' title='bbox 1374 531 1508 585; x_wconf 87' lang='lat' dir='ltr'>Ligu-</span> 
     </span>
     <span class='ocr_line' id='line_1_8' title="bbox 155 594 1508 648; baseline -0.002 -13"><span class='ocrx_word' id='word_1_57' title='bbox 155 610 248 635; x_wconf 85' lang='lat' dir='ltr'>rum</span> <span class='ocrx_word' id='word_1_58' title='bbox 274 595 417 635; x_wconf 88' lang='lat' dir='ltr'>decem</span> <span class='ocrx_word' id='word_1_59' title='bbox 448 594 560 634; x_wconf 88' lang='lat' dir='ltr'>milia</span> <span class='ocrx_word' id='word_1_60' title='bbox 591 594 633 634; x_wconf 89' lang='lat' dir='ltr'>in</span> <span class='ocrx_word' id='word_1_61' title='bbox 665 609 811 648; x_wconf 87' lang='lat' dir='ltr'>agrum</span> <span class='ocrx_word' id='word_1_62' title='bbox 835 594 1125 634; x_wconf 78' lang='lat' dir='ltr'>Placentinum</span> <span class='ocrx_word' id='word_1_63' title='bbox 1152 594 1317 634; x_wconf 66' lang='lat' dir='ltr'>venisse</span> <span class='ocrx_word' id='word_1_64' title='bbox 1344 602 1383 633; x_wconf 88' lang='lat' dir='ltr'>et</span> <span class='ocrx_word' id='word_1_65' title='bbox 1414 608 1508 633; x_wconf 88' lang='lat' dir='ltr'>eum</span> 
     </span>
     <span class='ocr_line' id='line_1_9' title="bbox 156 655 1509 711; baseline -0.002 -14"><span class='ocrx_word' id='word_1_66' title='bbox 156 671 288 710; x_wconf 83' lang='lat' dir='ltr'>usque</span> <span class='ocrx_word' id='word_1_67' title='bbox 314 657 366 696; x_wconf 90' lang='lat' dir='ltr'>ad</span> <span class='ocrx_word' id='word_1_68' title='bbox 396 657 488 711; x_wconf 83' lang='lat' dir='ltr'>ipsa.</span> <span class='ocrx_word' id='word_1_69' title='bbox 519 656 703 697; x_wconf 87' lang='lat' dir='ltr'>coloniae</span> <span class='ocrx_word' id='word_1_70' title='bbox 729 656 891 696; x_wconf 87' lang='lat' dir='ltr'>moenia</span> <span class='ocrx_word' id='word_1_71' title='bbox 917 664 957 696; x_wconf 87' lang='lat' dir='ltr'>et</span> <span class='ocrx_word' id='word_1_72' title='bbox 982 656 1087 696; x_wconf 84' lang='lat' dir='ltr'>Padi</span> <span class='ocrx_word' id='word_1_73' title='bbox 1118 655 1228 710; x_wconf 81' lang='lat' dir='ltr'>ripas</span> <span class='ocrx_word' id='word_1_74' title='bbox 1256 670 1347 695; x_wconf 89' lang='lat' dir='ltr'>cum</span> <span class='ocrx_word' id='word_1_75' title='bbox 1375 655 1509 695; x_wconf 89' lang='lat' dir='ltr'>caedi-</span> 
     </span>
     <span class='ocr_line' id='line_1_10' title="bbox 156 718 1510 773; baseline -0.002 -13"><span class='ocrx_word' id='word_1_76' title='bbox 156 720 233 760; x_wconf 85' lang='lat' dir='ltr'>bus</span> <span class='ocrx_word' id='word_1_77' title='bbox 261 728 300 760; x_wconf 91' lang='lat' dir='ltr'>et</span> <span class='ocrx_word' id='word_1_78' title='bbox 326 719 525 759; x_wconf 87' lang='lat' dir='ltr'>incendiis</span> <span class='ocrx_word' id='word_1_79' title='bbox 552 718 846 773; x_wconf 74' lang='lat' dir='ltr'>perpopulatos</span> <span class='ocrx_word' id='word_1_80' title='bbox 873 733 978 766; x_wconf 84' lang='lat' dir='ltr'>esse,</span> <span class='ocrx_word' id='word_1_81' title='bbox 1005 718 1202 759; x_wconf 86' lang='lat' dir='ltr'>Boiorum</span> <span class='ocrx_word' id='word_1_82' title='bbox 1225 732 1387 770; x_wconf 88' lang='lat' dir='ltr'>quoque</span> <span class='ocrx_word' id='word_1_83' title='bbox 1409 733 1510 772; x_wconf 88' lang='lat' dir='ltr'>gen·-</span> 
     </span>
     <span class='ocr_line' id='line_1_11' title="bbox 158 780 1508 834; baseline -0.002 -12"><span class='ocrx_word' id='word_1_84' title='bbox 158 788 241 822; x_wconf 85' lang='grc'>10111</span> <span class='ocrx_word' id='word_1_85' title='bbox 267 781 320 821; x_wconf 89' lang='lat' dir='ltr'>ad</span> <span class='ocrx_word' id='word_1_86' title='bbox 344 781 610 822; x_wconf 88' lang='lat' dir='ltr'>rebellionem</span> <span class='ocrx_word' id='word_1_87' title='bbox 644 788 842 834; x_wconf 81' lang='lat' dir='ltr'>spectare.</span> <span class='ocrx_word' id='word_1_88' title='bbox 903 781 955 820; x_wconf 92' lang='lat' dir='ltr'>ob</span> <span class='ocrx_word' id='word_1_89' title='bbox 982 795 1051 820; x_wconf 87' lang='lat' dir='ltr'>cas</span> <span class='ocrx_word' id='word_1_90' title='bbox 1076 796 1142 820; x_wconf 85' lang='lat' dir='ltr'>res</span> <span class='ocrx_word' id='word_1_91' title='bbox 1168 780 1389 820; x_wconf 87' lang='lat' dir='ltr'>tumultum</span> <span class='ocrx_word' id='word_1_92' title='bbox 1417 794 1508 820; x_wconf 81' lang='lat' dir='ltr'>esse</span> 
     </span>
     <span class='ocr_line' id='line_1_12' title="bbox 158 842 1511 896; baseline -0.002 -13"><span class='ocrx_word' id='word_1_93' title='bbox 158 843 338 884; x_wconf 69' lang='lat' dir='ltr'>decrevit</span> <span class='ocrx_word' id='word_1_94' title='bbox 365 851 551 883; x_wconf 86' lang='lat' dir='ltr'>senatus:</span> <span class='ocrx_word' id='word_1_95' title='bbox 580 842 765 883; x_wconf 89' lang='lat' dir='ltr'>tribunos</span> <span class='ocrx_word' id='word_1_96' title='bbox 792 842 901 896; x_wconf 86' lang='lat' dir='ltr'>plebi</span> <span class='ocrx_word' id='word_1_97' title='bbox 933 857 1015 881; x_wconf 91' lang='lat' dir='ltr'>non</span> <span class='ocrx_word' id='word_1_98' title='bbox 1041 842 1204 896; x_wconf 86' lang='lat' dir='ltr'>placere</span> <span class='ocrx_word' id='word_1_99' title='bbox 1231 856 1377 882; x_wconf 80' lang='lat' dir='ltr'>causas</span> <span class='ocrx_word' id='word_1_100' title='bbox 1405 842 1511 881; x_wconf 90' lang='lat' dir='ltr'>mili-</span> 
     </span>
     <span class='ocr_line' id='line_1_13' title="bbox 158 904 1509 960; baseline -0.001 -15"><span class='ocrx_word' id='word_1_101' title='bbox 158 906 256 946; x_wconf 87' lang='lat' dir='ltr'>taris</span> <span class='ocrx_word' id='word_1_102' title='bbox 295 920 565 960; x_wconf 76' lang='lat' dir='ltr'>cognoscere,</span> <span class='ocrx_word' id='word_1_103' title='bbox 610 919 691 957; x_wconf 91' lang='grc'>(1110</span> <span class='ocrx_word' id='word_1_104' title='bbox 727 904 862 944; x_wconf 86' lang='grc'>111111115</span> <span class='ocrx_word' id='word_1_105' title='bbox 903 904 956 943; x_wconf 85' lang='grc'>11(1</span> <span class='ocrx_word' id='word_1_106' title='bbox 993 904 1171 944; x_wconf 84' lang='lat' dir='ltr'>edictum</span> <span class='ocrx_word' id='word_1_107' title='bbox 1209 904 1509 944; x_wconf 73' lang='lat' dir='ltr'>conveniretur.</span> 
     </span>
     <span class='ocr_line' id='line_1_14' title="bbox 158 965 1510 1018; baseline -0.002 -10"><span class='ocrx_word' id='word_1_108' title='bbox 158 968 396 1008; x_wconf 82' lang='lat' dir='ltr'>adiecerunt</span> <span class='ocrx_word' id='word_1_109' title='bbox 423 967 558 1015; x_wconf 88' lang='lat' dir='ltr'>etiam,</span> <span class='ocrx_word' id='word_1_110' title='bbox 584 974 629 1006; x_wconf 93' lang='lat' dir='ltr'>ut</span> <span class='ocrx_word' id='word_1_111' title='bbox 655 966 755 1006; x_wconf 87' lang='lat' dir='ltr'>socii</span> <span class='ocrx_word' id='word_1_112' title='bbox 780 965 958 1006; x_wconf 88' lang='lat' dir='ltr'>nominis</span> <span class='ocrx_word' id='word_1_113' title='bbox 984 965 1138 1014; x_wconf 86' lang='lat' dir='ltr'>Latini,</span> <span class='ocrx_word' id='word_1_114' title='bbox 1167 966 1236 1018; x_wconf 92' lang='lat' dir='ltr'>qui</span> <span class='ocrx_word' id='word_1_115' title='bbox 1261 966 1301 1005; x_wconf 89' lang='grc'>111</span> <span class='ocrx_word' id='word_1_116' title='bbox 1328 965 1510 1006; x_wconf 82' lang='lat' dir='ltr'>exercitu</span> 
     </span>
     <span class='ocr_line' id='line_1_15' title="bbox 156 1027 1512 1082; baseline -0.003 -11"><span class='ocrx_word' id='word_1_117' title='bbox 156 1030 206 1071; x_wconf 89' lang='lat' dir='ltr'>P.</span> <span class='ocrx_word' id='word_1_118' title='bbox 235 1029 430 1077; x_wconf 88' lang='lat' dir='ltr'>Cornelii,</span> <span class='ocrx_word' id='word_1_119' title='bbox 458 1029 522 1069; x_wconf 87' lang='lat' dir='ltr'>Ti.</span> <span class='ocrx_word' id='word_1_120' title='bbox 546 1028 781 1082; x_wconf 84' lang='lat' dir='ltr'>Sempronii</span> <span class='ocrx_word' id='word_1_121' title='bbox 806 1027 982 1067; x_wconf 83' lang='lat' dir='ltr'>fuissent</span> <span class='ocrx_word' id='word_1_122' title='bbox 1009 1035 1049 1067; x_wconf 83' lang='lat' dir='ltr'>et</span> <span class='ocrx_word' id='word_1_123' title='bbox 1075 1027 1235 1067; x_wconf 85' lang='lat' dir='ltr'>dimissi</span> <span class='ocrx_word' id='word_1_124' title='bbox 1261 1029 1311 1068; x_wconf 91' lang='lat' dir='ltr'>ab</span> <span class='ocrx_word' id='word_1_125' title='bbox 1338 1027 1387 1068; x_wconf 90' lang='lat' dir='ltr'>iis</span> <span class='ocrx_word' id='word_1_126' title='bbox 1415 1042 1512 1067; x_wconf 91' lang='lat' dir='ltr'>con-</span> 
     </span>
     <span class='ocr_line' id='line_1_16' title="bbox 158 1088 1511 1142; baseline -0.004 -9"><span class='ocrx_word' id='word_1_127' title='bbox 158 1093 316 1132; x_wconf 83' lang='lat' dir='ltr'>sulibus</span> <span class='ocrx_word' id='word_1_128' title='bbox 355 1098 514 1140; x_wconf 87' lang='lat' dir='ltr'>essent,</span> <span class='ocrx_word' id='word_1_129' title='bbox 552 1098 594 1130; x_wconf 87' lang='lat' dir='ltr'>ut</span> <span class='ocrx_word' id='word_1_130' title='bbox 633 1091 685 1130; x_wconf 87' lang='lat' dir='ltr'>ad</span> <span class='ocrx_word' id='word_1_131' title='bbox 722 1104 847 1142; x_wconf 89' lang='lat' dir='ltr'>quam</span> <span class='ocrx_word' id='word_1_132' title='bbox 885 1089 993 1129; x_wconf 88' lang='lat' dir='ltr'>diem</span> <span class='ocrx_word' id='word_1_133' title='bbox 1024 1089 1077 1129; x_wconf 92' lang='lat' dir='ltr'>L.</span> <span class='ocrx_word' id='word_1_134' title='bbox 1107 1088 1327 1129; x_wconf 86' lang='lat' dir='ltr'>Cornelius</span> <span class='ocrx_word' id='word_1_135' title='bbox 1366 1089 1511 1129; x_wconf 87' lang='lat' dir='ltr'>consul</span> 
     </span>
     <span class='ocr_line' id='line_1_17' title="bbox 158 1150 1512 1204; baseline -0.004 -9"><span class='ocrx_word' id='word_1_136' title='bbox 158 1154 357 1195; x_wconf 72' lang='lat' dir='ltr'>edixisset</span> <span class='ocrx_word' id='word_1_137' title='bbox 393 1160 431 1193; x_wconf 89' lang='lat' dir='ltr'>et</span> <span class='ocrx_word' id='word_1_138' title='bbox 468 1153 508 1192; x_wconf 89' lang='lat' dir='ltr'>in</span> <span class='ocrx_word' id='word_1_139' title='bbox 546 1167 668 1204; x_wconf 91' lang='lat' dir='ltr'>quem</span> <span class='ocrx_word' id='word_1_140' title='bbox 699 1151 835 1192; x_wconf 89' lang='grc'>10011111</span> <span class='ocrx_word' id='word_1_141' title='bbox 867 1151 1066 1191; x_wconf 79' lang='lat' dir='ltr'>edixisset</span> <span class='ocrx_word' id='word_1_142' title='bbox 1090 1150 1284 1191; x_wconf 88' lang='lat' dir='ltr'>Etruriae</span> <span class='ocrx_word' id='word_1_143' title='bbox 1317 1151 1512 1191; x_wconf 73' lang='lat' dir='ltr'>conveni—</span> 
     </span>
     <span class='ocr_line' id='line_1_18' title="bbox 156 1212 1511 1267; baseline -0.003 -11"><span class='ocrx_word' id='word_1_144' title='bbox 156 1223 259 1264; x_wconf 86' lang='lat' dir='ltr'>rent,</span> <span class='ocrx_word' id='word_1_145' title='bbox 287 1222 327 1255; x_wconf 85' lang='lat' dir='ltr'>et</span> <span class='ocrx_word' id='word_1_146' title='bbox 351 1215 409 1254; x_wconf 88' lang='lat' dir='ltr'>uti</span> <span class='ocrx_word' id='word_1_147' title='bbox 424 1215 477 1254; x_wconf 91' lang='lat' dir='ltr'>L.</span> <span class='ocrx_word' id='word_1_148' title='bbox 495 1213 714 1254; x_wconf 86' lang='lat' dir='ltr'>Cornelius</span> <span class='ocrx_word' id='word_1_149' title='bbox 738 1213 881 1254; x_wconf 90' lang='lat' dir='ltr'>consul</span> <span class='ocrx_word' id='word_1_150' title='bbox 902 1213 941 1252; x_wconf 90' lang='lat' dir='ltr'>in</span> <span class='ocrx_word' id='word_1_151' title='bbox 963 1212 1219 1267; x_wconf 80' lang='lat' dir='ltr'>provinciam</span> <span class='ocrx_word' id='word_1_152' title='bbox 1244 1213 1511 1267; x_wconf 87' lang='lat' dir='ltr'>proficiscens</span> 
     </span>
     <span class='ocr_line' id='line_1_19' title="bbox 155 1275 1515 1332; baseline -0.001 -15"><span class='ocrx_word' id='word_1_153' title='bbox 155 1277 197 1317; x_wconf 92' lang='lat' dir='ltr'>in</span> <span class='ocrx_word' id='word_1_154' title='bbox 223 1277 385 1332; x_wconf 85' lang='lat' dir='ltr'>oppidis</span> <span class='ocrx_word' id='word_1_155' title='bbox 413 1276 619 1330; x_wconf 88' lang='lat' dir='ltr'>agrisque,</span> <span class='ocrx_word' id='word_1_156' title='bbox 647 1291 727 1329; x_wconf 87' lang='lat' dir='ltr'>qua</span> <span class='ocrx_word' id='word_1_157' title='bbox 752 1277 882 1316; x_wconf 87' lang='lat' dir='ltr'>iturus</span> <span class='ocrx_word' id='word_1_158' title='bbox 910 1282 1034 1324; x_wconf 83' lang='lat' dir='ltr'>esset,</span> <span class='ocrx_word' id='word_1_159' title='bbox 1061 1275 1095 1315; x_wconf 87' lang='lat' dir='ltr'>si</span> <span class='ocrx_word' id='word_1_160' title='bbox 1117 1289 1219 1328; x_wconf 88' lang='lat' dir='ltr'>quos</span> <span class='ocrx_word' id='word_1_161' title='bbox 1244 1275 1279 1315; x_wconf 89' lang='lat' dir='ltr'>ei</span> <span class='ocrx_word' id='word_1_162' title='bbox 1306 1275 1515 1315; x_wconf 72' lang='lat' dir='ltr'>videretur</span> 
     </span>
     <span class='ocr_line' id='line_1_20' title="bbox 155 1337 1514 1391; baseline -0.001 -12"><span class='ocrx_word' id='word_1_163' title='bbox 155 1339 306 1380; x_wconf 87' lang='lat' dir='ltr'>milites</span> <span class='ocrx_word' id='word_1_164' title='bbox 340 1338 536 1380; x_wconf 86' lang='lat' dir='ltr'>scriberet</span> <span class='ocrx_word' id='word_1_165' title='bbox 568 1348 826 1391; x_wconf 77' lang='lat' dir='ltr'>armaretque</span> <span class='ocrx_word' id='word_1_166' title='bbox 853 1346 892 1378; x_wconf 86' lang='lat' dir='ltr'>et</span> <span class='ocrx_word' id='word_1_167' title='bbox 923 1338 1091 1378; x_wconf 90' lang='lat' dir='ltr'>duceret</span> <span class='ocrx_word' id='word_1_168' title='bbox 1118 1352 1278 1385; x_wconf 89' lang='grc'>50011111,</span> <span class='ocrx_word' id='word_1_169' title='bbox 1306 1337 1514 1377; x_wconf 87' lang='lat' dir='ltr'>dimitten-</span> 
     </span>
     <span class='ocr_line' id='line_1_21' title="bbox 158 1399 1303 1454; baseline -0.002 -13"><span class='ocrx_word' id='word_1_170' title='bbox 158 1401 279 1454; x_wconf 89' lang='lat' dir='ltr'>dique</span> <span class='ocrx_word' id='word_1_171' title='bbox 305 1401 341 1441; x_wconf 90' lang='lat' dir='ltr'>ei</span> <span class='ocrx_word' id='word_1_172' title='bbox 367 1416 468 1454; x_wconf 87' lang='lat' dir='ltr'>quos</span> <span class='ocrx_word' id='word_1_173' title='bbox 496 1415 637 1441; x_wconf 89' lang='lat' dir='ltr'>eorum</span> <span class='ocrx_word' id='word_1_174' title='bbox 664 1401 912 1454; x_wconf 85' lang='lat' dir='ltr'>quandoque</span> <span class='ocrx_word' id='word_1_175' title='bbox 938 1399 1062 1440; x_wconf 68' lang='lat' dir='ltr'>vellet</span> <span class='ocrx_word' id='word_1_176' title='bbox 1088 1400 1151 1440; x_wconf 89' lang='lat' dir='ltr'>ius</span> <span class='ocrx_word' id='word_1_177' title='bbox 1179 1407 1303 1440; x_wconf 87' lang='lat' dir='ltr'>esset.</span> 
     </span>
    </p>

    <p class='ocr_par' dir='ltr' id='par_1_3' title="bbox 157 1460 1516 2014">
     <span class='ocr_line' id='line_1_22' title="bbox 241 1460 1514 1516; baseline -0.002 -14"><span class='ocrx_word' id='word_1_178' title='bbox 241 1463 385 1505; x_wconf 73' lang='lat' dir='ltr'>LVII.</span> <span class='ocrx_word' id='word_1_179' title='bbox 434 1463 665 1515; x_wconf 85' lang='lat' dir='ltr'>Postquam</span> <span class='ocrx_word' id='word_1_180' title='bbox 696 1463 887 1503; x_wconf 90' lang='lat' dir='ltr'>consules</span> <span class='ocrx_word' id='word_1_181' title='bbox 921 1462 1072 1502; x_wconf 87' lang='lat' dir='ltr'>dilectu</span> <span class='ocrx_word' id='word_1_182' title='bbox 1099 1461 1239 1502; x_wconf 88' lang='lat' dir='ltr'>habito</span> <span class='ocrx_word' id='word_1_183' title='bbox 1272 1461 1448 1516; x_wconf 85' lang='lat' dir='ltr'>profecti</span> <span class='ocrx_word' id='word_1_184' title='bbox 1472 1460 1514 1500; x_wconf 89' lang='lat' dir='ltr'>in</span> 
     </span>
     <span class='ocr_line' id='line_1_23' title="bbox 157 1522 1513 1580; baseline -0.002 -15"><span class='ocrx_word' id='word_1_185' title='bbox 157 1525 391 1580; x_wconf 72' lang='lat' dir='ltr'>provincias</span> <span class='ocrx_word' id='word_1_186' title='bbox 425 1532 537 1573; x_wconf 88' lang='lat' dir='ltr'>sunt,</span> <span class='ocrx_word' id='word_1_187' title='bbox 569 1532 656 1564; x_wconf 89' lang='lat' dir='ltr'>tum</span> <span class='ocrx_word' id='word_1_188' title='bbox 683 1525 733 1565; x_wconf 90' lang='lat' dir='ltr'>T.</span> <span class='ocrx_word' id='word_1_189' title='bbox 761 1524 982 1576; x_wconf 83' lang='lat' dir='ltr'>Quinctius</span> <span class='ocrx_word' id='word_1_190' title='bbox 1014 1523 1259 1578; x_wconf 66' lang='lat' dir='ltr'>postulavit,</span> <span class='ocrx_word' id='word_1_191' title='bbox 1297 1531 1342 1563; x_wconf 89' lang='lat' dir='ltr'>ut</span> <span class='ocrx_word' id='word_1_192' title='bbox 1368 1523 1417 1563; x_wconf 89' lang='lat' dir='ltr'>de</span> <span class='ocrx_word' id='word_1_193' title='bbox 1450 1522 1513 1569; x_wconf 90' lang='lat' dir='ltr'>iis,</span> 
     </span>
     <span class='ocr_line' id='line_1_24' title="bbox 160 1584 1511 1641; baseline -0.002 -14"><span class='ocrx_word' id='word_1_194' title='bbox 160 1602 263 1640; x_wconf 88' lang='lat' dir='ltr'>quae</span> <span class='ocrx_word' id='word_1_195' title='bbox 291 1601 384 1627; x_wconf 87' lang='grc'>011111</span> <span class='ocrx_word' id='word_1_196' title='bbox 410 1587 552 1627; x_wconf 86' lang='grc'>(1000111</span> <span class='ocrx_word' id='word_1_197' title='bbox 584 1587 731 1641; x_wconf 87' lang='lat' dir='ltr'>legatis</span> <span class='ocrx_word' id='word_1_198' title='bbox 763 1588 853 1641; x_wconf 86' lang='lat' dir='ltr'>ipse</span> <span class='ocrx_word' id='word_1_199' title='bbox 880 1586 1111 1633; x_wconf 83' lang='lat' dir='ltr'>statuisset,</span> <span class='ocrx_word' id='word_1_200' title='bbox 1152 1594 1319 1626; x_wconf 87' lang='lat' dir='ltr'>senatus</span> <span class='ocrx_word' id='word_1_201' title='bbox 1352 1584 1511 1625; x_wconf 83' lang='lat' dir='ltr'>audiret</span> 
     </span>
     <span class='ocr_line' id='line_1_25' title="bbox 160 1647 1511 1702; baseline -0.004 -12"><span class='ocrx_word' id='word_1_202' title='bbox 160 1663 308 1702; x_wconf 86' lang='lat' dir='ltr'>caque,</span> <span class='ocrx_word' id='word_1_203' title='bbox 349 1649 380 1689; x_wconf 80' lang='lat' dir='ltr'>si</span> <span class='ocrx_word' id='word_1_204' title='bbox 415 1649 641 1697; x_wconf 79' lang='lat' dir='ltr'>videretur,</span> <span class='ocrx_word' id='word_1_205' title='bbox 680 1648 923 1689; x_wconf 87' lang='lat' dir='ltr'>auctoritate</span> <span class='ocrx_word' id='word_1_206' title='bbox 957 1663 1030 1687; x_wconf 88' lang='lat' dir='ltr'>sua</span> <span class='ocrx_word' id='word_1_207' title='bbox 1056 1647 1336 1687; x_wconf 82' lang='lat' dir='ltr'>confirmaret:</span> <span class='ocrx_word' id='word_1_208' title='bbox 1374 1647 1415 1685; x_wconf 90' lang='lat' dir='ltr'>id</span> <span class='ocrx_word' id='word_1_209' title='bbox 1441 1661 1511 1686; x_wconf 90' lang='grc'>005</span> 
     </span>
     <span class='ocr_line' id='line_1_26' title="bbox 159 1708 1516 1764; baseline -0.003 -13"><span class='ocrx_word' id='word_1_210' title='bbox 159 1711 320 1752; x_wconf 81' lang='lat' dir='ltr'>facilius</span> <span class='ocrx_word' id='word_1_211' title='bbox 358 1710 561 1759; x_wconf 83' lang='lat' dir='ltr'>facturos,</span> <span class='ocrx_word' id='word_1_212' title='bbox 601 1710 634 1751; x_wconf 90' lang='lat' dir='ltr'>si</span> <span class='ocrx_word' id='word_1_213' title='bbox 672 1710 902 1764; x_wconf 87' lang='lat' dir='ltr'>legatorum</span> <span class='ocrx_word' id='word_1_214' title='bbox 940 1710 1088 1757; x_wconf 48' lang='lat' dir='ltr'>verba„</span> <span class='ocrx_word' id='word_1_215' title='bbox 1127 1709 1196 1761; x_wconf 91' lang='lat' dir='ltr'>qui</span> <span class='ocrx_word' id='word_1_216' title='bbox 1233 1723 1284 1748; x_wconf 80' lang='lat' dir='ltr'>ex</span> <span class='ocrx_word' id='word_1_217' title='bbox 1320 1708 1516 1747; x_wconf 72' lang='lat' dir='ltr'>universa</span> 
     </span>
     <span class='ocr_line' id='line_1_27' title="bbox 161 1769 1515 1826; baseline -0.004 -13"><span class='ocrx_word' id='word_1_218' title='bbox 161 1772 339 1814; x_wconf 82' lang='lat' dir='ltr'>Graecia</span> <span class='ocrx_word' id='word_1_219' title='bbox 365 1780 405 1813; x_wconf 90' lang='lat' dir='ltr'>et</span> <span class='ocrx_word' id='word_1_220' title='bbox 433 1787 587 1826; x_wconf 86' lang='lat' dir='ltr'>magna</span> <span class='ocrx_word' id='word_1_221' title='bbox 618 1780 734 1826; x_wconf 87' lang='lat' dir='ltr'>parte</span> <span class='ocrx_word' id='word_1_222' title='bbox 760 1771 890 1811; x_wconf 78' lang='lat' dir='ltr'>Asiae</span> <span class='ocrx_word' id='word_1_223' title='bbox 919 1770 1068 1824; x_wconf 86' lang='lat' dir='ltr'>quique</span> <span class='ocrx_word' id='word_1_224' title='bbox 1095 1770 1146 1810; x_wconf 90' lang='lat' dir='ltr'>ab</span> <span class='ocrx_word' id='word_1_225' title='bbox 1176 1769 1345 1824; x_wconf 82' lang='lat' dir='ltr'>regibus</span> <span class='ocrx_word' id='word_1_226' title='bbox 1379 1769 1515 1810; x_wconf 78' lang='lat' dir='ltr'>venis-</span> 
     </span>
     <span class='ocr_line' id='line_1_28' title="bbox 161 1831 1513 1887; baseline -0.004 -11"><span class='ocrx_word' id='word_1_227' title='bbox 161 1842 269 1884; x_wconf 86' lang='lat' dir='ltr'>sent,</span> <span class='ocrx_word' id='word_1_228' title='bbox 304 1835 529 1875; x_wconf 85' lang='lat' dir='ltr'>audissent.</span> <span class='ocrx_word' id='word_1_229' title='bbox 591 1849 662 1874; x_wconf 91' lang='lat' dir='ltr'>eae</span> <span class='ocrx_word' id='word_1_230' title='bbox 689 1834 918 1887; x_wconf 70' lang='lat' dir='ltr'>legationes</span> <span class='ocrx_word' id='word_1_231' title='bbox 947 1849 970 1873; x_wconf 85' lang='lat' dir='ltr'>a</span> <span class='ocrx_word' id='word_1_232' title='bbox 997 1832 1046 1873; x_wconf 88' lang='lat' dir='ltr'>C.</span> <span class='ocrx_word' id='word_1_233' title='bbox 1076 1831 1294 1872; x_wconf 80' lang='lat' dir='ltr'>Scribonio</span> <span class='ocrx_word' id='word_1_234' title='bbox 1324 1838 1513 1886; x_wconf 86' lang='lat' dir='ltr'>praetore</span> 
     </span>
     <span class='ocr_line' id='line_1_29' title="bbox 159 1893 1514 1949; baseline -0.004 -12"><span class='ocrx_word' id='word_1_235' title='bbox 159 1897 317 1937; x_wconf 86' lang='lat' dir='ltr'>urbano</span> <span class='ocrx_word' id='word_1_236' title='bbox 336 1897 379 1936; x_wconf 88' lang='lat' dir='ltr'>in</span> <span class='ocrx_word' id='word_1_237' title='bbox 405 1904 595 1937; x_wconf 85' lang='lat' dir='ltr'>senatum</span> <span class='ocrx_word' id='word_1_238' title='bbox 620 1896 877 1937; x_wconf 86' lang='lat' dir='ltr'>introductae</span> <span class='ocrx_word' id='word_1_239' title='bbox 905 1902 1013 1944; x_wconf 88' lang='lat' dir='ltr'>sunt,</span> <span class='ocrx_word' id='word_1_240' title='bbox 1042 1894 1301 1949; x_wconf 75' lang='lat' dir='ltr'>benigneque</span> <span class='ocrx_word' id='word_1_241' title='bbox 1323 1893 1514 1934; x_wconf 87' lang='lat' dir='ltr'>omnibus</span> 
     </span>
     <span class='ocr_line' id='line_1_30' title="bbox 160 1975 419 2014; baseline -0.004 -14"><span class='ocrx_word' id='word_1_242' title='bbox 160 1975 419 2014; x_wconf 86' lang='lat' dir='ltr'>responsum.</span> 
     </span>
    </p>

    <p class='ocr_par' dir='ltr' id='par_1_4' title="bbox 159 2018 1517 2636">
     <span class='ocr_line' id='line_1_31' title="bbox 246 2018 1514 2075; baseline -0.003 -13"><span class='ocrx_word' id='word_1_243' title='bbox 246 2021 356 2063; x_wconf 89' lang='lat' dir='ltr'>Cum</span> <span class='ocrx_word' id='word_1_244' title='bbox 386 2021 596 2063; x_wconf 85' lang='lat' dir='ltr'>Antiocho</span> <span class='ocrx_word' id='word_1_245' title='bbox 629 2021 724 2074; x_wconf 89' lang='lat' dir='ltr'>quia</span> <span class='ocrx_word' id='word_1_246' title='bbox 755 2020 917 2075; x_wconf 85' lang='lat' dir='ltr'>longior</span> <span class='ocrx_word' id='word_1_247' title='bbox 952 2019 1196 2074; x_wconf 85' lang='lat' dir='ltr'>disceptatio</span> <span class='ocrx_word' id='word_1_248' title='bbox 1229 2027 1333 2067; x_wconf 89' lang='lat' dir='ltr'>erat,</span> <span class='ocrx_word' id='word_1_249' title='bbox 1373 2018 1514 2059; x_wconf 90' lang='lat' dir='ltr'>decem</span> 
     </span>
     <span class='ocr_line' id='line_1_32' title="bbox 160 2082 1515 2139; baseline -0.002 -14"><span class='ocrx_word' id='word_1_250' title='bbox 160 2085 327 2139; x_wconf 86' lang='lat' dir='ltr'>legatis,</span> <span class='ocrx_word' id='word_1_251' title='bbox 361 2099 533 2137; x_wconf 84' lang='lat' dir='ltr'>quorum</span> <span class='ocrx_word' id='word_1_252' title='bbox 559 2101 655 2139; x_wconf 86' lang='lat' dir='ltr'>pars</span> <span class='ocrx_word' id='word_1_253' title='bbox 688 2092 758 2125; x_wconf 82' lang='lat' dir='ltr'>aut</span> <span class='ocrx_word' id='word_1_254' title='bbox 782 2084 825 2124; x_wconf 88' lang='grc'>111</span> <span class='ocrx_word' id='word_1_255' title='bbox 849 2084 955 2124; x_wconf 78' lang='lat' dir='ltr'>Asia</span> <span class='ocrx_word' id='word_1_256' title='bbox 982 2092 1051 2123; x_wconf 87' lang='lat' dir='ltr'>aut</span> <span class='ocrx_word' id='word_1_257' title='bbox 1076 2082 1371 2136; x_wconf 69' lang='lat' dir='ltr'>Lysimachiae</span> <span class='ocrx_word' id='word_1_258' title='bbox 1405 2082 1515 2136; x_wconf 88' lang='lat' dir='ltr'>apud</span> 
     </span>
     <span class='ocr_line' id='line_1_33' title="bbox 159 2145 1511 2201; baseline -0.003 -14"><span class='ocrx_word' id='word_1_259' title='bbox 159 2162 302 2199; x_wconf 86' lang='lat' dir='ltr'>regem</span> <span class='ocrx_word' id='word_1_260' title='bbox 327 2147 503 2195; x_wconf 86' lang='lat' dir='ltr'>fuerant,</span> <span class='ocrx_word' id='word_1_261' title='bbox 531 2147 723 2201; x_wconf 82' lang='lat' dir='ltr'>delegata.</span> <span class='ocrx_word' id='word_1_262' title='bbox 749 2154 823 2187; x_wconf 88' lang='lat' dir='ltr'>est.</span> <span class='ocrx_word' id='word_1_263' title='bbox 885 2146 936 2186; x_wconf 88' lang='lat' dir='ltr'>T.</span> <span class='ocrx_word' id='word_1_264' title='bbox 965 2145 1161 2197; x_wconf 79' lang='lat' dir='ltr'>Quinctio</span> <span class='ocrx_word' id='word_1_265' title='bbox 1187 2145 1440 2193; x_wconf 87' lang='lat' dir='ltr'>mandatum,</span> <span class='ocrx_word' id='word_1_266' title='bbox 1468 2151 1511 2184; x_wconf 91' lang='lat' dir='ltr'>ut</span> 
     </span>
     <span class='ocr_line' id='line_1_34' title="bbox 162 2207 1516 2263; baseline -0.001 -15"><span class='ocrx_word' id='word_1_267' title='bbox 162 2209 356 2249; x_wconf 88' lang='lat' dir='ltr'>adhibitis</span> <span class='ocrx_word' id='word_1_268' title='bbox 388 2209 437 2249; x_wconf 91' lang='lat' dir='ltr'>iis</span> <span class='ocrx_word' id='word_1_269' title='bbox 468 2209 700 2263; x_wconf 87' lang='lat' dir='ltr'>legatorum</span> <span class='ocrx_word' id='word_1_270' title='bbox 730 2209 841 2263; x_wconf 87' lang='lat' dir='ltr'>regis</span> <span class='ocrx_word' id='word_1_271' title='bbox 875 2209 1002 2248; x_wconf 74' lang='lat' dir='ltr'>verba</span> <span class='ocrx_word' id='word_1_272' title='bbox 1036 2208 1195 2248; x_wconf 78' lang='lat' dir='ltr'>audiret</span> <span class='ocrx_word' id='word_1_273' title='bbox 1224 2207 1516 2261; x_wconf 86' lang='lat' dir='ltr'>responderet-</span> 
     </span>
     <span class='ocr_line' id='line_1_35' title="bbox 162 2267 1517 2325; baseline -0.002 -15"><span class='ocrx_word' id='word_1_274' title='bbox 162 2285 240 2324; x_wconf 88' lang='lat' dir='ltr'>que</span> <span class='ocrx_word' id='word_1_275' title='bbox 266 2270 335 2318; x_wconf 90' lang='lat' dir='ltr'>iis,</span> <span class='ocrx_word' id='word_1_276' title='bbox 368 2285 473 2323; x_wconf 90' lang='lat' dir='ltr'>quae</span> <span class='ocrx_word' id='word_1_277' title='bbox 505 2286 556 2310; x_wconf 81' lang='lat' dir='ltr'>ex</span> <span class='ocrx_word' id='word_1_278' title='bbox 582 2271 783 2325; x_wconf 78' lang='lat' dir='ltr'>dignitate</span> <span class='ocrx_word' id='word_1_279' title='bbox 816 2278 937 2323; x_wconf 88' lang='lat' dir='ltr'>atque</span> <span class='ocrx_word' id='word_1_280' title='bbox 964 2270 1138 2310; x_wconf 87' lang='lat' dir='ltr'>utilitate</span> <span class='ocrx_word' id='word_1_281' title='bbox 1171 2269 1313 2323; x_wconf 87' lang='lat' dir='ltr'>populi</span> <span class='ocrx_word' id='word_1_282' title='bbox 1338 2267 1517 2309; x_wconf 86' lang='lat' dir='ltr'>Romani</span> 
     </span>
     <span class='ocr_line' id='line_1_36' title="bbox 160 2331 1514 2386; baseline -0.001 -14"><span class='ocrx_word' id='word_1_283' title='bbox 160 2332 403 2386; x_wconf 88' lang='lat' dir='ltr'>responderi</span> <span class='ocrx_word' id='word_1_284' title='bbox 434 2340 617 2386; x_wconf 87' lang='lat' dir='ltr'>possent.</span> <span class='ocrx_word' id='word_1_285' title='bbox 677 2332 905 2386; x_wconf 57' lang='lat' dir='ltr'>Elenippus</span> <span class='ocrx_word' id='word_1_286' title='bbox 939 2339 978 2372; x_wconf 87' lang='grc'>01</span> <span class='ocrx_word' id='word_1_287' title='bbox 1002 2331 1277 2386; x_wconf 78' lang='lat' dir='ltr'>Hegesianax</span> <span class='ocrx_word' id='word_1_288' title='bbox 1306 2331 1514 2386; x_wconf 85' lang='lat' dir='ltr'>principes</span> 
     </span>
     <span class='ocr_line' id='line_1_37' title="bbox 160 2394 1515 2449; baseline -0.002 -13"><span class='ocrx_word' id='word_1_289' title='bbox 160 2396 300 2449; x_wconf 82' lang='lat' dir='ltr'>regiae</span> <span class='ocrx_word' id='word_1_290' title='bbox 337 2394 556 2448; x_wconf 83' lang='lat' dir='ltr'>legationis</span> <span class='ocrx_word' id='word_1_291' title='bbox 595 2402 723 2435; x_wconf 86' lang='lat' dir='ltr'>erant.</span> <span class='ocrx_word' id='word_1_292' title='bbox 797 2409 847 2434; x_wconf 80' lang='lat' dir='ltr'>ex</span> <span class='ocrx_word' id='word_1_293' title='bbox 884 2394 933 2434; x_wconf 88' lang='lat' dir='ltr'>iis</span> <span class='ocrx_word' id='word_1_294' title='bbox 970 2394 1198 2448; x_wconf 60' lang='lat' dir='ltr'>Blenippus</span> <span class='ocrx_word' id='word_1_295' title='bbox 1242 2394 1433 2448; x_wconf 85' lang='lat' dir='ltr'>ignorare</span> <span class='ocrx_word' id='word_1_296' title='bbox 1471 2407 1515 2433; x_wconf 89' lang='grc'>50</span> 
     </span>
     <span class='ocr_line' id='line_1_38' title="bbox 163 2454 1516 2511; baseline -0.001 -15"><span class='ocrx_word' id='word_1_297' title='bbox 163 2456 276 2504; x_wconf 78' lang='lat' dir='ltr'>dixit,</span> <span class='ocrx_word' id='word_1_298' title='bbox 304 2456 499 2508; x_wconf 89' lang='lat' dir='ltr'>quidnam</span> <span class='ocrx_word' id='word_1_299' title='bbox 531 2456 717 2511; x_wconf 80' lang='lat' dir='ltr'>perplexi</span> <span class='ocrx_word' id='word_1_300' title='bbox 744 2471 818 2496; x_wconf 85' lang='lat' dir='ltr'>sua</span> <span class='ocrx_word' id='word_1_301' title='bbox 842 2455 996 2509; x_wconf 87' lang='lat' dir='ltr'>legatio</span> <span class='ocrx_word' id='word_1_302' title='bbox 1022 2455 1213 2504; x_wconf 80' lang='lat' dir='ltr'>haberet,</span> <span class='ocrx_word' id='word_1_303' title='bbox 1241 2470 1333 2496; x_wconf 89' lang='lat' dir='ltr'>cum</span> <span class='ocrx_word' id='word_1_304' title='bbox 1360 2454 1516 2509; x_wconf 88' lang='lat' dir='ltr'>simpli-</span> 
     </span>
     <span class='ocr_line' id='line_1_39' title="bbox 163 2517 1515 2572; baseline -0.001 -14"><span class='ocrx_word' id='word_1_305' title='bbox 163 2517 263 2558; x_wconf 87' lang='lat' dir='ltr'>citer</span> <span class='ocrx_word' id='word_1_306' title='bbox 294 2518 347 2558; x_wconf 84' lang='lat' dir='ltr'>ad</span> <span class='ocrx_word' id='word_1_307' title='bbox 385 2517 606 2558; x_wconf 87' lang='lat' dir='ltr'>amicitiam</span> <span class='ocrx_word' id='word_1_308' title='bbox 643 2518 867 2572; x_wconf 87' lang='lat' dir='ltr'>petendam</span> <span class='ocrx_word' id='word_1_309' title='bbox 902 2517 1238 2572; x_wconf 85' lang='lat' dir='ltr'>iungendamque</span> <span class='ocrx_word' id='word_1_310' title='bbox 1276 2517 1515 2558; x_wconf 87' lang='lat' dir='ltr'>societatem</span> 
     </span>
     <span class='ocr_line' id='line_1_40' title="bbox 163 2579 1516 2636; baseline -0.001 -15"><span class='ocrx_word' id='word_1_311' title='bbox 163 2579 365 2621; x_wconf 79' lang='lat' dir='ltr'>venisset:</span> <span class='ocrx_word' id='word_1_312' title='bbox 403 2595 495 2621; x_wconf 86' lang='lat' dir='ltr'>esse</span> <span class='ocrx_word' id='word_1_313' title='bbox 527 2588 664 2621; x_wconf 77' lang='lat' dir='ltr'>autem</span> <span class='ocrx_word' id='word_1_314' title='bbox 690 2580 767 2621; x_wconf 83' lang='lat' dir='ltr'>tria</span> <span class='ocrx_word' id='word_1_315' title='bbox 792 2595 946 2636; x_wconf 86' lang='lat' dir='ltr'>genera</span> <span class='ocrx_word' id='word_1_316' title='bbox 970 2580 1183 2621; x_wconf 80' lang='lat' dir='ltr'>foederum</span> <span class='ocrx_word' id='word_1_317' title='bbox 1192 2612 1202 2630; x_wconf 80' lang='lat'>,</span> <span class='ocrx_word' id='word_1_318' title='bbox 1236 2580 1384 2634; x_wconf 89' lang='lat' dir='ltr'>quibus</span> <span class='ocrx_word' id='word_1_319' title='bbox 1410 2579 1516 2619; x_wconf 87' lang='lat' dir='ltr'>inter</span> 
     </span>
    </p>
   </div>
   <div class='ocr_carea' id='block_1_3' title="bbox 1537 543 1575 573">
    <p class='ocr_par' dir='ltr' id='par_1_5' title="bbox 1537 543 1575 573">
     <span class='ocr_line' id='line_1_41' title="bbox 1537 543 1575 573; baseline -0.026 0"><span class='ocrx_word' id='word_1_320' title='bbox 1537 543 1575 573; x_wconf 89' lang='grc'>10</span> 
     </span>
    </p>
   </div>
   <div class='ocr_carea' id='block_1_4' title="bbox 1537 792 1574 820">
    <p class='ocr_par' dir='ltr' id='par_1_6' title="bbox 1537 792 1574 820">
     <span class='ocr_line' id='line_1_42' title="bbox 1537 792 1574 820; baseline 0.027 -1"><span class='ocrx_word' id='word_1_321' title='bbox 1537 792 1574 820; x_wconf 92' lang='grc'>11</span> 
     </span>
    </p>
   </div>
   <div class='ocr_carea' id='block_1_5' title="bbox 1541 1224 1579 1253">
    <p class='ocr_par' dir='ltr' id='par_1_7' title="bbox 1541 1224 1579 1253">
     <span class='ocr_line' id='line_1_43' title="bbox 1541 1224 1579 1253; baseline 0 0"><span class='ocrx_word' id='word_1_322' title='bbox 1541 1224 1579 1253; x_wconf 79' lang='grc'>13</span> 
     </span>
    </p>
   </div>
   <div class='ocr_carea' id='block_1_6' title="bbox 1541 1659 1558 1687">
    <p class='ocr_par' dir='ltr' id='par_1_8' title="bbox 1541 1659 1558 1687">
     <span class='ocr_line' id='line_1_44' title="bbox 1541 1659 1558 1687; baseline 0 0"><span class='ocrx_word' id='word_1_323' title='bbox 1541 1659 1558 1687; x_wconf 80' lang='lat'>2</span> 
     </span>
    </p>
   </div>
   <div class='ocr_carea' id='block_1_7' title="bbox 1543 2592 1557 2621">
    <p class='ocr_par' dir='ltr' id='par_1_9' title="bbox 1543 2592 1557 2621">
     <span class='ocr_line' id='line_1_45' title="bbox 1543 2592 1557 2621; baseline 0 0"><span class='ocrx_word' id='word_1_324' title='bbox 1543 2592 1557 2621; x_wconf 79' lang='grc'>7</span> 
     </span>
    </p>
   </div>
  </div>
 </body>
</html>
