1799 2900
258 147 335 186 132
537 153 687 187 LIBER
715 153 919 195 XXXIIH,
949 152 1058 186 7-9.
1088 155 1136 196 [a.
1151 165 1183 186 u.
1201 165 1228 187 e.
1243 153 1324 196 559]

253 258 435 311 gaudent
462 268 499 295 et
526 255 766 309 gloriantur,
794 255 903 295 hunc
928 256 1126 296 mundum
1151 256 1395 297 muliebrem
1422 257 1603 311 adpella-

191 334 228 361 11)
254 328 347 358 runt
372 317 548 357 maiores
576 317 714 357 vestri.
766 317 865 370 quid
890 317 1000 357 aliud
1026 318 1067 357 111
1091 318 1203 357 1116111
1230 333 1353 371 (11111111
1380 334 1604 373 purpuram

190 519 220 546 11

188 826 223 855 13

189 1011 225 1039 14

189 1258 224 1287 15

206 1566 224 1594 Ν.)

206 1752 223 1779 3

204 1875 222 1902 4

210 2430 225 2437 u·-

213 2441 220 2456 l

209 2614 219 2641 l

253 386 373 431 atque
405 393 550 418 aurum
581 379 818 433 deponunt?
855 379 971 431 quid,
1012 392 1105 419 cum
1142 380 1376 428 eluxerunt,
1415 382 1606 420 sumunt?

252 441 349 492 quid
374 440 416 479 111
441 439 787 493 gratulationibus
816 440 1269 494 supplicationibusque
1295 441 1374 481 nisi
1401 442 1606 482 excellen-

253 502 397 542 tiorem
422 510 612 541 ornatum
639 501 845 541 adiciunt?
877 501 1033 542 scilicet
1059 503 1094 542 si
1118 502 1254 556 legem
1276 502 1461 557 Oppiam
1487 505 1606 544 abro-

252 563 408 617 garitis,
435 578 518 603 non
544 563 672 603 vestri
697 563 853 603 arbitrii
879 564 972 611 erit,
1001 563 1035 604 si
1061 564 1160 616 quid
1185 564 1272 604 eius
1300 574 1438 605 vetare
1467 566 1606 606 volue—

251 625 359 673 ritis,
393 625 503 677 quod
534 639 643 664 nunc
673 625 741 664 lex
768 632 898 673 vetatg
931 625 1065 665 111111115
1091 625 1218 673 filiae,
1246 640 1415 674 uxores,
1443 641 1605 667 sorores

251 686 375 726 etiam
401 686 650 738 quibusdam
676 686 717 725 111
743 701 867 726 111111111
895 694 1031 733 61·11111;
1048 711 1099 715 -
1116 701 1341 738 numquam
1369 688 1494 728 salvis
1521 687 1605 728 suis

251 748 413 788 exuitur
452 748 629 788 servitus
668 748 900 796 muliebris,
950 755 988 788 et
1026 748 1141 802 ipsae
1184 748 1435 797 libertatem,
1484 763 1607 802 quam

252 809 428 850 viduitas
461 817 500 850 et
526 810 680 851 orbitas
713 810 830 858 facit,
864 810 1135 850 detestantur.
1196 810 1238 849 in
1270 818 1407 850 vestro
1440 810 1607 850 arbitrio

251 887 372 911 suum
409 880 599 912 ornatum
636 886 760 924 quam
796 871 837 911 in
874 871 978 925 legis
1016 872 1175 911 malunt
1212 886 1317 912 esse.
1379 878 1419 912 et
1454 887 1528 912 vos
1565 872 1608 912 in

251 949 375 973 manu
413 941 453 974 et
489 934 634 982 tutela,
675 949 757 974 non
794 933 835 973 111
873 933 1040 974 servitio
1078 933 1237 973 debetis
1275 933 1427 974 habere
1465 948 1535 974 cas
1568 941 1609 974 et

252 996 372 1035 malle
398 1003 537 1050 patres
564 1011 639 1036 vos
667 1004 737 1036 aut
762 996 873 1036 viros
900 1010 1024 1048 quam
1051 995 1240 1036 dominos
1267 995 1360 1035 dici.
1392 995 1607 1037 invidiosis

251 1057 486 1097 nominibus
519 1058 713 1098 utebatur
742 1058 866 1098 modo
899 1057 1043 1098 60115111
1081 1057 1327 1097 seditionem
1363 1057 1608 1098 muliebrem

251 1126 291 1158 et
317 1118 597 1159 secessionem
627 1119 889 1173 adpellando.
950 1119 992 1158 id
1024 1119 1134 1159 enim
1170 1118 1400 1173 perieulum
1437 1126 1518 1168 est,
1555 1134 1607 1159 ne

253 1179 428 1220 Sacrum
453 1188 656 1229 montem,
684 1181 788 1220 sicut
815 1181 1025 1233 quondam
1049 1181 1153 1220 irata
1178 1181 1309 1234 plebs,
1337 1188 1406 1221 aut
1429 1181 1606 1221 Aventi-

251 1257 350 1281 num
376 1242 558 1296 capiant,
580 1242 895 1296 —patiendum
920 1242 1015 1282 111110
1040 1242 1266 1282 111111·111111111
1292 1251 1353 1282 est
1380 1243 1607 1295 quodcum-

251 1316 330 1355 que
362 1318 435 1344 vos
468 1304 723 1344 censueritis.
786 1318 866 1356 (1110
903 1304 996 1358 plus
1034 1303 1228 1357 potestis,
1268 1318 1316 1344 eo
1352 1304 1605 1345 moderatius
1654 1308 1659 1312 ”

250 1365 422 1419 imperio
448 1365 507 1405 uti
532 1365 717 1405 debetis.'

334 1428 458 1468 VIII.
508 1428 628 1468 Haec
664 1441 758 1467 cum
801 1434 943 1468 contra
986 1427 1122 1481 legem
1166 1442 1322 1482 proque
1364 1428 1456 1482 lege
1500 1428 1609 1468 dicta

251 1496 408 1537 essent,
441 1489 649 1541 aliquanto
676 1489 804 1530 maior
836 1489 1068 1542 frequentia
1094 1490 1312 1529 mulierum
1343 1497 1510 1544 postero
1542 1491 1608 1530 die

251 1564 342 1590 sese
362 1551 404 1590 in
428 1550 641 1605 publicum
662 1551 821 1599 effudit,
848 1564 1013 1603 unoque
1041 1551 1206 1605 agmine
1227 1566 1369 1592 omnes
1383 1551 1608 1592 Brutorum

250 1613 393 1653 ianuas
414 1613 678 1662 obsederunt,
701 1613 769 1666 qui
790 1613 1043 1667 collegarum
1061 1613 1265 1667 rogationi
1285 1613 1608 1662 intercedebant,

249 1690 326 1715 nec
353 1683 446 1715 ante
468 1675 726 1724 abstiterunt,
754 1690 877 1728 quam
902 1676 1078 1717 remissa
1101 1676 1343 1716 intercessio
1363 1677 1414 1716 ab
1434 1676 1609 1716 tribunis

250 1744 325 1777 est.
375 1737 489 1777 nulla
510 1737 659 1778 deinde
680 1738 881 1778 dubitatio
902 1738 998 1787 fuit,
1026 1738 1125 1791 quin
1148 1752 1291 1778 omnes
1319 1738 1449 1778 tribus
1473 1737 1610 1792 legem

252 1799 513 1852 abrogarent.
563 1799 709 1853 viginti
736 1799 854 1840 annis
880 1808 976 1854 post
1001 1801 1207 1853 abrogata
1232 1806 1295 1840 est
1320 1814 1443 1852 quam
1468 1799 1564 1840 lata.

333 1860 395 1901 M.
415 1861 591 1901 Porcius
618 1861 776 1910 consul,
802 1870 1028 1915 postquam
1054 1861 1255 1915 abrogata
1278 1861 1346 1901 lex
1367 1861 1510 1916 Oppia
1533 1870 1608 1910 est,

250 1922 457 1977 extemplo
479 1923 625 1977 viginti
650 1924 830 1976 quinque
850 1923 1032 1963 navibus
1058 1922 1208 1976 longis,
1235 1936 1408 1975 quarum
1429 1922 1609 1975 quinque

251 1984 456 2025 sociorum
487 1993 621 2034 erant,
660 1985 712 2025 ad
738 1985 887 2025 Lunae
919 1992 1083 2039 portum
1122 1984 1334 2038 profectus
1367 1991 1430 2024 est
1462 1984 1608 2024 eodem

204 2062 218 2087 .-
250 2046 433 2086 exereitu
464 2047 684 2088 convenire
715 2047 847 2096 iusso,
888 2054 929 2087 et
954 2047 1091 2087 edicto
1122 2061 1196 2100 per
1222 2061 1336 2086 oram
1361 2046 1608 2086 maritimam

250 2108 377 2149 misso
414 2110 591 2150 navibus
631 2109 764 2150 omnis
802 2109 967 2163 generis
1010 2108 1231 2150 contractis
1271 2109 1322 2148 ab
1353 2108 1479 2148 Luna.
1514 2123 1609 2163 pro-

250 2170 438 2211 ficiscens
466 2171 605 2220 edixit,
632 2179 676 2212 ut
707 2171 760 2211 ad
784 2178 948 2226 portum
962 2171 1172 2224 Pyrenaei
1199 2178 1487 2223 sequerentur:
1513 2170 1608 2211 inde

251 2247 294 2272 se
321 2233 527 2286 frequenti
552 2234 686 2274 classe
712 2233 765 2273 ad
790 2233 921 2273 hostis
947 2233 1118 2273 iturum.
1178 2232 1452 2287 praetervecti
1477 2232 1609 2287 Ligu-

251 2294 379 2335 stinos
401 2302 562 2336 montes
584 2295 801 2348 sinumque
820 2294 1029 2336 Gallicum
1053 2295 1105 2335 ad
1121 2294 1243 2343 diem,
1267 2308 1390 2347 quam
1411 2294 1608 2343 edixerat,

251 2365 545 2398 convenerunt.
594 2357 689 2398 inde
703 2357 897 2398 Rhodam
923 2364 1095 2397 ventum
1122 2364 1160 2397 et
1186 2356 1439 2411 praesidium
1452 2355 1609 2410 Hispa-

254 2432 398 2457 norum
425 2419 535 2470 quod
559 2420 601 2458 in
628 2419 798 2459 castello
825 2426 925 2467 erat,
959 2418 997 2459 vi
1024 2419 1241 2459 deiectum.
1292 2419 1343 2459 ab
1367 2418 1519 2459 Rhoda
1545 2431 1608 2457 se-

252 2478 386 2517 cundo
432 2488 555 2520 vento
594 2480 817 2535 Emporias
861 2488 1119 2535 perventum.
1191 2480 1247 2520 ibi
1284 2480 1427 2535 copiae
1464 2493 1605 2519 omnes

250 2547 412 2592 praeter
439 2541 573 2581 socios
600 2542 769 2582 navales
796 2542 838 2582 in
864 2551 1016 2582 terram
1041 2542 1267 2596 expositae.

336 2601 483 2641 Vim.
536 2603 620 2642 Iam
655 2611 750 2643 111116
782 2603 1006 2657 Emporiae
1041 2604 1121 2643 duo
1154 2603 1306 2657 oppida
1342 2610 1456 2643 erant
1487 2615 1605 2640 muro
