<?xml version="1.0" encoding="UTF-8"?>
<!DOCTYPE html PUBLIC "-//W3C//DTD XHTML 1.0 Transitional//EN"
    "http://www.w3.org/TR/xhtml1/DTD/xhtml1-transitional.dtd">
<html xmlns="http://www.w3.org/1999/xhtml" xml:lang="en" lang="en">
 <head>
  <title>
</title>
<meta http-equiv="Content-Type" content="text/html;charset=utf-8" />
  <meta name='ocr-system' content='tesseract 3.04.00' />
  <meta name='ocr-capabilities' content='ocr_page ocr_carea ocr_par ocr_line ocrx_word'/>
</head>
<body>
  <div class='ocr_page' id='page_1' title='image "./aburbeconditalib03livyuoft_0403.png"; bbox 0 0 1799 2900; ppageno 0'>
   <div class='ocr_carea' id='block_1_1' title="bbox 482 129 1546 186">
    <p class='ocr_par' dir='ltr' id='par_1_1' title="bbox 482 129 1546 186">
     <span class='ocr_line' id='line_1_1' title="bbox 482 129 1546 186; baseline -0.008 -8"><span class='ocrx_word' id='word_1_1' title='bbox 482 144 636 178; x_wconf 77' lang='lat' dir='ltr'>LIBER</span> <span class='ocrx_word' id='word_1_2' title='bbox 662 143 888 186; x_wconf 77' lang='lat' dir='ltr'>XXXVIII,</span> <span class='ocrx_word' id='word_1_3' title='bbox 914 144 946 177; x_wconf 80' lang='grc'>9.</span> <span class='ocrx_word' id='word_1_4' title='bbox 969 143 1022 177; x_wconf 90' lang='lat'>10.</span> <span class='ocrx_word' id='word_1_5' title='bbox 1050 145 1099 186; x_wconf 79' lang='lat' dir='ltr'>[a.</span> <span class='ocrx_word' id='word_1_6' title='bbox 1115 141 1154 176; x_wconf 85' lang='lat' dir='ltr'>c.</span> <span class='ocrx_word' id='word_1_7' title='bbox 1170 142 1250 184; x_wconf 79' lang='lat'>189]</span> <span class='ocrx_word' id='word_1_8' title='bbox 1462 129 1546 171; x_wconf 81' lang='lat'>323</span> 
     </span>
    </p>
   </div>
   <div class='ocr_carea' id='block_1_2' title="bbox 187 243 1566 2699">
    <p class='ocr_par' dir='ltr' id='par_1_2' title="bbox 187 243 1561 1543">
     <span class='ocr_line' id='line_1_2' title="bbox 188 243 1548 302; baseline -0.009 -9"><span class='ocrx_word' id='word_1_9' title='bbox 188 252 314 299; x_wconf 89' lang='lat' dir='ltr'>filius,</span> <span class='ocrx_word' id='word_1_10' title='bbox 341 249 411 302; x_wconf 89' lang='lat' dir='ltr'>qui</span> <span class='ocrx_word' id='word_1_11' title='bbox 431 263 525 288; x_wconf 92' lang='lat' dir='ltr'>cum</span> <span class='ocrx_word' id='word_1_12' title='bbox 545 262 594 288; x_wconf 88' lang='lat' dir='ltr'>ea</span> <span class='ocrx_word' id='word_1_13' title='bbox 612 256 736 301; x_wconf 87' lang='lat' dir='ltr'>gente</span> <span class='ocrx_word' id='word_1_14' title='bbox 756 247 933 301; x_wconf 88' lang='lat' dir='ltr'>primum</span> <span class='ocrx_word' id='word_1_15' title='bbox 954 246 1177 287; x_wconf 85' lang='lat' dir='ltr'>amicitiam</span> <span class='ocrx_word' id='word_1_16' title='bbox 1195 243 1424 299; x_wconf 81' lang='lat' dir='ltr'>pepigerat,</span> <span class='ocrx_word' id='word_1_17' title='bbox 1451 256 1548 283; x_wconf 84' lang='lat' dir='ltr'>eon-</span> 
     </span>
     <span class='ocr_line' id='line_1_3' title="bbox 190 305 1548 364; baseline -0.007 -11"><span class='ocrx_word' id='word_1_18' title='bbox 190 313 290 355; x_wconf 90' lang='lat' dir='ltr'>sulis</span> <span class='ocrx_word' id='word_1_19' title='bbox 317 312 444 352; x_wconf 87' lang='lat' dir='ltr'>frater</span> <span class='ocrx_word' id='word_1_20' title='bbox 468 317 599 350; x_wconf 89' lang='lat' dir='ltr'>matre</span> <span class='ocrx_word' id='word_1_21' title='bbox 626 310 771 350; x_wconf 88' lang='lat' dir='ltr'>eadem</span> <span class='ocrx_word' id='word_1_22' title='bbox 797 310 982 364; x_wconf 84' lang='lat' dir='ltr'>genitus,</span> <span class='ocrx_word' id='word_1_23' title='bbox 1020 307 1187 362; x_wconf 79' lang='lat' dir='ltr'>egregie</span> <span class='ocrx_word' id='word_1_24' title='bbox 1213 306 1382 347; x_wconf 79' lang='lat' dir='ltr'>adiuvit.</span> <span class='ocrx_word' id='word_1_25' title='bbox 1442 305 1548 345; x_wconf 90' lang='lat' dir='ltr'>Am-</span> 
     </span>
     <span class='ocr_line' id='line_1_4' title="bbox 187 366 1549 426; baseline -0.007 -11"><span class='ocrx_word' id='word_1_26' title='bbox 187 374 424 416; x_wconf 87' lang='lat' dir='ltr'>bracienses</span> <span class='ocrx_word' id='word_1_27' title='bbox 445 372 559 426; x_wconf 87' lang='lat' dir='ltr'>prius</span> <span class='ocrx_word' id='word_1_28' title='bbox 580 372 702 426; x_wconf 87' lang='lat' dir='ltr'>pacti,</span> <span class='ocrx_word' id='word_1_29' title='bbox 728 379 771 411; x_wconf 92' lang='lat' dir='ltr'>ut</span> <span class='ocrx_word' id='word_1_30' title='bbox 786 371 1034 412; x_wconf 78' lang='lat' dir='ltr'>Aetolorum</span> <span class='ocrx_word' id='word_1_31' title='bbox 1054 369 1274 410; x_wconf 81' lang='lat' dir='ltr'>auxiliares</span> <span class='ocrx_word' id='word_1_32' title='bbox 1296 368 1383 408; x_wconf 85' lang='lat' dir='ltr'>sine</span> <span class='ocrx_word' id='word_1_33' title='bbox 1404 366 1549 407; x_wconf 88' lang='lat' dir='ltr'>fraude</span> 
     </span>
     <span class='ocr_line' id='line_1_5' title="bbox 189 429 1552 488; baseline -0.007 -11"><span class='ocrx_word' id='word_1_34' title='bbox 189 436 441 483; x_wconf 78' lang='lat' dir='ltr'>emitterent,</span> <span class='ocrx_word' id='word_1_35' title='bbox 480 442 728 488; x_wconf 87' lang='lat' dir='ltr'>aperuerunt</span> <span class='ocrx_word' id='word_1_36' title='bbox 765 442 926 486; x_wconf 87' lang='lat' dir='ltr'>portas:</span> <span class='ocrx_word' id='word_1_37' title='bbox 971 432 1067 473; x_wconf 89' lang='lat' dir='ltr'>dein</span> <span class='ocrx_word' id='word_1_38' title='bbox 1099 429 1290 486; x_wconf 89' lang='lat' dir='ltr'>[Aetoli]</span> <span class='ocrx_word' id='word_1_39' title='bbox 1325 429 1552 483; x_wconf 87' lang='lat' dir='ltr'>quingenta</span> 
     </span>
     <span class='ocr_line' id='line_1_6' title="bbox 189 490 1550 547; baseline -0.006 -8"><span class='ocrx_word' id='word_1_40' title='bbox 189 498 377 540; x_wconf 84' lang='lat' dir='ltr'>Euboica</span> <span class='ocrx_word' id='word_1_41' title='bbox 402 504 447 537; x_wconf 88' lang='lat' dir='ltr'>ut</span> <span class='ocrx_word' id='word_1_42' title='bbox 471 496 617 536; x_wconf 88' lang='lat' dir='ltr'>darent</span> <span class='ocrx_word' id='word_1_43' title='bbox 643 495 817 544; x_wconf 85' lang='lat' dir='ltr'>talenta,</span> <span class='ocrx_word' id='word_1_44' title='bbox 851 510 902 535; x_wconf 85' lang='lat' dir='ltr'>ex</span> <span class='ocrx_word' id='word_1_45' title='bbox 927 495 1075 547; x_wconf 90' lang='lat' dir='ltr'>quibus</span> <span class='ocrx_word' id='word_1_46' title='bbox 1102 494 1280 534; x_wconf 78' lang='lat' dir='ltr'>ducenta</span> <span class='ocrx_word' id='word_1_47' title='bbox 1303 490 1550 547; x_wconf 86' lang='lat' dir='ltr'>praesentia,</span> 
     </span>
     <span class='ocr_line' id='line_1_7' title="bbox 191 554 1552 613; baseline -0.007 -12"><span class='ocrx_word' id='word_1_48' title='bbox 191 568 374 602; x_wconf 87' lang='lat' dir='ltr'>trecenta</span> <span class='ocrx_word' id='word_1_49' title='bbox 398 573 471 613; x_wconf 93' lang='lat' dir='ltr'>per</span> <span class='ocrx_word' id='word_1_50' title='bbox 498 572 628 598; x_wconf 90' lang='lat' dir='ltr'>annos</span> <span class='ocrx_word' id='word_1_51' title='bbox 657 572 730 597; x_wconf 83' lang='lat' dir='ltr'>sex</span> <span class='ocrx_word' id='word_1_52' title='bbox 755 557 1025 611; x_wconf 72' lang='lat' dir='ltr'>pensionibus</span> <span class='ocrx_word' id='word_1_53' title='bbox 1052 555 1214 608; x_wconf 86' lang='lat' dir='ltr'>aequis;</span> <span class='ocrx_word' id='word_1_54' title='bbox 1248 554 1433 609; x_wconf 81' lang='lat' dir='ltr'>captivos</span> <span class='ocrx_word' id='word_1_55' title='bbox 1459 567 1552 608; x_wconf 88' lang='lat' dir='ltr'>per-</span> 
     </span>
     <span class='ocr_line' id='line_1_8' title="bbox 190 615 1552 677; baseline -0.006 -14"><span class='ocrx_word' id='word_1_56' title='bbox 190 624 396 677; x_wconf 80' lang='lat' dir='ltr'>fugasque</span> <span class='ocrx_word' id='word_1_57' title='bbox 430 620 653 661; x_wconf 82' lang='lat' dir='ltr'>redderent</span> <span class='ocrx_word' id='word_1_58' title='bbox 676 619 877 660; x_wconf 83' lang='lat' dir='ltr'>Romanis</span> <span class='ocrx_word' id='word_1_59' title='bbox 888 636 897 668; x_wconf 89' lang='lat'>;</span> <span class='ocrx_word' id='word_1_60' title='bbox 934 620 1081 660; x_wconf 89' lang='lat' dir='ltr'>urbem</span> <span class='ocrx_word' id='word_1_61' title='bbox 1110 632 1162 659; x_wconf 91' lang='lat' dir='ltr'>ne</span> <span class='ocrx_word' id='word_1_62' title='bbox 1195 632 1319 671; x_wconf 90' lang='lat' dir='ltr'>quam</span> <span class='ocrx_word' id='word_1_63' title='bbox 1350 615 1552 656; x_wconf 87' lang='lat' dir='ltr'>formulae</span> 
     </span>
     <span class='ocr_line' id='line_1_9' title="bbox 192 677 1552 736; baseline -0.007 -11"><span class='ocrx_word' id='word_1_64' title='bbox 192 685 255 726; x_wconf 91' lang='lat' dir='ltr'>sui</span> <span class='ocrx_word' id='word_1_65' title='bbox 279 684 379 724; x_wconf 89' lang='lat' dir='ltr'>iuris</span> <span class='ocrx_word' id='word_1_66' title='bbox 405 683 608 730; x_wconf 82' lang='lat' dir='ltr'>facerent,</span> <span class='ocrx_word' id='word_1_67' title='bbox 636 696 740 735; x_wconf 87' lang='lat' dir='ltr'>quae</span> <span class='ocrx_word' id='word_1_68' title='bbox 765 692 860 736; x_wconf 87' lang='lat' dir='ltr'>post</span> <span class='ocrx_word' id='word_1_69' title='bbox 884 681 927 721; x_wconf 90' lang='lat' dir='ltr'>id</span> <span class='ocrx_word' id='word_1_70' title='bbox 952 688 1135 735; x_wconf 84' lang='lat' dir='ltr'>tempus,</span> <span class='ocrx_word' id='word_1_71' title='bbox 1162 694 1243 733; x_wconf 90' lang='lat' dir='ltr'>quo</span> <span class='ocrx_word' id='word_1_72' title='bbox 1264 679 1314 719; x_wconf 84' lang='lat' dir='ltr'>T.</span> <span class='ocrx_word' id='word_1_73' title='bbox 1331 677 1552 730; x_wconf 77' lang='lat' dir='ltr'>Quinctius</span> 
     </span>
     <span class='ocr_line' id='line_1_10' title="bbox 194 739 1555 797; baseline -0.007 -10"><span class='ocrx_word' id='word_1_74' title='bbox 194 745 424 787; x_wconf 84' lang='lat' dir='ltr'>traiecisset</span> <span class='ocrx_word' id='word_1_75' title='bbox 455 745 498 784; x_wconf 92' lang='lat' dir='ltr'>in</span> <span class='ocrx_word' id='word_1_76' title='bbox 532 743 770 791; x_wconf 79' lang='lat' dir='ltr'>Graeciam,</span> <span class='ocrx_word' id='word_1_77' title='bbox 810 751 880 783; x_wconf 88' lang='lat' dir='ltr'>aut</span> <span class='ocrx_word' id='word_1_78' title='bbox 910 743 951 784; x_wconf 81' lang='lat' dir='ltr'>vi</span> <span class='ocrx_word' id='word_1_79' title='bbox 982 750 1103 797; x_wconf 88' lang='lat' dir='ltr'>capta</span> <span class='ocrx_word' id='word_1_80' title='bbox 1134 742 1186 782; x_wconf 87' lang='lat' dir='ltr'>ab</span> <span class='ocrx_word' id='word_1_81' title='bbox 1210 739 1411 782; x_wconf 82' lang='lat' dir='ltr'>Romanis</span> <span class='ocrx_word' id='word_1_82' title='bbox 1443 748 1555 780; x_wconf 88' lang='lat' dir='ltr'>esset</span> 
     </span>
     <span class='ocr_line' id='line_1_11' title="bbox 193 801 1555 857; baseline -0.007 -8"><span class='ocrx_word' id='word_1_83' title='bbox 193 816 263 849; x_wconf 89' lang='lat' dir='ltr'>aut</span> <span class='ocrx_word' id='word_1_84' title='bbox 293 808 504 848; x_wconf 71' lang='lat' dir='ltr'>voluntate</span> <span class='ocrx_word' id='word_1_85' title='bbox 536 806 579 846; x_wconf 92' lang='lat' dir='ltr'>in</span> <span class='ocrx_word' id='word_1_86' title='bbox 610 805 833 846; x_wconf 77' lang='lat' dir='ltr'>amicitiam</span> <span class='ocrx_word' id='word_1_87' title='bbox 865 805 1066 853; x_wconf 82' lang='lat' dir='ltr'>venisset3</span> <span class='ocrx_word' id='word_1_88' title='bbox 1112 801 1384 857; x_wconf 83' lang='lat' dir='ltr'>Cephallenia</span> <span class='ocrx_word' id='word_1_89' title='bbox 1419 801 1555 840; x_wconf 89' lang='lat' dir='ltr'>insula</span> 
     </span>
     <span class='ocr_line' id='line_1_12' title="bbox 192 863 1554 919; baseline -0.007 -9"><span class='ocrx_word' id='word_1_90' title='bbox 192 879 237 911; x_wconf 87' lang='lat' dir='ltr'>ut</span> <span class='ocrx_word' id='word_1_91' title='bbox 263 877 380 910; x_wconf 83' lang='lat' dir='ltr'>extra</span> <span class='ocrx_word' id='word_1_92' title='bbox 403 869 467 909; x_wconf 87' lang='lat' dir='ltr'>ius</span> <span class='ocrx_word' id='word_1_93' title='bbox 493 867 672 909; x_wconf 83' lang='lat' dir='ltr'>foederis</span> <span class='ocrx_word' id='word_1_94' title='bbox 699 875 822 908; x_wconf 86' lang='lat' dir='ltr'>esset.</span> <span class='ocrx_word' id='word_1_95' title='bbox 872 867 975 906; x_wconf 89' lang='lat' dir='ltr'>haec</span> <span class='ocrx_word' id='word_1_96' title='bbox 1001 879 1250 919; x_wconf 87' lang='lat' dir='ltr'>quamquam</span> <span class='ocrx_word' id='word_1_97' title='bbox 1272 878 1346 918; x_wconf 86' lang='lat' dir='ltr'>spe</span> <span class='ocrx_word' id='word_1_98' title='bbox 1370 863 1554 917; x_wconf 90' lang='lat' dir='ltr'>ipsorum</span> 
     </span>
     <span class='ocr_line' id='line_1_13' title="bbox 194 924 1554 984; baseline -0.007 -12"><span class='ocrx_word' id='word_1_99' title='bbox 194 931 402 984; x_wconf 87' lang='lat' dir='ltr'>aliquanto</span> <span class='ocrx_word' id='word_1_100' title='bbox 428 929 584 970; x_wconf 81' lang='lat' dir='ltr'>leviora</span> <span class='ocrx_word' id='word_1_101' title='bbox 608 936 737 977; x_wconf 86' lang='lat' dir='ltr'>crant,</span> <span class='ocrx_word' id='word_1_102' title='bbox 764 928 1000 982; x_wconf 89' lang='lat' dir='ltr'>petentibus</span> <span class='ocrx_word' id='word_1_103' title='bbox 1016 927 1178 967; x_wconf 86' lang='lat' dir='ltr'>Aetolis</span> <span class='ocrx_word' id='word_1_104' title='bbox 1198 933 1242 965; x_wconf 91' lang='lat' dir='ltr'>ut</span> <span class='ocrx_word' id='word_1_105' title='bbox 1264 925 1317 965; x_wconf 90' lang='lat' dir='ltr'>ad</span> <span class='ocrx_word' id='word_1_106' title='bbox 1337 924 1554 965; x_wconf 87' lang='lat' dir='ltr'>concilium</span> 
     </span>
     <span class='ocr_line' id='line_1_14' title="bbox 193 985 1555 1046; baseline -0.007 -13"><span class='ocrx_word' id='word_1_107' title='bbox 193 993 395 1034; x_wconf 84' lang='lat' dir='ltr'>referrent</span> <span class='ocrx_word' id='word_1_108' title='bbox 430 991 680 1046; x_wconf 84' lang='lat' dir='ltr'>permissum</span> <span class='ocrx_word' id='word_1_109' title='bbox 717 1001 793 1031; x_wconf 87' lang='lat' dir='ltr'>est.</span> <span class='ocrx_word' id='word_1_110' title='bbox 853 1005 983 1044; x_wconf 86' lang='lat' dir='ltr'>parva</span> <span class='ocrx_word' id='word_1_111' title='bbox 1019 987 1264 1042; x_wconf 89' lang='lat' dir='ltr'>disceptatio</span> <span class='ocrx_word' id='word_1_112' title='bbox 1302 987 1352 1027; x_wconf 89' lang='lat' dir='ltr'>de</span> <span class='ocrx_word' id='word_1_113' title='bbox 1383 985 1555 1026; x_wconf 86' lang='lat' dir='ltr'>urbibus</span> 
     </span>
     <span class='ocr_line' id='line_1_15' title="bbox 194 1047 1557 1107; baseline -0.006 -12"><span class='ocrx_word' id='word_1_114' title='bbox 194 1055 344 1103; x_wconf 84' lang='lat' dir='ltr'>tenuit,</span> <span class='ocrx_word' id='word_1_115' title='bbox 372 1068 476 1107; x_wconf 89' lang='lat' dir='ltr'>quae</span> <span class='ocrx_word' id='word_1_116' title='bbox 503 1068 597 1093; x_wconf 90' lang='lat' dir='ltr'>cum</span> <span class='ocrx_word' id='word_1_117' title='bbox 623 1053 687 1093; x_wconf 91' lang='lat' dir='ltr'>sui</span> <span class='ocrx_word' id='word_1_118' title='bbox 711 1052 810 1092; x_wconf 87' lang='lat' dir='ltr'>iuris</span> <span class='ocrx_word' id='word_1_119' title='bbox 838 1051 1060 1104; x_wconf 90' lang='lat' dir='ltr'>aliquando</span> <span class='ocrx_word' id='word_1_120' title='bbox 1080 1051 1276 1098; x_wconf 87' lang='lat' dir='ltr'>fuissent,</span> <span class='ocrx_word' id='word_1_121' title='bbox 1303 1048 1425 1089; x_wconf 74' lang='lat' dir='ltr'>avelli</span> <span class='ocrx_word' id='word_1_122' title='bbox 1444 1047 1557 1087; x_wconf 71' lang='lat' dir='ltr'>velut</span> 
     </span>
     <span class='ocr_line' id='line_1_16' title="bbox 195 1112 1558 1170; baseline -0.007 -13"><span class='ocrx_word' id='word_1_123' title='bbox 195 1133 218 1158; x_wconf 88' lang='lat' dir='ltr'>a</span> <span class='ocrx_word' id='word_1_124' title='bbox 244 1130 414 1170; x_wconf 88' lang='lat' dir='ltr'>corpore</span> <span class='ocrx_word' id='word_1_125' title='bbox 441 1129 515 1155; x_wconf 88' lang='lat' dir='ltr'>suo</span> <span class='ocrx_word' id='word_1_126' title='bbox 542 1129 666 1169; x_wconf 85' lang='lat' dir='ltr'>aegre</span> <span class='ocrx_word' id='word_1_127' title='bbox 691 1113 974 1168; x_wconf 86' lang='lat' dir='ltr'>patiebantur3</span> <span class='ocrx_word' id='word_1_128' title='bbox 1012 1112 1065 1152; x_wconf 90' lang='lat' dir='ltr'>ad</span> <span class='ocrx_word' id='word_1_129' title='bbox 1089 1126 1216 1151; x_wconf 88' lang='lat' dir='ltr'>unum</span> <span class='ocrx_word' id='word_1_130' title='bbox 1243 1125 1386 1151; x_wconf 89' lang='lat' dir='ltr'>omnes</span> <span class='ocrx_word' id='word_1_131' title='bbox 1419 1118 1558 1150; x_wconf 87' lang='lat' dir='ltr'>tamen</span> 
     </span>
     <span class='ocr_line' id='line_1_17' title="bbox 195 1175 1557 1234; baseline -0.007 -15"><span class='ocrx_word' id='word_1_132' title='bbox 195 1180 326 1234; x_wconf 86' lang='lat' dir='ltr'>accipi</span> <span class='ocrx_word' id='word_1_133' title='bbox 350 1193 495 1233; x_wconf 88' lang='lat' dir='ltr'>pacem</span> <span class='ocrx_word' id='word_1_134' title='bbox 520 1177 743 1218; x_wconf 86' lang='lat' dir='ltr'>iusserunt.</span> <span class='ocrx_word' id='word_1_135' title='bbox 803 1175 1130 1216; x_wconf 82' lang='lat' dir='ltr'>Ambracienses</span> <span class='ocrx_word' id='word_1_136' title='bbox 1163 1188 1358 1214; x_wconf 88' lang='lat' dir='ltr'>coronam</span> <span class='ocrx_word' id='word_1_137' title='bbox 1390 1186 1557 1212; x_wconf 87' lang='lat' dir='ltr'>auream</span> 
     </span>
     <span class='ocr_line' id='line_1_18' title="bbox 196 1233 1560 1293; baseline -0.007 -12"><span class='ocrx_word' id='word_1_138' title='bbox 196 1241 354 1282; x_wconf 88' lang='lat' dir='ltr'>consuli</span> <span class='ocrx_word' id='word_1_139' title='bbox 385 1249 550 1280; x_wconf 86' lang='lat' dir='ltr'>centum</span> <span class='ocrx_word' id='word_1_140' title='bbox 581 1247 621 1280; x_wconf 87' lang='lat' dir='ltr'>et</span> <span class='ocrx_word' id='word_1_141' title='bbox 652 1238 953 1293; x_wconf 85' lang='lat' dir='ltr'>quinquaginta</span> <span class='ocrx_word' id='word_1_142' title='bbox 984 1237 1123 1293; x_wconf 89' lang='lat' dir='ltr'>pondo</span> <span class='ocrx_word' id='word_1_143' title='bbox 1162 1235 1377 1276; x_wconf 87' lang='lat' dir='ltr'>dederunt.</span> <span class='ocrx_word' id='word_1_144' title='bbox 1440 1233 1560 1287; x_wconf 83' lang='lat' dir='ltr'>signa</span> 
     </span>
     <span class='ocr_line' id='line_1_19' title="bbox 196 1296 1560 1354; baseline -0.006 -11"><span class='ocrx_word' id='word_1_145' title='bbox 196 1317 325 1344; x_wconf 86' lang='lat' dir='ltr'>aenea</span> <span class='ocrx_word' id='word_1_146' title='bbox 360 1315 673 1354; x_wconf 84' lang='lat' dir='ltr'>marmoreaque</span> <span class='ocrx_word' id='word_1_147' title='bbox 710 1309 751 1341; x_wconf 86' lang='lat' dir='ltr'>et</span> <span class='ocrx_word' id='word_1_148' title='bbox 787 1300 952 1341; x_wconf 89' lang='lat' dir='ltr'>tabulae</span> <span class='ocrx_word' id='word_1_149' title='bbox 988 1299 1143 1354; x_wconf 86' lang='lat' dir='ltr'>pictae,</span> <span class='ocrx_word' id='word_1_150' title='bbox 1192 1296 1341 1350; x_wconf 89' lang='lat' dir='ltr'>quibus</span> <span class='ocrx_word' id='word_1_151' title='bbox 1379 1296 1560 1337; x_wconf 87' lang='lat' dir='ltr'>ornatior</span> 
     </span>
     <span class='ocr_line' id='line_1_20' title="bbox 196 1362 1561 1417; baseline -0.006 -12"><span class='ocrx_word' id='word_1_152' title='bbox 196 1364 441 1413; x_wconf 86' lang='lat' dir='ltr'>Ambracia,</span> <span class='ocrx_word' id='word_1_153' title='bbox 468 1363 563 1417; x_wconf 87' lang='lat' dir='ltr'>quia</span> <span class='ocrx_word' id='word_1_154' title='bbox 587 1363 703 1417; x_wconf 87' lang='lat' dir='ltr'>regia</span> <span class='ocrx_word' id='word_1_155' title='bbox 727 1363 784 1403; x_wconf 90' lang='lat' dir='ltr'>ibi</span> <span class='ocrx_word' id='word_1_156' title='bbox 803 1362 954 1416; x_wconf 87' lang='lat' dir='ltr'>Pyrrhi</span> <span class='ocrx_word' id='word_1_157' title='bbox 980 1365 1133 1409; x_wconf 80' lang='lat' dir='ltr'>fuerat,</span> <span class='ocrx_word' id='word_1_158' title='bbox 1160 1374 1286 1413; x_wconf 88' lang='lat' dir='ltr'>quam</span> <span class='ocrx_word' id='word_1_159' title='bbox 1311 1366 1471 1399; x_wconf 88' lang='lat' dir='ltr'>ceterae</span> <span class='ocrx_word' id='word_1_160' title='bbox 1497 1372 1561 1397; x_wconf 86' lang='lat' dir='ltr'>re-</span> 
     </span>
     <span class='ocr_line' id='line_1_21' title="bbox 197 1419 1559 1482; baseline -0.006 -16"><span class='ocrx_word' id='word_1_161' title='bbox 197 1426 331 1482; x_wconf 85' lang='lat' dir='ltr'>gionis</span> <span class='ocrx_word' id='word_1_162' title='bbox 358 1426 447 1466; x_wconf 88' lang='lat' dir='ltr'>eius</span> <span class='ocrx_word' id='word_1_163' title='bbox 473 1426 597 1466; x_wconf 89' lang='lat' dir='ltr'>urbes</span> <span class='ocrx_word' id='word_1_164' title='bbox 624 1433 759 1474; x_wconf 87' lang='lat' dir='ltr'>erant,</span> <span class='ocrx_word' id='word_1_165' title='bbox 798 1424 962 1465; x_wconf 87' lang='lat' dir='ltr'>sublata</span> <span class='ocrx_word' id='word_1_166' title='bbox 992 1423 1130 1465; x_wconf 88' lang='lat' dir='ltr'>omnia</span> <span class='ocrx_word' id='word_1_167' title='bbox 1156 1430 1397 1474; x_wconf 81' lang='lat' dir='ltr'>avectaque.</span> <span class='ocrx_word' id='word_1_168' title='bbox 1458 1419 1559 1459; x_wconf 85' lang='lat' dir='ltr'>nihil</span> 
     </span>
     <span class='ocr_line' id='line_1_22' title="bbox 197 1487 882 1543; baseline -0.003 -14"><span class='ocrx_word' id='word_1_169' title='bbox 197 1496 411 1543; x_wconf 85' lang='lat' dir='ltr'>praeterea</span> <span class='ocrx_word' id='word_1_170' title='bbox 436 1494 593 1527; x_wconf 86' lang='lat' dir='ltr'>tactum</span> <span class='ocrx_word' id='word_1_171' title='bbox 618 1487 882 1527; x_wconf 86' lang='lat' dir='ltr'>violatumve.</span> 
     </span>
    </p>

    <p class='ocr_par' dir='ltr' id='par_1_3' title="bbox 199 1544 1566 2655">
     <span class='ocr_line' id='line_1_23' title="bbox 284 1544 1561 1589; baseline -0.005 0"><span class='ocrx_word' id='word_1_172' title='bbox 284 1549 344 1589; x_wconf 87' lang='lat' dir='ltr'>X.</span> <span class='ocrx_word' id='word_1_173' title='bbox 402 1550 624 1589; x_wconf 84' lang='lat' dir='ltr'>Profectus</span> <span class='ocrx_word' id='word_1_174' title='bbox 663 1549 715 1589; x_wconf 89' lang='lat' dir='ltr'>ab</span> <span class='ocrx_word' id='word_1_175' title='bbox 746 1547 976 1588; x_wconf 86' lang='lat' dir='ltr'>Ambracia</span> <span class='ocrx_word' id='word_1_176' title='bbox 1006 1546 1151 1588; x_wconf 87' lang='lat' dir='ltr'>consul</span> <span class='ocrx_word' id='word_1_177' title='bbox 1180 1545 1223 1586; x_wconf 90' lang='lat' dir='ltr'>in</span> <span class='ocrx_word' id='word_1_178' title='bbox 1259 1544 1561 1585; x_wconf 87' lang='lat' dir='ltr'>mediterranea</span> 
     </span>
     <span class='ocr_line' id='line_1_24' title="bbox 199 1605 1561 1665; baseline -0.006 -13"><span class='ocrx_word' id='word_1_179' title='bbox 199 1611 411 1659; x_wconf 83' lang='lat' dir='ltr'>Aetoliae,</span> <span class='ocrx_word' id='word_1_180' title='bbox 438 1611 491 1650; x_wconf 89' lang='lat' dir='ltr'>ad</span> <span class='ocrx_word' id='word_1_181' title='bbox 511 1612 651 1664; x_wconf 84' lang='lat' dir='ltr'>Argos</span> <span class='ocrx_word' id='word_1_182' title='bbox 667 1608 1239 1665; x_wconf 74' lang='lat' dir='ltr'>Amphilochium—viginti</span> <span class='ocrx_word' id='word_1_183' title='bbox 1265 1608 1346 1647; x_wconf 93' lang='lat' dir='ltr'>duo</span> <span class='ocrx_word' id='word_1_184' title='bbox 1371 1606 1484 1646; x_wconf 85' lang='lat' dir='ltr'>milia</span> <span class='ocrx_word' id='word_1_185' title='bbox 1510 1605 1561 1645; x_wconf 88' lang='lat' dir='ltr'>ab</span> 
     </span>
     <span class='ocr_line' id='line_1_25' title="bbox 199 1667 1560 1727; baseline -0.006 -13"><span class='ocrx_word' id='word_1_186' title='bbox 199 1673 427 1714; x_wconf 89' lang='lat' dir='ltr'>Ambracia</span> <span class='ocrx_word' id='word_1_187' title='bbox 453 1673 789 1713; x_wconf 81' lang='lat' dir='ltr'>abest—castra</span> <span class='ocrx_word' id='word_1_188' title='bbox 813 1671 964 1727; x_wconf 87' lang='lat' dir='ltr'>posuit.</span> <span class='ocrx_word' id='word_1_189' title='bbox 1009 1686 1057 1712; x_wconf 92' lang='lat' dir='ltr'>eo</span> <span class='ocrx_word' id='word_1_190' title='bbox 1083 1670 1251 1710; x_wconf 90' lang='lat' dir='ltr'>tandem</span> <span class='ocrx_word' id='word_1_191' title='bbox 1275 1668 1402 1722; x_wconf 87' lang='lat' dir='ltr'>legati</span> <span class='ocrx_word' id='word_1_192' title='bbox 1420 1667 1560 1708; x_wconf 84' lang='lat' dir='ltr'>Aetoli</span> 
     </span>
     <span class='ocr_line' id='line_1_26' title="bbox 201 1730 1562 1787; baseline -0.004 -12"><span class='ocrx_word' id='word_1_193' title='bbox 201 1736 375 1775; x_wconf 87' lang='lat' dir='ltr'>mirante</span> <span class='ocrx_word' id='word_1_194' title='bbox 407 1735 575 1775; x_wconf 86' lang='lat' dir='ltr'>consule</span> <span class='ocrx_word' id='word_1_195' title='bbox 613 1735 723 1787; x_wconf 86' lang='lat' dir='ltr'>quod</span> <span class='ocrx_word' id='word_1_196' title='bbox 754 1743 1013 1774; x_wconf 87' lang='lat' dir='ltr'>morarentur</span> <span class='ocrx_word' id='word_1_197' title='bbox 1044 1739 1259 1773; x_wconf 83' lang='lat' dir='ltr'>venerunt.</span> <span class='ocrx_word' id='word_1_198' title='bbox 1320 1730 1416 1770; x_wconf 89' lang='lat' dir='ltr'>inde</span> <span class='ocrx_word' id='word_1_199' title='bbox 1447 1737 1562 1784; x_wconf 89' lang='lat' dir='ltr'>post-</span> 
     </span>
     <span class='ocr_line' id='line_1_27' title="bbox 201 1791 1562 1850; baseline -0.005 -13"><span class='ocrx_word' id='word_1_200' title='bbox 201 1812 326 1850; x_wconf 84' lang='lat' dir='ltr'>quam</span> <span class='ocrx_word' id='word_1_201' title='bbox 364 1797 618 1850; x_wconf 85' lang='lat' dir='ltr'>adprobasse</span> <span class='ocrx_word' id='word_1_202' title='bbox 655 1810 802 1850; x_wconf 86' lang='lat' dir='ltr'>pacem</span> <span class='ocrx_word' id='word_1_203' title='bbox 845 1795 1064 1836; x_wconf 87' lang='lat' dir='ltr'>concilium</span> <span class='ocrx_word' id='word_1_204' title='bbox 1100 1793 1349 1834; x_wconf 85' lang='lat' dir='ltr'>Aetolorum</span> <span class='ocrx_word' id='word_1_205' title='bbox 1391 1791 1562 1846; x_wconf 89' lang='lat' dir='ltr'>aceepit,</span> 
     </span>
     <span class='ocr_line' id='line_1_28' title="bbox 201 1856 1563 1914; baseline -0.005 -14"><span class='ocrx_word' id='word_1_206' title='bbox 201 1860 325 1900; x_wconf 84' lang='lat' dir='ltr'>iussis</span> <span class='ocrx_word' id='word_1_207' title='bbox 356 1859 562 1914; x_wconf 87' lang='lat' dir='ltr'>proficisci</span> <span class='ocrx_word' id='word_1_208' title='bbox 586 1859 765 1900; x_wconf 85' lang='lat' dir='ltr'>Romam</span> <span class='ocrx_word' id='word_1_209' title='bbox 798 1859 850 1899; x_wconf 90' lang='lat' dir='ltr'>ad</span> <span class='ocrx_word' id='word_1_210' title='bbox 883 1866 1072 1899; x_wconf 86' lang='lat' dir='ltr'>senatum</span> <span class='ocrx_word' id='word_1_211' title='bbox 1103 1856 1409 1912; x_wconf 87' lang='lat' dir='ltr'>permissoque,</span> <span class='ocrx_word' id='word_1_212' title='bbox 1446 1861 1492 1894; x_wconf 79' lang='lat' dir='ltr'>ut</span> <span class='ocrx_word' id='word_1_213' title='bbox 1522 1861 1563 1894; x_wconf 88' lang='lat' dir='ltr'>et</span> 
     </span>
     <span class='ocr_line' id='line_1_29' title="bbox 201 1916 1563 1975; baseline -0.006 -12"><span class='ocrx_word' id='word_1_214' title='bbox 201 1922 340 1963; x_wconf 84' lang='lat' dir='ltr'>Rhodi</span> <span class='ocrx_word' id='word_1_215' title='bbox 366 1929 406 1962; x_wconf 88' lang='lat' dir='ltr'>et</span> <span class='ocrx_word' id='word_1_216' title='bbox 430 1921 713 1962; x_wconf 77' lang='lat' dir='ltr'>Athenienses</span> <span class='ocrx_word' id='word_1_217' title='bbox 741 1921 1030 1975; x_wconf 85' lang='lat' dir='ltr'>deprecatores</span> <span class='ocrx_word' id='word_1_218' title='bbox 1062 1920 1186 1967; x_wconf 88' lang='lat' dir='ltr'>irent,</span> <span class='ocrx_word' id='word_1_219' title='bbox 1225 1919 1320 1958; x_wconf 88' lang='lat' dir='ltr'>dato</span> <span class='ocrx_word' id='word_1_220' title='bbox 1346 1917 1416 1970; x_wconf 90' lang='lat' dir='ltr'>qui</span> <span class='ocrx_word' id='word_1_221' title='bbox 1441 1916 1563 1957; x_wconf 87' lang='lat' dir='ltr'>simul</span> 
     </span>
     <span class='ocr_line' id='line_1_30' title="bbox 202 1978 1563 2038; baseline -0.004 -14"><span class='ocrx_word' id='word_1_222' title='bbox 202 1998 296 2024; x_wconf 91' lang='lat' dir='ltr'>cum</span> <span class='ocrx_word' id='word_1_223' title='bbox 320 1984 369 2024; x_wconf 89' lang='lat' dir='ltr'>iis</span> <span class='ocrx_word' id='word_1_224' title='bbox 396 1983 724 2038; x_wconf 85' lang='lat' dir='ltr'>proficisceretur</span> <span class='ocrx_word' id='word_1_225' title='bbox 739 1982 789 2024; x_wconf 85' lang='lat' dir='ltr'>C.</span> <span class='ocrx_word' id='word_1_226' title='bbox 804 1983 973 2026; x_wconf 90' lang='lat' dir='ltr'>Valerio</span> <span class='ocrx_word' id='word_1_227' title='bbox 998 1983 1144 2030; x_wconf 87' lang='lat' dir='ltr'>fratre,</span> <span class='ocrx_word' id='word_1_228' title='bbox 1169 1981 1259 2036; x_wconf 89' lang='lat' dir='ltr'>ipse</span> <span class='ocrx_word' id='word_1_229' title='bbox 1284 1980 1325 2020; x_wconf 93' lang='lat' dir='ltr'>in</span> <span class='ocrx_word' id='word_1_230' title='bbox 1341 1978 1563 2033; x_wconf 89' lang='lat' dir='ltr'>Cephalle-</span> 
     </span>
     <span class='ocr_line' id='line_1_31' title="bbox 202 2041 1560 2100; baseline -0.004 -14"><span class='ocrx_word' id='word_1_231' title='bbox 202 2046 314 2086; x_wconf 88' lang='lat' dir='ltr'>niam</span> <span class='ocrx_word' id='word_1_232' title='bbox 339 2046 509 2086; x_wconf 87' lang='lat' dir='ltr'>traiecit.</span> <span class='ocrx_word' id='word_1_233' title='bbox 569 2054 894 2100; x_wconf 88' lang='lat' dir='ltr'>praeoccupatas</span> <span class='ocrx_word' id='word_1_234' title='bbox 928 2045 1036 2085; x_wconf 88' lang='lat' dir='ltr'>auris</span> <span class='ocrx_word' id='word_1_235' title='bbox 1063 2043 1305 2096; x_wconf 89' lang='lat' dir='ltr'>animosque</span> <span class='ocrx_word' id='word_1_236' title='bbox 1330 2041 1560 2097; x_wconf 89' lang='lat' dir='ltr'>principum</span> 
     </span>
     <span class='ocr_line' id='line_1_32' title="bbox 202 2102 1562 2161; baseline -0.004 -14"><span class='ocrx_word' id='word_1_237' title='bbox 202 2107 363 2147; x_wconf 84' lang='lat' dir='ltr'>Romae</span> <span class='ocrx_word' id='word_1_238' title='bbox 395 2107 633 2148; x_wconf 85' lang='lat' dir='ltr'>criminibus</span> <span class='ocrx_word' id='word_1_239' title='bbox 659 2107 844 2161; x_wconf 88' lang='lat' dir='ltr'>Philippi</span> <span class='ocrx_word' id='word_1_240' title='bbox 874 2107 1139 2154; x_wconf 78' lang='lat' dir='ltr'>invenerunt,</span> <span class='ocrx_word' id='word_1_241' title='bbox 1181 2104 1250 2157; x_wconf 85' lang='lat' dir='ltr'>qui</span> <span class='ocrx_word' id='word_1_242' title='bbox 1285 2118 1359 2158; x_wconf 90' lang='lat' dir='ltr'>per</span> <span class='ocrx_word' id='word_1_243' title='bbox 1387 2102 1562 2157; x_wconf 86' lang='lat' dir='ltr'>legatos,</span> 
     </span>
     <span class='ocr_line' id='line_1_33' title="bbox 204 2164 1566 2223; baseline -0.004 -15"><span class='ocrx_word' id='word_1_244' title='bbox 204 2183 277 2223; x_wconf 89' lang='lat' dir='ltr'>per</span> <span class='ocrx_word' id='word_1_245' title='bbox 295 2168 452 2209; x_wconf 84' lang='lat' dir='ltr'>litteras</span> <span class='ocrx_word' id='word_1_246' title='bbox 473 2169 662 2223; x_wconf 89' lang='lat' dir='ltr'>Dolopas</span> <span class='ocrx_word' id='word_1_247' title='bbox 684 2168 1071 2223; x_wconf 86' lang='lat' dir='ltr'>Amphilochosque</span> <span class='ocrx_word' id='word_1_248' title='bbox 1096 2174 1136 2208; x_wconf 87' lang='lat' dir='ltr'>et</span> <span class='ocrx_word' id='word_1_249' title='bbox 1156 2164 1453 2207; x_wconf 86' lang='lat' dir='ltr'>Athamaniam</span> <span class='ocrx_word' id='word_1_250' title='bbox 1477 2178 1566 2204; x_wconf 90' lang='lat' dir='ltr'>ere-</span> 
     </span>
     <span class='ocr_line' id='line_1_34' title="bbox 204 2225 1565 2284; baseline -0.003 -15"><span class='ocrx_word' id='word_1_251' title='bbox 204 2238 297 2283; x_wconf 89' lang='lat' dir='ltr'>ptas</span> <span class='ocrx_word' id='word_1_252' title='bbox 319 2230 397 2270; x_wconf 88' lang='lat' dir='ltr'>sibi</span> <span class='ocrx_word' id='word_1_253' title='bbox 416 2244 614 2283; x_wconf 89' lang='lat' dir='ltr'>querens,</span> <span class='ocrx_word' id='word_1_254' title='bbox 639 2230 929 2284; x_wconf 86' lang='lat' dir='ltr'>praesidiaque</span> <span class='ocrx_word' id='word_1_255' title='bbox 952 2245 1038 2279; x_wconf 87' lang='lat' dir='ltr'>sua,</span> <span class='ocrx_word' id='word_1_256' title='bbox 1064 2236 1275 2284; x_wconf 87' lang='lat' dir='ltr'>postremo</span> <span class='ocrx_word' id='word_1_257' title='bbox 1294 2227 1423 2267; x_wconf 85' lang='lat' dir='ltr'>filium</span> <span class='ocrx_word' id='word_1_258' title='bbox 1442 2225 1565 2266; x_wconf 90' lang='lat' dir='ltr'>etiam</span> 
     </span>
     <span class='ocr_line' id='line_1_35' title="bbox 204 2288 1565 2346; baseline -0.002 -15"><span class='ocrx_word' id='word_1_259' title='bbox 204 2290 362 2331; x_wconf 86' lang='lat' dir='ltr'>Persea</span> <span class='ocrx_word' id='word_1_260' title='bbox 399 2306 451 2331; x_wconf 83' lang='lat' dir='ltr'>ex</span> <span class='ocrx_word' id='word_1_261' title='bbox 485 2292 777 2346; x_wconf 88' lang='lat' dir='ltr'>Amphilochis</span> <span class='ocrx_word' id='word_1_262' title='bbox 814 2292 1000 2346; x_wconf 88' lang='lat' dir='ltr'>pulsum,</span> <span class='ocrx_word' id='word_1_263' title='bbox 1044 2298 1249 2331; x_wconf 86' lang='lat' dir='ltr'>averterat</span> <span class='ocrx_word' id='word_1_264' title='bbox 1287 2296 1477 2329; x_wconf 87' lang='lat' dir='ltr'>senatum</span> <span class='ocrx_word' id='word_1_265' title='bbox 1513 2288 1565 2328; x_wconf 88' lang='lat' dir='ltr'>ab</span> 
     </span>
     <span class='ocr_line' id='line_1_36' title="bbox 206 2350 1564 2408; baseline -0.002 -15"><span class='ocrx_word' id='word_1_266' title='bbox 206 2354 422 2394; x_wconf 87' lang='lat' dir='ltr'>audiendis</span> <span class='ocrx_word' id='word_1_267' title='bbox 448 2355 640 2408; x_wconf 89' lang='lat' dir='ltr'>precibus</span> <span class='ocrx_word' id='word_1_268' title='bbox 667 2369 821 2395; x_wconf 90' lang='lat' dir='ltr'>eorum.</span> <span class='ocrx_word' id='word_1_269' title='bbox 883 2353 1023 2395; x_wconf 85' lang='lat' dir='ltr'>Rhodi</span> <span class='ocrx_word' id='word_1_270' title='bbox 1054 2362 1193 2393; x_wconf 89' lang='lat' dir='ltr'>tamen</span> <span class='ocrx_word' id='word_1_271' title='bbox 1218 2359 1259 2392; x_wconf 86' lang='lat' dir='ltr'>et</span> <span class='ocrx_word' id='word_1_272' title='bbox 1282 2350 1564 2391; x_wconf 84' lang='lat' dir='ltr'>Athenienses</span> 
     </span>
     <span class='ocr_line' id='line_1_37' title="bbox 206 2412 1566 2468; baseline -0.003 -13"><span class='ocrx_word' id='word_1_273' title='bbox 206 2430 298 2456; x_wconf 92' lang='lat' dir='ltr'>cum</span> <span class='ocrx_word' id='word_1_274' title='bbox 326 2416 490 2457; x_wconf 86' lang='lat' dir='ltr'>silentio</span> <span class='ocrx_word' id='word_1_275' title='bbox 516 2416 644 2456; x_wconf 89' lang='lat' dir='ltr'>auditi</span> <span class='ocrx_word' id='word_1_276' title='bbox 671 2423 778 2456; x_wconf 85' lang='lat' dir='ltr'>sunt.</span> <span class='ocrx_word' id='word_1_277' title='bbox 834 2414 1106 2456; x_wconf 89' lang='lat' dir='ltr'>Atheniensis</span> <span class='ocrx_word' id='word_1_278' title='bbox 1132 2414 1294 2468; x_wconf 88' lang='lat' dir='ltr'>legatus</span> <span class='ocrx_word' id='word_1_279' title='bbox 1320 2412 1412 2453; x_wconf 90' lang='lat' dir='ltr'>Leo</span> <span class='ocrx_word' id='word_1_280' title='bbox 1439 2412 1566 2452; x_wconf 89' lang='lat' dir='ltr'>Hice-</span> 
     </span>
     <span class='ocr_line' id='line_1_38' title="bbox 207 2473 1566 2531; baseline -0.004 -13"><span class='ocrx_word' id='word_1_281' title='bbox 207 2477 291 2518; x_wconf 89' lang='lat' dir='ltr'>siae</span> <span class='ocrx_word' id='word_1_282' title='bbox 323 2478 432 2519; x_wconf 89' lang='lat' dir='ltr'>filius</span> <span class='ocrx_word' id='word_1_283' title='bbox 465 2478 700 2531; x_wconf 88' lang='lat' dir='ltr'>eloquentia</span> <span class='ocrx_word' id='word_1_284' title='bbox 732 2478 856 2518; x_wconf 85' lang='lat' dir='ltr'>etiam</span> <span class='ocrx_word' id='word_1_285' title='bbox 887 2477 1034 2517; x_wconf 89' lang='lat' dir='ltr'>dicitur</span> <span class='ocrx_word' id='word_1_286' title='bbox 1064 2476 1264 2524; x_wconf 85' lang='lat' dir='ltr'>movisse3</span> <span class='ocrx_word' id='word_1_287' title='bbox 1303 2473 1373 2527; x_wconf 86' lang='lat' dir='ltr'>qui</span> <span class='ocrx_word' id='word_1_288' title='bbox 1397 2473 1566 2528; x_wconf 80' lang='lat' dir='ltr'>vulgata</span> 
     </span>
     <span class='ocr_line' id='line_1_39' title="bbox 206 2537 1566 2593; baseline -0.003 -14"><span class='ocrx_word' id='word_1_289' title='bbox 206 2539 492 2590; x_wconf 89' lang='lat' dir='ltr'>similitudine,</span> <span class='ocrx_word' id='word_1_290' title='bbox 530 2541 633 2581; x_wconf 88' lang='lat' dir='ltr'>mari</span> <span class='ocrx_word' id='word_1_291' title='bbox 658 2540 878 2593; x_wconf 87' lang='lat' dir='ltr'>tranquillo</span> <span class='ocrx_word' id='word_1_292' title='bbox 904 2539 1016 2592; x_wconf 91' lang='lat' dir='ltr'>quod</span> <span class='ocrx_word' id='word_1_293' title='bbox 1040 2538 1174 2579; x_wconf 87' lang='lat' dir='ltr'>ventis</span> <span class='ocrx_word' id='word_1_294' title='bbox 1201 2537 1473 2578; x_wconf 88' lang='lat' dir='ltr'>concitaretur</span> <span class='ocrx_word' id='word_1_295' title='bbox 1498 2550 1566 2575; x_wconf 87' lang='lat' dir='ltr'>ae-</span> 
     </span>
     <span class='ocr_line' id='line_1_40' title="bbox 206 2596 1565 2655; baseline -0.003 -15"><span class='ocrx_word' id='word_1_296' title='bbox 206 2600 461 2655; x_wconf 89' lang='lat' dir='ltr'>quiperando</span> <span class='ocrx_word' id='word_1_297' title='bbox 493 2602 796 2642; x_wconf 87' lang='lat' dir='ltr'>multitudinem</span> <span class='ocrx_word' id='word_1_298' title='bbox 826 2601 1090 2648; x_wconf 86' lang='lat' dir='ltr'>Aetolorum,</span> <span class='ocrx_word' id='word_1_299' title='bbox 1128 2614 1249 2648; x_wconf 89' lang='lat' dir='ltr'>usus,</span> <span class='ocrx_word' id='word_1_300' title='bbox 1286 2612 1380 2639; x_wconf 85' lang='lat' dir='ltr'>cum</span> <span class='ocrx_word' id='word_1_301' title='bbox 1411 2597 1453 2637; x_wconf 87' lang='lat' dir='ltr'>in</span> <span class='ocrx_word' id='word_1_302' title='bbox 1483 2596 1565 2636; x_wconf 80' lang='lat' dir='ltr'>fide</span> 
     </span>
    </p>

    <p class='ocr_par' dir='ltr' id='par_1_4' title="bbox 1270 2664 1337 2699">
     <span class='ocr_line' id='line_1_41' title="bbox 1270 2664 1337 2699; baseline -0.03 0"><span class='ocrx_word' id='word_1_303' title='bbox 1270 2664 1337 2699; x_wconf 74' lang='lat'>21*</span> 
     </span>
    </p>
   </div>
   <div class='ocr_carea' id='block_1_3' title="bbox 1574 318 1592 348">
    <p class='ocr_par' dir='ltr' id='par_1_5' title="bbox 1574 318 1592 348">
     <span class='ocr_line' id='line_1_42' title="bbox 1574 318 1592 348; baseline 0 0"><span class='ocrx_word' id='word_1_304' title='bbox 1574 318 1592 348; x_wconf 87' lang='lat'>9</span> 
     </span>
    </p>
   </div>
   <div class='ocr_carea' id='block_1_4' title="bbox 1581 627 1620 657">
    <p class='ocr_par' dir='ltr' id='par_1_6' title="bbox 1581 627 1620 657">
     <span class='ocr_line' id='line_1_43' title="bbox 1581 627 1620 657; baseline -0.026 0"><span class='ocrx_word' id='word_1_305' title='bbox 1581 627 1620 657; x_wconf 92' lang='lat'>10</span> 
     </span>
    </p>
   </div>
   <div class='ocr_carea' id='block_1_5' title="bbox 1583 875 1620 904">
    <p class='ocr_par' dir='ltr' id='par_1_7' title="bbox 1583 875 1620 904">
     <span class='ocr_line' id='line_1_44' title="bbox 1583 875 1620 904; baseline 0.027 -1"><span class='ocrx_word' id='word_1_306' title='bbox 1583 875 1620 904; x_wconf 91' lang='grc'>11</span> 
     </span>
    </p>
   </div>
   <div class='ocr_carea' id='block_1_6' title="bbox 1588 1185 1624 1213">
    <p class='ocr_par' dir='ltr' id='par_1_8' title="bbox 1588 1185 1624 1213">
     <span class='ocr_line' id='line_1_45' title="bbox 1588 1185 1624 1213; baseline 0 0"><span class='ocrx_word' id='word_1_307' title='bbox 1588 1185 1624 1213; x_wconf 83' lang='grc'>13</span> 
     </span>
    </p>
   </div>
   <div class='ocr_carea' id='block_1_7' title="bbox 1587 1740 1606 1769">
    <p class='ocr_par' dir='ltr' id='par_1_9' title="bbox 1587 1740 1606 1769">
     <span class='ocr_line' id='line_1_46' title="bbox 1587 1740 1606 1769; textangle 90"><span class='ocrx_word' id='word_1_308' title='bbox 1587 1740 1606 1769; x_wconf 74' lang='lat'>10</span> 
     </span>
    </p>
   </div>
  </div>
 </body>
</html>
