1799 2900
257 131 340 172 284
528 137 681 171 LIBER
705 137 912 181 XXXVII,
938 138 992 172 28.
1011 138 1065 172 29.
1094 140 1143 183 [a.
1158 151 1193 173 u,
1209 151 1238 173 e.
1253 139 1334 184 564]

171 296 173 299 Ι
210 258 229 286 8
257 252 341 291 tus,
379 248 423 281 ut
449 241 517 281 vix
549 241 655 281 duae
688 240 809 281 simul
840 241 934 282 inde
966 257 1093 283 naves
1119 243 1279 297 possint
1307 243 1430 283 exire.
1492 250 1612 285 nocte

256 317 457 358 occupare
489 303 630 343 fauces
661 303 943 357 Polyxenidas
973 304 1016 344 in
1047 304 1182 344 animo
1213 304 1393 345 habebat
1423 312 1464 345 et
1495 305 1611 346 denis

254 366 428 407 navibus
456 365 508 405 ad
531 365 819 419 promunturia
845 366 1063 415 stantibus,
1091 380 1194 419 quae
1219 367 1269 406 al)
1290 374 1463 420 utroque
1485 381 1610 407 cornu

254 430 295 468 in
319 428 447 468 latera
474 427 712 468 exeuntium
737 427 905 468 navium
930 435 1182 483 pugnarent,
1220 443 1271 468 ex
1303 437 1439 469 cetera
1465 429 1612 478 classe,

255 491 359 531 sicut
385 490 437 530 ad
461 489 747 530 Panhormum
772 490 945 539 fecerat,
984 490 1151 530 armatis
1182 490 1224 530 in
1249 490 1386 531 littora
1412 491 1612 545 expositis

209 569 226 595 a
255 563 362 593 terra
386 553 572 605 marique
600 553 720 592 simul
746 552 876 593 hostis
903 553 1148 608 obprimere.
1210 554 1320 606 quod
1351 569 1434 595 non
1460 569 1612 594 vanum

254 615 290 655 ei
327 615 544 655 eonsilium
580 614 747 663 fuisset,
791 615 834 654 ni
871 629 964 655 eum
996 615 1074 656 Tei
1110 615 1292 655 facturos
1332 631 1375 656 se
1412 616 1614 671 imperata

252 676 558 730 promisissent,
608 677 660 716 ad
702 676 964 731 accipiendos
1003 685 1257 717 commeatus
1298 678 1431 731 aptius
1476 677 1612 718 visum

253 746 362 779 esset
378 738 577 779 Romanis
597 739 639 778 in
665 753 759 778 eum
784 747 948 793 portum
975 738 1043 792 qui
1067 746 1161 778 ante
1186 739 1330 778 urbem
1352 747 1414 779 est
1435 739 1611 780 classem

192 817 227 844 μ)
254 801 440 841 transire.
514 800 662 840 dicitur
698 808 737 841 ct
773 801 991 841 Eudamus
1028 800 1217 841 Rhodius
1256 800 1402 841 vitium
1445 801 1611 841 alterius

251 875 394 918 portus
422 862 673 912 ostendisse,
701 876 794 902 eum
820 863 925 903 forte
952 864 1057 903 duae
1084 877 1211 903 naves
1237 863 1278 902 in
1304 871 1392 904 arto
1419 863 1526 904 ostio
1551 863 1614 903 in-

189 939 221 966 11
251 925 415 980 plicitos
447 940 583 966 remos
610 925 847 979 fregissent.
909 932 948 965 et
982 926 1088 965 inter
1119 925 1198 965 alia
1228 925 1270 965 id
1296 939 1458 978 quoque
1484 926 1615 966 movit

251 995 502 1041 praetorem,
548 996 592 1027 ut
623 988 854 1028 traduceret
888 987 1083 1036 classem,
1133 988 1244 1040 quod
1281 987 1332 1027 ab
1364 994 1471 1028 terra
1505 987 1614 1042 peri-

253 1050 389 1091 euhun
417 1058 521 1097 erat,
548 1050 659 1090 haud
684 1050 827 1104 procul
853 1050 948 1090 inde
973 1049 1184 1090 Antiocho
1211 1049 1360 1089 stativa
1385 1049 1576 1090 habente.

211 1124 223 1151 1
337 1112 584 1154 XXVIIII.
634 1112 845 1152 Traducta
871 1112 1004 1152 classe
1031 1112 1083 1152 ad
1108 1112 1272 1161 urbem,
1299 1112 1454 1165 ignaris
1482 1111 1612 1152 omni-

251 1175 329 1215 bus
368 1174 527 1228 egressi
570 1174 720 1214 milites
763 1182 996 1227 nautaeque
1041 1182 1137 1214 sunt
1180 1174 1232 1214 ad
1273 1182 1526 1214 commeatus
1571 1182 1612 1214 et

253 1236 393 1276 vinum
430 1235 608 1276 maxime
640 1236 908 1276 dividendum
938 1236 979 1275 in
1010 1251 1158 1284 naves,
1209 1249 1301 1275 eum
1333 1236 1469 1276 medio
1506 1236 1611 1277 forte

253 1298 333 1338 dici
360 1299 535 1353 agrestis
563 1298 731 1350 quidam
757 1298 809 1338 ad
833 1306 1065 1352 praetorem
1089 1298 1289 1337 adductus
1311 1298 1483 1346 nuntiat,
1512 1298 1612 1338 alte-

251 1375 343 1400 rum
367 1360 449 1400 iam
475 1360 583 1400 diem
609 1360 786 1400 classem
812 1371 920 1400 stare
952 1360 1004 1400 ad
1028 1359 1207 1400 insulam
1231 1360 1396 1400 Macrin
1421 1368 1461 1400 et
1486 1360 1609 1414 paulo

252 1432 347 1463 ante
384 1423 495 1463 visas
535 1422 735 1475 quasdam
771 1423 929 1462 moveri
970 1432 1180 1475 tamquam
1224 1422 1276 1462 ad
1311 1422 1608 1476 profectionem

208 1493 226 1522 3
252 1499 394 1525 naves.
442 1499 486 1525 re
513 1484 649 1525 subita
673 1485 887 1538 perculsus
907 1492 1071 1539 praetor
1091 1484 1293 1524 tubicines
1315 1498 1461 1525 canere
1483 1484 1608 1533 iubet,

250 1555 296 1587 ut
327 1546 361 1586 si
393 1546 462 1599 qui
494 1561 568 1600 per
600 1560 722 1600 agros
754 1546 882 1600 palati
918 1553 1059 1586 essent
1092 1546 1290 1594 redirent,
1345 1546 1532 1587 tribunos
1570 1545 1611 1586 in

251 1609 396 1649 urbem
432 1608 555 1648 mittit
594 1608 647 1648 ad
685 1609 893 1663 cogendos
931 1608 1081 1648 milites
1123 1616 1354 1660 nautasque
1392 1608 1433 1647 in
1469 1623 1610 1649 naves.

207 1679 226 1707 4
252 1671 363 1711 haud
394 1685 513 1711 secus
548 1685 671 1723 quam
702 1670 744 1710 in
774 1670 989 1725 repentino
1026 1669 1217 1710 incendio
1254 1677 1323 1710 aut
1355 1677 1474 1725 capta
1509 1671 1612 1712 urbe

253 1732 497 1787 trepidatur,
543 1731 631 1772 aliis
662 1733 704 1772 in
736 1733 880 1772 urbem
913 1731 1170 1772 currentibus
1203 1731 1254 1772 ad
1285 1745 1382 1772 suos
1414 1746 1613 1773 revocan-

253 1796 346 1844 dos,
385 1794 474 1834 aliis
502 1809 553 1834 ex
578 1795 678 1835 urbe
704 1810 832 1835 naves
866 1809 988 1835 eursu
1019 1794 1303 1849 repetentibus
1314 1810 1324 1843 3
1362 1793 1612 1847 incertisque

251 1857 521 1906 clamoribus,
549 1857 697 1910 quibus
723 1858 824 1911 ipsis
851 1858 973 1897 tubae
1000 1857 1304 1910 obstreperent,
1337 1855 1510 1896 turbatis
1536 1856 1612 1896 im-

207 1928 226 1956 ὁ
252 1920 376 1974 perlis
403 1919 570 1959 tandem
597 1933 842 1960 coneursum
874 1919 926 1959 ad
951 1934 1079 1959 naves
1113 1928 1188 1959 est.
1249 1919 1318 1957 vix
1350 1933 1468 1958 suam
1500 1918 1612 1970 quis-

252 1997 330 2035 que
355 1995 527 2022 noscere
554 1989 622 2021 aut
648 1981 760 2021 adire
786 1996 885 2035 prae
916 1981 1095 2020 tumultu
1125 1988 1304 2034 poterat,
1344 1979 1612 2033 trepidatum-

252 2059 331 2096 que
358 2057 451 2083 cum
476 2043 659 2098 periculo
685 2051 725 2083 et
748 2043 791 2083 in
815 2043 919 2083 mari
945 2052 984 2083 et
1008 2043 1051 2082 in
1076 2051 1183 2082 terra-
1208 2042 1333 2090 foret,
1359 2040 1401 2081 ni
1425 2041 1610 2095 partibus

255 2105 398 2145 divisis
425 2105 630 2145 Aemilius
669 2118 761 2144 cum
799 2104 1004 2159 praetoria
1040 2119 1145 2144 nave
1177 2103 1334 2158 primus
1367 2118 1388 2144 e
1418 2111 1541 2157 portu
1569 2103 1612 2142 in

253 2167 381 2206 altum
407 2175 574 2207 evectus
601 2166 811 2221 excipiens
837 2167 1106 2219 insequentis,
1135 2181 1208 2206 suo
1235 2180 1440 2218 quamque
1467 2164 1611 2206 ordine

210 2238 226 2265 υ·
252 2229 294 2268 in
319 2229 496 2269 frontem
523 2228 804 2277 instruxisset,
831 2229 1047 2269 Eudamus
1068 2228 1315 2280 Rhodiaque
1342 2227 1487 2268 classis
1514 2227 1611 2268 sub-

253 2289 455 2331 stitissent
480 2290 532 2331 ad
559 2302 721 2340 terram,
748 2298 793 2331 ut
817 2301 857 2331 et
883 2291 970 2331 sine
991 2290 1264 2345 trepidatione
1286 2289 1608 2331 conscenderent

254 2360 293 2391 et
317 2360 360 2392 ut
387 2367 573 2406 quaeque
599 2362 743 2407 parata
769 2361 880 2394 esset
905 2353 1035 2394 exiret
1060 2353 1190 2393 navis.
1238 2353 1296 2393 ita
1317 2364 1356 2392 et
1377 2351 1610 2406 explicuere

255 2414 439 2453 ordinem
464 2415 619 2469 primae
643 2415 686 2455 in
712 2426 937 2469 conspeetu
957 2414 1156 2469 praetoris
1183 2428 1221 2455 et
1248 2422 1435 2454 coactum
1460 2427 1610 2467 agmen

255 2475 306 2513 ab
331 2475 491 2516 Rhodis
524 2485 604 2525 est,
641 2477 922 2530 instructaque
955 2477 1064 2516 acies
1090 2476 1203 2516 velut
1235 2482 1448 2516 cernerent
1472 2474 1608 2528 regios

254 2535 296 2574 in
329 2536 454 2576 altum
485 2539 699 2591 processit.
760 2539 866 2579 inter
890 2539 1174 2592 Myonnesum
1205 2545 1244 2577 et
1276 2536 1485 2590 Corycum
1515 2549 1609 2589 pro-

213 2608 230 2637 3
257 2599 506 2639 munturium
549 2607 683 2648 crant,
734 2615 825 2640 cum
869 2601 1028 2641 hostem
1073 2614 1340 2654 conspexere.
1412 2606 1451 2638 et
1494 2596 1607 2651 regia

208 1247 225 1275 14

211 2361 225 2388 ’ἦ
