1799 2900
410 163 562 198 LIBER
586 163 752 207 XXXX,
780 163 832 197 19.
853 163 907 197 20.
936 165 984 207 [a.
999 161 1038 197 C.
1053 162 1132 196 182.
1149 162 1230 206 181]
1413 150 1492 192 441

143 268 311 324 guinem
348 267 470 322 pluit3
509 274 550 308 et
586 266 802 321 pontifices
841 266 983 308 hastas
1016 272 1152 307 motas
1185 264 1428 306 nuntiavere
1458 271 1499 305 et

143 329 325 371 Lanuvii
351 329 616 370 simulacrum
642 329 814 369 Iunonis
844 328 1038 383 Sospitae
1064 328 1318 369 lacrimasse.
1371 325 1500 382 pesti-

142 393 270 433 lentia
298 391 340 432 in
373 392 483 446 agris
516 391 700 444 forisque
732 399 772 432 et
797 391 1079 432 conciliabulis
1112 398 1152 432 et
1183 390 1224 430 in
1254 390 1355 431 urbe
1388 395 1502 430 tanta,

1524 340 1542 370 3

144 464 249 503 erat,
280 461 326 494 ut
350 453 538 494 Libitina
562 453 778 494 funeribus
806 453 876 493 vix
910 453 1142 494 subficeret.
1204 452 1268 493 his
1299 451 1498 506 prodigiis
1525 464 1544 493 4

144 516 413 568 cladibusque
440 515 551 556 anxii
576 522 715 569 patres
743 515 1028 564 decreverunt,
1054 523 1098 555 ut
1120 523 1159 556 et
1181 515 1385 563 consules,
1413 513 1502 567 qui-

144 579 221 619 bus
237 577 314 618 diis
330 577 551 627 videretur,
579 577 726 618 hostiis
747 577 971 618 maioribus
987 577 1265 618 sacrificarent
1280 584 1320 617 et
1339 577 1504 617 decem-

144 639 222 680 viri
246 639 373 680 libros
401 639 573 680 adirent.
612 654 756 680 eorum
782 639 946 680 decreto
967 639 1213 694 supplicatio
1238 638 1346 679 cirea
1365 637 1503 679 omnia

144 701 377 757 pulvinaria
400 702 561 742 Romae
587 701 629 741 in
656 702 764 742 diem
789 716 917 742 unum
943 701 1098 742 indicta
1122 708 1197 742 est.
1258 701 1407 741 iisdem
1431 714 1504 740 au-

146 764 328 805 ctoribus
355 771 395 804 et
421 772 589 804 senatus
617 765 776 804 censuit
802 771 842 804 et
874 764 1064 804 eonsules
1092 763 1328 813 edixerunt,
1362 770 1404 803 ut
1430 777 1504 817 per

145 833 275 866 totam
300 825 465 866 Italiam
491 826 672 866 triduum
698 825 943 880 supplicatio
970 834 1010 866 et
1035 825 1161 866 feriae
1187 833 1339 866 essent.
1376 824 1504 880 pesti-

145 888 297 928 lentiae
324 895 439 928 tanta
463 888 525 929 vis
552 895 658 937 erat,
690 896 754 937 ut,
786 902 879 927 cum
904 896 1073 943 propter
1098 888 1373 928 defectionem
1400 886 1505 928 Cor-

148 965 288 990 sorum
325 950 561 1003 bellumque
599 951 650 990 ab
688 950 912 990 Iliensibus
950 949 1200 990 concitatum
1236 950 1277 990 in
1311 947 1506 990 Sardinia

148 1020 240 1053 octo
272 1013 385 1052 milia
420 1013 606 1067 peditum
643 1028 694 1053 ex
732 1013 854 1053 sociis
886 1012 1028 1053 Latini
1064 1012 1243 1053 nominis
1281 1012 1506 1067 placuisset

149 1075 273 1115 scribi
299 1082 338 1114 et
363 1082 567 1115 trecentos
596 1074 772 1127 equites,
807 1089 909 1127 quos
934 1075 997 1115 M.
1024 1074 1218 1115 Pinarius
1250 1082 1417 1128 praetor
1442 1088 1506 1114 se-

149 1150 243 1176 eum
267 1136 309 1176 in
325 1135 563 1176 Sardiniam
589 1136 792 1184 traiceret,
820 1144 981 1176 tantum
1007 1136 1220 1177 hominum
1242 1137 1505 1176 demortuum

149 1213 262 1246 esse,
301 1204 461 1237 tantum
498 1198 651 1250 ubique
690 1213 908 1251 aegrorum
941 1198 1132 1238 consules
1165 1197 1505 1246 renuntiaverint,

149 1267 194 1300 ut
224 1260 258 1300 is
290 1274 487 1300 numerus
514 1260 623 1300 effici
655 1260 831 1299 militum
858 1275 939 1301 non
971 1260 1163 1314 potuerit.
1225 1261 1335 1313 quod
1367 1261 1508 1300 deerat.

149 1321 338 1369 militum,
367 1336 529 1362 sumere
552 1337 575 1362 a
591 1320 669 1362 Cn.
686 1322 846 1362 Baebio
867 1322 1128 1376 proconsule,
1156 1322 1226 1374 qui
1239 1322 1351 1362 Pisis
1373 1322 1510 1362 hiber-

150 1384 289 1432 nabat,
315 1383 452 1424 iussus
479 1392 645 1438 praetor
670 1391 792 1437 atquc
818 1383 914 1424 inde
938 1385 982 1424 in
1009 1382 1246 1424 Sardiniam
1273 1384 1456 1424 traicere.

236 1445 289 1486 L.
315 1445 506 1486 Duronio
537 1445 736 1500 praetori,
770 1445 834 1485 eui
866 1445 1080 1500 provincia
1110 1445 1267 1500 Apulia
1300 1453 1507 1494 evenerat,

153 1507 313 1548 adiecta
334 1508 383 1547 de
397 1507 731 1548 Bacchanalibus
753 1507 940 1560 quaestio
962 1516 1036 1555 est,
1064 1508 1179 1548 cuius
1200 1507 1365 1548 residua
1385 1522 1509 1560 quae-

153 1570 249 1609 dam
286 1569 399 1609 velut
431 1569 590 1609 semina
623 1584 673 1609 cx
711 1569 916 1624 prioribus
953 1569 1072 1610 malis
1110 1569 1192 1609 iam
1229 1570 1364 1624 priore
1402 1585 1509 1610 anno

154 1631 450 1686 adparuerantg
479 1631 552 1671 sed
577 1631 711 1685 magis
737 1631 955 1671 inchoatae
980 1631 1092 1685 apud
1116 1631 1169 1671 L.
1184 1631 1366 1685 Pupium
1391 1646 1510 1685 prae-

154 1700 284 1733 torem
306 1693 570 1745 quaestiones
593 1700 708 1733 crant
730 1707 854 1745 quam
874 1693 926 1733 ad
946 1693 1101 1733 exitum
1121 1693 1250 1733 ullum
1272 1693 1507 1747 perductae.

154 1755 196 1794 id
220 1769 436 1809 persecare
462 1770 615 1795 novum
640 1762 886 1809 praetorem,
912 1770 964 1795 ne
991 1762 1174 1809 serperet
1200 1755 1348 1795 iterum
1372 1754 1509 1804 latius,

154 1824 293 1872 patres
319 1817 542 1858 iusserunt.
592 1824 633 1857 ct
656 1818 793 1871 legem
819 1818 869 1858 dc
899 1818 1055 1858 ambitu
1076 1818 1267 1859 consules
1295 1832 1346 1858 ex
1371 1824 1511 1858 aucto-

154 1878 274 1919 ritate
302 1886 470 1919 senatus
497 1879 551 1918 ad
576 1879 775 1934 populum
802 1880 995 1920 tulerunt.

239 1939 349 1981 XX.
401 1941 659 1995 Legationes
692 1942 840 1982 deinde
876 1943 919 1982 in
955 1949 1144 1982 senatum
1181 1941 1509 1991 introduxerunt,

154 2017 301 2057 regum
326 2003 480 2057 primas
496 2004 699 2044 Eumenis
726 2011 766 2044 et
785 2004 1022 2044 Ariarathis
1040 2002 1304 2058 Cappadocis
1326 2011 1363 2044 et
1379 2004 1512 2044 Phar-

155 2065 270 2105 nacis
285 2065 461 2105 Pontici.
499 2080 576 2106 nec
595 2066 700 2106 ultra
715 2066 933 2119 quicquam
956 2066 1014 2107 eis
1033 2081 1282 2120 responsum
1304 2073 1367 2106 est
1387 2080 1511 2119 quam

156 2126 356 2167 missuros
384 2127 453 2179 qui
479 2127 529 2168 de
550 2128 842 2169 controversiis
869 2143 1011 2169 eorum
1032 2136 1331 2182 cognoscerent
1357 2136 1512 2169 statue-

156 2196 343 2241 rentque.
392 2189 825 2231 Lacedaemoniorum
856 2190 1003 2231 deinde
1037 2191 1228 2231 exsulum
1254 2200 1294 2231 et
1318 2190 1512 2231 Achaeo-

156 2265 249 2291 rum
284 2250 411 2304 legati
445 2251 667 2292 introducti
705 2259 812 2292 sunt.
874 2260 914 2292 et
947 2267 1042 2307 spes
1077 2253 1175 2293 data
1206 2252 1418 2293 exsulibus
1450 2260 1514 2293 est

159 2312 408 2366 scripturum
441 2320 631 2353 senatum
662 2313 866 2362 Achaeis,
904 2320 949 2354 ut
978 2314 1312 2363 restituerentur3
1350 2314 1514 2354 Achaei

158 2374 209 2414 de
222 2374 421 2414 BIessene
447 2381 614 2428 recepta
635 2375 957 2429 compositisque
983 2375 1041 2415 ibi
1064 2376 1187 2416 rebus
1211 2390 1305 2416 cum
1331 2375 1513 2416 adsensu

158 2444 322 2490 patrum
348 2444 641 2491 exposuerunt.
680 2445 720 2477 et
746 2452 769 2476 a
787 2437 983 2492 Philippo
1008 2452 1107 2491 rege
1127 2438 1410 2478 Macedonum
1431 2438 1513 2479 duo

157 2497 283 2552 legati
309 2506 524 2547 venerunt,
544 2498 756 2539 Philocles
783 2505 823 2539 ct
842 2499 1029 2552 Apelles,
1056 2500 1168 2540 nulla
1194 2514 1317 2554 super
1341 2515 1386 2540 re
1407 2515 1512 2553 quae

157 2560 336 2614 petenda
355 2561 406 2601 ab
427 2568 574 2601 senatu
594 2568 724 2610 esset;
752 2561 1010 2614 speculatum
1032 2562 1165 2616 magis
1187 2561 1512 2615 inquisitumque

157 2620 275 2662 missi
312 2622 362 2663 de
404 2621 454 2663 iis
493 2636 666 2676 quorum
703 2622 886 2664 Perseus
924 2623 1184 2664 Demetrium
1231 2623 1511 2666 insimulasset

1535 1458 1552 1487 9

1538 1645 1551 1672 1
1558 1645 1577 1671 (1

1539 1831 1572 1859 11

1537 2204 1555 2233 10

1539 2451 1557 2480 02
