1799 2900
509 198 663 233 LmER
688 199 837 243 xxxi,
864 199 917 233 50.
947 200 994 242 [a.
1011 196 1147 241 0200]
1448 186 1504 227 45

153 305 332 360 quinque
371 310 412 344 et
447 302 593 357 viginti
628 310 878 357 pugnarunt.
937 302 1000 343 M.
1037 300 1235 342 Aurelius
1274 299 1400 341 Cotta
1436 298 1507 339 de-

154 361 308 403 cemvir
345 374 555 401 sacrorum
592 368 800 408 mortuus3
848 358 890 398 in
927 358 1014 399 eius
1057 358 1194 399 locum
1229 356 1306 397 M’.
1345 355 1506 396 Acilius

154 422 326 465 Glabrio
353 422 568 463 suffectus.

1532 312 1551 341 5

238 484 430 526 Comitiis
463 483 617 525 aediles
651 483 812 524 curules
848 482 974 523 creati
1006 488 1102 523 sunt
1127 482 1232 523 forte
1259 481 1401 530 ambo,
1439 481 1507 534 qui
1534 497 1551 526 6

153 547 292 588 statim
328 546 516 601 occipere
553 545 842 600 magistratum
880 560 963 585 non
999 551 1185 599 possent.
1245 559 1343 583 nam
1375 542 1506 583 Gaius

154 608 373 650 Cornelius
402 607 617 663 Cethegus
645 608 795 648 absens
823 616 983 647 creatus
1010 613 1110 655 erat,
1138 620 1231 646 cum
1256 604 1508 660 Hispaniam

152 671 357 726 optineret
385 670 660 725 provinciam3
711 668 761 710 C.
787 669 980 711 Valerius
1006 669 1202 717 Flaccus,
1242 682 1366 721 quem
1389 682 1509 723 prac-

154 742 313 774 sentem
350 740 610 781 creaverant,
654 731 750 784 quia
785 731 936 771 flamen
971 730 1107 771 Dialis
1145 736 1250 778 erat,
1299 729 1433 769 iurare
1468 728 1511 768 in

151 796 267 850 leges
293 810 376 836 non
401 802 576 849 poterat,
601 794 893 849 magistratum
918 801 1056 833 autem
1080 792 1174 847 plus
1201 791 1381 845 quinque
1407 790 1508 839 dies,

152 857 233 897 nisi
266 857 335 910 qui
371 857 549 897 iurasset
584 855 626 896 in
662 856 795 910 legeS‚
833 870 916 895 non
946 854 1097 895 licebat
1128 868 1284 908 gerere.
1344 859 1510 908 petente

151 918 324 968 Flacco,
361 925 407 958 ut
442 917 604 972 legibus
643 917 889 966 solveretur,
935 923 1102 957 senatus
1141 915 1340 963 decrevit,
1377 922 1438 963 ut,
1478 913 1512 954 si

154 981 297 1021 aedilis
325 980 394 1034 qui
418 996 493 1035 pro
520 995 564 1021 se
589 980 742 1020 iuraret
767 979 966 1019 arbitratu
998 978 1215 1019 consulum
1241 978 1376 1026 daret,
1415 991 1512 1017 con-

155 1043 280 1091 sules,
308 1043 343 1083 si
367 1042 416 1083 iis
444 1042 664 1090 videretur,
691 1055 785 1081 cum
810 1040 986 1081 tribunis
1006 1039 1140 1094 plebis
1163 1046 1346 1094 agerent,
1372 1039 1431 1079 uti
1458 1039 1511 1079 ad

153 1105 317 1160 plebem
343 1105 510 1145 ferrent.
572 1104 691 1144 datus
719 1103 789 1156 qui
813 1103 965 1142 iuraret
991 1117 1064 1156 pro
1091 1102 1217 1142 fratre
1242 1101 1296 1141 L.
1316 1102 1510 1143 Valerius

151 1167 342 1215 Flaccus,
367 1173 534 1221 praetor
559 1166 814 1220 designatus.
869 1163 1022 1204 tribuni
1048 1163 1101 1203 ad
1125 1163 1291 1218 plebem
1316 1164 1509 1207 tulerunt.

152 1229 379 1283 plebesque
424 1227 562 1276 seivit,
610 1236 655 1267 ut
697 1226 868 1282 perinde
912 1232 1023 1266 esset
1065 1239 1112 1265 ac
1156 1224 1190 1265 si
1232 1224 1322 1279 ipse
1366 1225 1509 1265 aedilis

152 1290 341 1330 iurasset.
402 1297 443 1330 et
479 1289 529 1330 de
567 1289 694 1330 altero
732 1288 863 1329 aedile
909 1287 1056 1327 scitum
1092 1286 1204 1341 plebi
1241 1294 1305 1327 est
1340 1286 1509 1327 factum.

151 1351 393 1406 rogantibus
420 1351 609 1399 tribunis,
637 1365 740 1404 quos
762 1350 865 1391 duos
886 1350 927 1390 in
942 1349 1192 1404 Hispaniam
1219 1362 1313 1388 cum
1337 1348 1510 1403 imperio

153 1414 206 1454 ad
231 1414 432 1455 exereitus
458 1414 517 1455 ire
541 1413 750 1459 iuberent,
787 1421 832 1453 ut
858 1411 908 1453 C.
936 1410 1155 1453 Cornelius
1189 1411 1332 1452 aedilis
1360 1411 1511 1451 curulis

154 1476 206 1516 ad
231 1476 522 1531 magistratum
548 1476 776 1531 gerendum
802 1474 960 1516 veniret
980 1481 1019 1514 et
1037 1474 1091 1514 L.
1106 1473 1291 1513 Manlius
1306 1473 1510 1514 Acidinus

154 1538 372 1579 decederet
411 1539 461 1580 de
496 1538 710 1594 provincia
745 1538 897 1579 multos
934 1543 1030 1591 post
1065 1551 1215 1584 annos,
1252 1535 1396 1589 plebes
1432 1535 1510 1577 Cn.

156 1598 351 1641 Cornelio
367 1600 548 1641 Lentulo
570 1607 608 1641 et
627 1600 682 1640 L.
699 1598 897 1640 Stertinio
923 1614 997 1653 pro
1024 1597 1262 1640 consulibus
1289 1597 1508 1653 imperium

155 1676 247 1702 esse
273 1661 314 1701 in
339 1661 548 1717 Hispania
572 1661 705 1702 iussit.

468 1847 780 1899 [PERIOCHA
809 1849 962 1887 LIBRI
991 1845 1194 1897 XXXII]

226 1956 434 2002 [Conplura
448 1957 621 2002 prodigia
641 1969 685 1992 ex
700 1957 854 1991 diversis
868 1956 1088 2001 regionibus
1103 1955 1274 1989 nuntiata
1287 1954 1510 1998 referuntur,

155 2009 252 2042 inter
278 2020 392 2053 quae,
416 2008 454 2042 in
481 2008 706 2042 Macedonia
731 2008 768 2041 in
792 2018 918 2053 puppe
944 2008 1080 2051 longae
1106 2006 1210 2040 navis
1236 2007 1402 2040 lauream
1429 2017 1511 2040 esse

156 2063 292 2094 natam.
303 2058 547 2099 T.Quinetius
556 2058 783 2092 Flamininus
795 2058 925 2092 consul
939 2059 1117 2092 adversus
1128 2056 1337 2101 Philippum
1352 2055 1512 2090 feliciter

157 2110 337 2154 pugnavit
351 2109 389 2143 in
403 2109 576 2144 faucibus
592 2109 694 2154 Epiri
715 2108 962 2154 fugatumque
985 2108 1111 2152 coegit
1130 2108 1166 2140 in
1186 2118 1343 2151 regnum
1362 2107 1510 2141 reverti.

157 2161 236 2205 ipse
263 2160 515 2203 Thessaliam,
544 2171 638 2205 quae
665 2164 722 2194 est
747 2159 870 2193 vicina
889 2159 1152 2200 Macedoniae,
1179 2157 1290 2191 sociis
1310 2157 1455 2191 Aetolis
1476 2160 1512 2191 et

157 2211 430 2245 Athamanibus
444 2212 603 2255 vexavit,
628 2211 673 2245 L.
685 2211 882 2252 Quinctius
893 2210 1122 2244 Flamininus
1138 2209 1255 2243 frater
1270 2209 1434 2242 consulis
1448 2219 1511 2242 na-

157 2262 233 2296 vali
263 2262 406 2306 proelio
432 2262 561 2297 Attalo
587 2273 675 2307 rege
708 2266 745 2297 et
769 2262 926 2296 Rhodiis
958 2261 1221 2296 adiuvantibus
1253 2260 1445 2294 Euboeam
1475 2264 1513 2294 et

158 2313 378 2347 maritimam
400 2325 512 2347 oram.
560 2313 702 2348 Achaei
721 2314 759 2347 in
776 2314 973 2348 amicitiam
993 2313 1134 2358 recepti
1156 2317 1251 2346 sunt.
1299 2317 1511 2357 praetorum

158 2375 335 2398 numerus
356 2364 554 2408 ampliatus
571 2369 638 2407 est,
664 2369 705 2398 ut
725 2364 804 2399 seni
826 2368 1050 2398 crearentur.
1101 2363 1305 2397 coniuratio
1322 2373 1511 2396 servorum

158 2415 261 2449 facta
282 2415 326 2448 de
348 2414 536 2448 solvendis
553 2414 915 2459 Carthaginiensium
931 2414 1125 2448 obsidibus
1153 2424 1329 2459 oppressa
1349 2417 1418 2456 est,
1439 2413 1511 2446 duo

158 2466 259 2500 milia
280 2466 473 2511 quingenti
498 2466 631 2500 necati.
680 2466 874 2500 Cornelius
890 2463 1078 2510 Cethegus
1101 2465 1233 2499 consul
1254 2464 1385 2499 Gallos
1405 2464 1511 2497 Insu-

158 2517 244 2551 bres
259 2517 400 2562 proelio
415 2516 523 2551 fudit.
573 2528 654 2551 eum
667 2516 978 2551 Lacedaemoniis
993 2521 1029 2551 et
1048 2521 1206 2561 tyranno
1216 2526 1348 2557 ,eorum
1363 2514 1509 2549 Nabide

160 2566 321 2601 amicitia
335 2567 460 2602 iuncta
469 2571 535 2602 est.
561 2572 757 2612 praeterea
770 2567 1066 2612 expugnationes
1080 2567 1226 2601 urbium
1240 2565 1278 2600 in
1286 2564 1510 2600 Macedonia

159 2617 397 2661 referuntur]

1536 683 1552 692 ‚-

1539 695 1546 711 l

1535 867 1554 896 8

1540 1301 1579 1330 10

1540 1488 1576 1516 11
