1799 2900
236 120 320 160 401
487 126 639 160 LIBER
664 125 907 170 XXXVIIII,
935 126 988 161 35.
1010 126 1062 161 36.
1093 127 1332 172 [a.u.e.570]

192 246 210 273 4
236 232 452 272 facturum.
513 228 676 269 interim
700 243 774 283 per
799 228 981 283 speciem
1007 230 1146 271 auxilii
1171 231 1387 285 Byzantiis
1420 231 1592 281 ferendi,

191 1051 206 1079 —1

187 1674 205 1703 [ὑ

186 2232 204 2259 ὀ

187 2418 203 2444 ὅ

188 2537 204 2567 7

234 309 277 334 re
314 293 405 346 ipsa
443 291 495 332 ad
537 298 735 332 terrorem
769 291 924 345 regulis
961 291 1173 333 Thracum
1213 294 1465 334 iniciendum
1500 309 1595 349 pro-

237 356 389 403 fectus,
426 353 628 409 perculsis
659 353 709 393 iis
743 368 824 394 uno
854 354 1010 408 proelio
1036 362 1076 395 et
1100 356 1317 397 Amadoco
1344 357 1446 397 duce
1473 365 1594 411 capto

234 416 276 456 in
301 415 596 457 Macedoniam
627 415 764 463 rediit,
802 415 941 455 missis
974 416 1027 456 ad
1058 417 1222 457 adcolas
1249 418 1382 458 Histri
1408 418 1592 459 fluminis

234 479 453 527 barbaros,
479 485 522 517 ut
549 477 590 516 in
617 476 781 517 Italiam
806 476 1105 531 inrumperent,
1133 479 1428 520 sollicitandos

320 541 377 580 Et
406 540 450 580 in
473 539 766 593 Peloponneso
799 539 1002 579 adventus
1034 539 1265 593 legatorum
1295 541 1592 590 Romanorum,

236 602 304 655 qui
330 616 381 642 cx
406 600 658 642 Elacedonia
683 600 725 640 in
750 600 957 640 Achaiam
988 600 1046 641 ire
1078 601 1179 642 iussi
1205 611 1339 651 erant,
1377 611 1593 657 exspecta-

235 665 373 712 batur3
424 663 625 704 adversus
663 677 766 715 quos
804 670 850 702 ut
886 671 1131 717 praeparata
1175 663 1345 704 consilia
1383 663 1594 713 haberent,

235 726 441 780 Lycortas
468 736 632 781 praetor
653 724 873 766 concilium
891 725 1051 765 indixit.
1100 725 1157 766 ibi
1178 727 1227 766 de
1248 725 1593 766 Lacedaemoniis

235 797 390 829 actum:
429 803 480 829 ex
511 787 699 828 hostibus
733 801 803 827 eos
838 796 1098 828 accusatores
1131 788 1262 828 factos
1296 798 1335 828 ct
1366 787 1593 842 periculum

235 865 346 899 esse,
384 865 435 890 ne
464 849 560 890 victi
585 848 717 903 magis
745 848 917 888 timendi
947 848 1081 889 forent
1112 863 1235 902 quain
1260 849 1461 890 bellantes
1494 849 1596 890 fuis-

236 921 340 953 sent.
390 912 542 966 quippe
567 912 609 951 in
635 911 742 951 bello
765 910 885 951 sociis
901 910 1103 951 Romanis
1118 911 1314 951 Achaeos
1341 926 1459 960 usos;
1486 925 1595 951 nunc

235 974 404 1015 eosdem
423 974 637 1015 Romanos
666 973 880 1026 aequiores
896 972 1242 1013 Lacedaemoniis
1269 987 1392 1026 quam
1411 973 1594 1014 Achaeis

235 1052 346 1086 esse,
379 1037 449 1077 ubi
475 1037 613 1077 Areus
641 1036 764 1076 etiam
791 1043 829 1076 et
854 1035 1116 1084 Alcibiades,
1149 1036 1271 1076 ambo
1297 1035 1481 1084 exsules,
1520 1050 1594 1076 suo

235 1099 434 1139 beneficio
465 1099 662 1146 restituti,
700 1098 952 1152 legationem
983 1097 1163 1138 Romam
1197 1098 1395 1138 adversus
1427 1105 1593 1152 gentem

233 1161 499 1201 Achaeorum
536 1161 593 1200 ita
631 1160 680 1200 de
723 1159 824 1214 ipsis
863 1159 1051 1199 meritam
1090 1159 1371 1213 suscepissent
1408 1160 1593 1212 adeoque

232 1222 383 1263 infesta
409 1222 592 1263 oratione
619 1222 683 1262 usi
709 1228 867 1270 essent,
904 1228 947 1260 ut
974 1221 1083 1274 pulsi
1112 1221 1265 1276 patria,
1302 1237 1384 1262 non
1415 1222 1594 1262 restituti

233 1284 274 1324 in
305 1299 397 1325 eam
428 1285 677 1325 viderentur.
739 1284 892 1323 clamor
927 1284 1108 1336 undique
1140 1294 1273 1333 ortus,
1311 1284 1483 1325 referret
1520 1300 1594 1325 no-

232 1346 419 1387 minatim
445 1347 495 1387 de
520 1347 588 1395 iis3
627 1354 666 1387 et
693 1359 786 1385 cum
811 1345 950 1386 omnia
975 1345 1054 1393 ira,
1092 1360 1175 1386 non
1201 1346 1372 1387 consilio
1398 1360 1591 1399 gereren-

232 1418 315 1457 tur,
343 1409 488 1463 capitis
510 1407 693 1448 damnati
714 1415 822 1448 sunt.
870 1421 1025 1461 paucos
1046 1416 1142 1461 post
1163 1407 1250 1447 dies
1264 1407 1445 1447 Romani
1464 1407 1591 1462 legati

232 1480 444 1512 venerunt.
505 1471 567 1511 his
596 1469 751 1512 Clitore
777 1470 819 1510 in
844 1469 1027 1509 Arcadia
1053 1469 1194 1509 datum
1220 1478 1283 1509 est
1308 1470 1539 1510 concilium.

311 1533 536 1575 XXXVI.
562 1532 815 1585 Priusquam
831 1538 1000 1586 agerent
1017 1531 1250 1584 quicquam,
1266 1539 1395 1572 terror
1408 1532 1591 1572 Achaeis

231 1595 408 1636 iniectus
436 1602 523 1635 erat
548 1603 588 1636 et
614 1594 827 1649 cogitatio,
855 1608 979 1647 quam
1004 1608 1087 1634 non
1114 1608 1165 1633 ex
1190 1608 1322 1647 aequo
1349 1594 1591 1648 disceptatio

232 1658 369 1698 :futura
406 1666 535 1706 esset,
575 1657 686 1710 quod
710 1657 871 1697 Areum
908 1663 948 1696 et
972 1655 1238 1696 Alcibiadem
1275 1655 1421 1710 capitis
1459 1656 1510 1696 ab
1548 1671 1592 1697 se

232 1720 405 1761 concilio
442 1719 630 1774 proximo
668 1719 886 1760 damnatos
932 1732 1026 1758 cum
1068 1717 1216 1772 legatis
1254 1718 1468 1767 videbant3
1517 1732 1593 1759 nec

231 1782 390 1822 hiscere
417 1783 634 1835 quisquam
661 1781 850 1822 audebat.
889 1779 1055 1834 Appius
1078 1795 1126 1820 ea
1147 1794 1251 1832 quae
1272 1781 1383 1834 apud
1404 1788 1591 1820 senatum

230 1845 367 1897 questi
403 1851 519 1884 erant
555 1842 881 1884 Lacedaemonii
927 1842 1145 1897 displicere
1189 1842 1350 1882 senatui
1393 1842 1591 1883 ostendit:

232 1907 401 1946 caedem
426 1906 605 1961 primum
631 1905 683 1945 ad
700 1902 972 1959 Compasium
998 1904 1151 1944 factam
1177 1919 1332 1952 eorum,
1360 1904 1428 1956 qui
1449 1919 1471 1944 a
1490 1904 1591 1944 Phi-

231 1968 473 2022 lopoemene
500 1968 553 2008 ad
578 1982 746 2007 causam
766 1966 984 2006 dicendam
1005 1965 1164 2006 evocati
1185 1965 1414 2013 venissen&
1442 1965 1591 2006 deinde

231 2045 327 2070 cum
351 2030 393 2070 in
419 2030 608 2071 homines
634 2029 691 2070 ita
718 2029 922 2070 saevitum
954 2035 1063 2068 esset
1095 2042 1171 2068 nec
1196 2028 1280 2068 ulla
1305 2036 1421 2082 parte
1447 2028 1592 2068 crude-

229 2094 322 2134 litas
361 2109 503 2135 eorum
540 2100 741 2140 cessaret,
785 2107 924 2132 muros
962 2090 1119 2131 dirutos
1156 2090 1269 2130 urbis
1308 2090 1590 2131 nobilissimae

230 2170 342 2204 esse,
368 2155 482 2209 leges
510 2153 814 2195 vetustissimas
842 2154 1063 2207 abrogatas
1089 2152 1367 2205 inclutamque
1393 2166 1466 2207 per
1491 2167 1591 2206 gen-

231 2226 291 2257 tes
318 2217 578 2271 disciplinam
604 2216 793 2270 Lycurgi
819 2216 1038 2257 sublatam.
1093 2215 1196 2255 haec
1222 2229 1315 2254 cum
1339 2214 1505 2268 Appius
1532 2214 1591 2254 di-

228 2278 378 2327 xisset,
411 2279 638 2333 Lycortas,
672 2286 710 2318 et
736 2277 832 2331 quia
856 2285 1020 2332 praetor
1046 2283 1086 2317 et
1117 2276 1211 2329 quia
1235 2276 1589 2330 Philopoemenis,

230 2341 407 2381 auctoris
434 2341 618 2381 omnium
644 2354 749 2393 quae
775 2340 1096 2379 Lacedaemone
1123 2347 1213 2378 acta
1239 2338 1419 2385 fuerant,
1447 2337 1591 2378 factio-

231 2402 292 2441 nis
314 2410 418 2450 erat,
444 2403 500 2443 ita
519 2402 754 2457 respondit:
782 2401 1009 2442 ‘difficilior
1027 2401 1161 2450 nobis,
1187 2401 1271 2455 Ap.
1289 2399 1453 2448 Claudi,
1481 2398 1591 2454 apud

236 2477 304 2503 vos
342 2463 472 2504 oratio
510 2472 571 2504 est
609 2478 734 2516 quam
770 2463 930 2503 Romae
968 2477 1100 2517 nuper
1131 2462 1241 2516 apud
1279 2470 1468 2502 senatum
1500 2460 1588 2500 fuit.

231 2531 328 2564 tunc
370 2526 478 2564 enim
514 2525 860 2565 Lacedaemoniis
910 2524 1200 2565 accusantibus
1249 2522 1585 2578 respondendum

233 2594 337 2634 erat3
362 2599 470 2625 nunc
497 2601 520 2626 a
545 2586 662 2627 vobis
689 2585 789 2639 ipsis
811 2586 991 2626 accusati
1013 2601 1176 2634 sumus,
1205 2585 1316 2639 apud
1336 2599 1438 2638 quos
1462 2597 1587 2623 causa
