1799 2900
235 579 247 607 1

231 704 248 733 ⁶2

231 953 250 981 ω

232 1326 250 1355 <51

232 1636 248 1664 *1

235 2322 249 2351 1

237 2505 254 2533 2

276 145 360 185 452
561 151 713 185 LIRER
739 151 901 195 xxxx,
929 151 1071 186 32--34.
1102 144 1150 195 [a.
1167 153 1343 197 u.e.573]

277 255 454 297 nominis
477 254 705 310 octingenti
732 254 914 309 triginta,
942 262 1205 296 externorum
1226 256 1484 297 auxiliarium
1506 256 1635 297 ferme

279 319 359 358 duo
391 317 502 357 milia
533 324 573 357 et
605 316 897 370 quadringenti
929 316 1177 358 ceciderunt.
1237 326 1402 373 praetor
1433 319 1474 359 in
1500 326 1636 359 castra.

277 381 475 420 victorem
502 379 727 420 exereitum
759 379 942 427 reduxit,
969 379 1131 419 Acilius
1158 395 1324 421 manere
1356 381 1397 421 in
1424 381 1555 435 captis
1583 382 1634 421 ab

276 457 319 481 se
347 442 491 482 eastris
523 441 676 481 iussus.
714 450 880 495 postero
907 441 973 481 die
1005 441 1137 495 spolia
1164 442 1214 482 de
1240 442 1429 483 hostibus
1462 443 1569 484 lecta
1595 451 1635 483 ct

275 519 349 558 pro
376 504 566 544 contione
593 503 731 544 donati
759 518 932 556 quorum
958 503 1134 557 insignis
1160 503 1290 544 virtus
1318 505 1464 546 fuerat.

361 566 591 607 XXXIII.
638 566 802 606 Saueiis
836 565 984 606 deinde
1018 566 1059 606 in
1090 566 1287 620 oppidum
1319 568 1533 608 Aeburam
1565 568 1635 608 de-

276 628 405 669 vectis
436 643 510 683 per
543 627 840 683 Carpetaniam
873 628 924 668 ad
952 626 1222 668 Contrebiam
1254 629 1401 669 ductae
1434 629 1633 684 legiones.

276 705 324 731 ea
349 690 447 730 urbs
472 690 749 731 circumsessa
775 705 868 730 cum
895 706 918 730 a
945 689 1166 731 Celtiberis
1200 691 1352 731 auxilia
1378 692 1634 741 accersisset,

276 752 534 793 morantibus
568 753 617 793 iis
644 768 727 793 non
754 752 850 805 quia
874 752 954 806 ipsi
980 752 1160 792 cunctati
1187 760 1294 801 sunt,
1323 753 1397 793 sed
1423 753 1518 806 quia
1543 769 1637 808 pro-

276 814 407 854 fectos
425 815 546 855 domo
569 814 881 869 inexplicabiles
898 814 1100 855 continuis
1122 814 1321 856 imbribus
1343 815 1433 855 viae
1449 823 1489 856 et
1508 815 1637 856 inflati

276 892 419 917 amnes
447 877 662 926 tenebant,
696 877 917 932 desperato
943 877 1096 917 auxilio
1124 893 1290 918 suorum
1317 878 1358 918 in
1385 878 1635 920 deditionem

276 939 400 979 venit.
437 939 614 979 Flaccus
642 954 806 992 quoque
833 939 1148 993 tempestatibus
1175 940 1308 980 foedis
1331 948 1497 981 coactus
1520 956 1637 982 exer-

277 1000 402 1040 citum
424 1016 588 1041 omnem
615 1001 656 1041 in
675 1001 820 1042 urbem
846 1001 1087 1041 introduxit.
1128 1000 1339 1050 Celtiberi,
1367 1002 1437 1054 qui
1462 1003 1636 1056 profecti

277 1070 391 1102 erant
411 1078 435 1103 a
457 1062 579 1103 domo
600 1062 821 1104 deditionis
842 1062 989 1117 ignari,
1016 1077 1108 1103 cum
1131 1064 1298 1103 tandem
1320 1064 1539 1118 superatis,
1566 1065 1636 1104 ubi

275 1125 453 1179 primum
485 1125 638 1166 imbres
670 1126 936 1174 remiserunt,
970 1125 1162 1166 amnibus
1197 1124 1467 1166 Contrebiam
1500 1126 1637 1167 venis-

277 1194 380 1235 sent,
407 1195 628 1241 postquam
655 1187 768 1227 nulla
794 1194 929 1228 castra
950 1196 1066 1228 extra
1086 1188 1250 1228 moenia
1276 1188 1479 1238 viderunt,
1506 1196 1576 1230 aut
1595 1189 1636 1230 in

276 1249 447 1289 alteram
478 1257 638 1303 partem
671 1249 872 1290 translata
902 1250 981 1290 rati
1012 1257 1083 1290 aut
1106 1250 1332 1292 recessisse
1364 1251 1526 1300 hostes,
1562 1267 1636 1306 per

276 1311 586 1365 neglegentiam
601 1312 723 1352 effusi
745 1312 796 1352 ad
812 1312 1011 1366 oppidum
1027 1321 1304 1354 accesserunt.
1331 1313 1371 1353 in
1388 1329 1458 1354 cos
1475 1314 1635 1354 duabus

275 1373 406 1427 portis
422 1373 601 1414 Romani
624 1374 883 1429 eruptionem
909 1375 1097 1415 fecerunt
1122 1384 1161 1415 et
1186 1375 1481 1430 incompositos
1504 1376 1637 1416 adorti

276 1435 485 1477 fuderunt.
518 1451 623 1489 quac
644 1451 710 1477 res
738 1436 790 1476 ad
815 1437 1093 1477 resistendum
1109 1452 1180 1477 cos
1203 1446 1242 1477 et
1263 1438 1314 1478 ad
1336 1439 1636 1492 capessendam

275 1512 458 1552 pugnam
485 1498 670 1552 inpediit,
697 1498 808 1551 quod
834 1513 916 1539 non
935 1514 1018 1539 uno
1039 1499 1205 1553 agmine
1231 1514 1307 1540 nec
1332 1500 1385 1539 ad
1411 1501 1531 1554 signa
1555 1501 1636 1540 fre-

277 1568 451 1612 quentes
479 1561 719 1610 veniebant,
752 1561 899 1602 eadem
924 1576 1102 1615 magnae
1133 1561 1241 1616 parti
1267 1562 1319 1602 ad
1344 1562 1488 1616 fugam
1515 1562 1636 1603 saluti

276 1622 371 1671 fuit3
411 1623 544 1677 sparsi
576 1623 686 1663 enim
718 1631 803 1663 toto
829 1623 987 1678 passim
1019 1638 1165 1678 campo
1198 1639 1242 1665 se
1274 1624 1528 1665 diffuderunt
1559 1639 1636 1666 nec

276 1699 453 1738 usquam
475 1685 683 1726 confertos
711 1701 782 1727 eos
809 1685 942 1726 hostis
964 1686 1246 1727 circumvenit.
1296 1694 1436 1728 tamen
1462 1687 1514 1727 ad
1535 1687 1637 1728 duo-

277 1748 409 1788 decim
431 1748 543 1787 milia
564 1756 659 1788 sunt
681 1762 815 1797 caesa,
835 1756 956 1802 capta
974 1748 1067 1802 plus
1084 1748 1264 1801 quinque
1279 1749 1390 1789 milia
1410 1749 1635 1797 hominum,

278 1809 370 1863 equi
386 1809 690 1864 quadringenti,
713 1810 832 1864 signa
851 1810 1043 1850 militaria
1064 1811 1281 1865 sexaginta
1295 1811 1388 1851 duo.
1422 1811 1490 1864 qui
1511 1811 1637 1866 palati

276 1887 297 1913 e
324 1872 425 1926 fuga
455 1872 626 1913 domum
658 1887 702 1912 se
734 1872 990 1927 recipiebant
1023 1872 1197 1913 alterum
1230 1888 1378 1927 agmen
1406 1872 1637 1914 Celtibero-

275 1948 366 1974 rum
397 1934 651 1974 venicntium
685 1934 938 1975 deditionem
971 1932 1222 1975 Contrebiae
1255 1942 1294 1975 et
1326 1950 1444 1974 suam
1476 1935 1634 1976 cladem

275 1996 482 2036 narrando
515 2004 766 2037 averterunt.
828 1996 1036 2051 extemplo
1063 1996 1105 2036 in
1136 1996 1249 2037 vicos
1276 1997 1528 2050 castellaque
1561 2013 1636 2038 sua

277 2073 420 2099 omnes
447 2058 609 2113 dilapsi.
657 2058 835 2099 Flaccus
863 2073 886 2098 a
913 2057 1140 2103 Contrebia
1166 2058 1377 2112 profectus
1404 2074 1478 2113 per
1506 2058 1635 2100 Celti—

276 2120 433 2161 beriam
459 2120 780 2174 populabundus
807 2120 920 2160 ducit
944 2120 1131 2173 legiones
1158 2120 1287 2160 multa
1314 2121 1484 2161 castella
1505 2122 1636 2176 obpu—

275 2183 460 2237 gnando,
488 2183 619 2223 donec
644 2182 826 2223 maxima
855 2198 951 2238 pars
979 2182 1286 2224 Celtiberorum
1316 2183 1358 2223 in
1384 2183 1633 2224 deditionem

276 2245 401 2285 venit.

360 2307 614 2348 XXXHH.
654 2308 774 2348 Haec
798 2307 840 2348 in
866 2307 1054 2348 citeriore
1069 2307 1278 2362 Hispania
1303 2322 1351 2349 eo
1372 2323 1480 2349 anno
1501 2315 1632 2363 gesta.

275 2369 318 2409 in
343 2369 536 2410 ulteriore
562 2369 748 2410 Manlius
779 2377 945 2424 praetor
971 2370 1154 2411 secunda
1180 2369 1335 2423 aliquot
1360 2369 1516 2424 proelia
1541 2384 1633 2410 cum

275 2431 493 2474 Lusitanis
520 2432 630 2473 fecit.

364 2494 559 2546 Aquileia
585 2495 747 2536 colonia,
772 2494 928 2535 Latina
952 2494 1099 2535 eodem
1124 2510 1232 2535 anno
1258 2494 1300 2535 in
1325 2509 1471 2549 agrum
1493 2493 1634 2535 Gallo-

276 2569 369 2594 rum
393 2564 455 2595 est
481 2556 670 2597 deducta.
709 2556 787 2598 tria
811 2557 926 2597 milia
948 2557 1134 2612 peditum
1162 2556 1452 2611 quinquagena
1477 2556 1632 2609 iugera,

280 2616 539 2658 centuriones
573 2626 765 2668 centena,
798 2626 973 2659 centena
1004 2619 1297 2673 quinquagena
1328 2618 1485 2671 equites
1518 2630 1633 2657 acce-
