1799 2900
219 946 234 974 *J

196 1440 233 1470 10

209 2059 226 2087 [ὑ

210 2428 226 2438 n

209 2442 227 2456 ι)

270 78 352 120 396
528 85 683 120 LIBER
709 86 950 131 XXXVIIII,
977 88 1031 122 27.
1051 88 1104 123 28.
1134 91 1182 132 [a.
1196 100 1230 123 u.
1247 100 1276 123 e.
1291 89 1373 133 569]

267 190 394 238 bello,
432 189 543 242 quod
577 189 776 230 adversus
801 189 1042 245 Philippum
1075 192 1209 246 ipsum
1241 192 1415 247 gesserit
1447 193 1625 249 populus

268 252 502 299 Romanus,
541 251 606 291 vel
633 251 738 299 suis,
771 252 840 304 qui
866 252 1064 293 Antiochi
1090 254 1198 294 bello
1223 262 1332 295 terra
1357 255 1541 308 marique
1567 255 1626 297 la-

269 313 435 353 boribus
473 312 749 367 periculisque
793 314 983 355 omnibus
1026 315 1269 356 interfuerit.
1342 316 1493 357 habere
1531 332 1622 358 eum

266 381 478 428 praeterea
504 375 647 414 decem
672 374 901 428 legatorum
928 376 969 416 in
995 391 1085 417 eam
1110 392 1196 418 rem
1218 379 1529 432 praeiudicium,
1555 379 1622 433 qui

267 450 359 475 eum
387 434 699 476 Chersonesum
724 436 1120 491 Lysimachiamque
1147 440 1352 489 dederint,
1378 441 1623 482 Maroneam

266 512 430 550 quoque
468 506 590 551 atque
616 499 785 538 Aenum
816 499 1002 553 profecto
1033 500 1217 550 dedisse,
1262 516 1366 554 quae
1403 503 1494 557 ipsa
1529 517 1624 557 pro-

264 559 492 614 pinquitate
517 560 698 614 regionis
725 561 835 600 velut
868 561 1119 615 adpendices
1152 563 1318 603 maioris
1351 565 1532 605 muneris
1559 580 1624 606 es-

266 630 370 661 sent..
419 636 515 660 nam
528 621 771 676 Philippum
797 622 963 675 quidem
989 637 1069 676 quo
1096 632 1165 664 aut
1186 625 1332 665 merito
1358 625 1399 664 in
1424 626 1623 680 populum

263 683 501 723 Romanum
538 691 607 724 aut
644 684 729 724 iure
767 684 946 738 imperii,
993 700 1087 725 cum
1123 694 1205 726 tam
1243 687 1387 740 procul
1419 702 1441 727 a
1471 688 1622 728 finibus

262 744 538 786 Macedoniae
570 745 724 794 absint,
764 746 1000 787 civitatibus
1032 747 1095 788 his
1126 749 1333 802 praesidia
1363 749 1623 804 inposuisse?

264 807 400 847 vocari
427 807 658 848 Maronitas
684 807 891 858 iuberent3
919 810 970 849 ab
996 809 1045 850 iis
1073 810 1246 851 certiora
1273 810 1411 851 omnia
1436 811 1486 852 de
1513 818 1622 852 statu

263 869 491 910 civitatium
518 884 658 910 earum
685 870 873 911 scituros.

345 931 816 985 LegatiMaronitarum
842 934 975 974 vocati
1001 949 1083 974 non
1108 949 1190 975 uno
1216 934 1308 975 loeo
1329 942 1487 975 tantum
1507 936 1620 976 urbis

261 994 513 1048 praesidium
543 994 704 1049 regium
737 1010 847 1044 esse,
888 996 993 1036 sieut
1024 996 1065 1036 in
1097 996 1186 1037 aliis
1214 996 1469 1046 civitatibus,
1508 997 1621 1038 dixe-

260 1063 373 1104 runt,
413 1056 486 1096 sed
510 1057 697 1111 pluribus
733 1057 873 1107 simul,
913 1066 952 1099 et
982 1058 1147 1113 plenam
1173 1059 1454 1099 M'acedonum
1478 1059 1621 1101 Maro-

260 1133 382 1158 neam
409 1133 515 1159 esse.
551 1118 690 1172 itaque
716 1119 917 1160 dominari
942 1121 1228 1162 adsentatores
1254 1122 1410 1175 regios3
1437 1121 1500 1162 his
1522 1122 1618 1162 solis

259 1179 371 1232 loqui
396 1187 436 1221 et
460 1181 501 1219 in
529 1188 673 1220 senatu
700 1188 740 1221 et
764 1181 805 1221 in
832 1182 1090 1223 contionibus
1117 1182 1258 1232 licere,
1286 1199 1356 1223 eos
1382 1199 1525 1224 omnes
1547 1183 1619 1224 ho-

259 1256 381 1282 nores
414 1250 454 1282 et
488 1256 634 1297 capere
667 1242 780 1297 ipsos
813 1251 851 1283 et
884 1244 981 1283 dare
1007 1244 1111 1284 aliis.
1173 1245 1372 1299 optimum
1399 1260 1616 1298 quemque,

260 1303 409 1356 quibus
446 1303 668 1353 libertatis,
706 1305 855 1357 quibus
894 1304 1034 1359 legum
1072 1320 1167 1346 cura
1206 1307 1277 1353 sit,
1322 1314 1391 1347 aut
1428 1308 1617 1348 exsulare

258 1365 400 1420 pulsos
438 1365 572 1420 patria
609 1374 678 1406 aut
713 1366 981 1407 inhonoratos
1019 1376 1059 1408 et
1101 1368 1370 1409 deterioribus
1415 1369 1616 1410 obnoxios

260 1427 392 1468 silere.
436 1427 487 1467 de
511 1427 599 1468 iure
625 1427 749 1468 etiam
773 1428 917 1468 finium
935 1444 1067 1483 pauca
1088 1430 1344 1470 adiecerunt:
1372 1430 1424 1481 Q
1437 1431 1616 1471 Fabium

257 1488 519 1537 Labeonem,
559 1503 652 1528 eum
688 1489 730 1529 in
766 1490 935 1544 regione
974 1505 1023 1530 ea
1053 1490 1220 1537 fuisset,
1261 1491 1461 1532 direxisse
1492 1492 1615 1532 finem

255 1548 451 1604 Philippo
478 1557 660 1590 veterem
693 1551 802 1591 viam
826 1551 1003 1606 regiam,
1043 1567 1147 1605 quae
1181 1553 1233 1592 ad
1259 1552 1461 1594 Thraciae
1486 1553 1617 1595 Paro-

255 1611 384 1651 reiam
411 1612 574 1660 subeat,
601 1627 807 1666 nusquam
833 1613 885 1654 ad
909 1628 1022 1654 mare
1049 1614 1342 1663 declinantem3
1373 1614 1615 1671 Philippum

255 1688 407 1714 novam
442 1682 590 1728 postea
626 1674 847 1716 deflexisse
878 1676 1006 1726 viam,
1045 1690 1126 1729 qua
1156 1676 1461 1718 Maronitarum
1491 1678 1614 1718 urbes

257 1750 463 1789 agrosque
488 1736 773 1791 amplectatur.

339 1797 562 1840 XXVIII.
611 1799 684 1839 Ad
709 1814 756 1839 ea
775 1799 996 1854 Philippus
1021 1799 1145 1855 longe
1171 1800 1292 1840 aliam
1320 1815 1443 1853 quam
1468 1800 1614 1841 adver-

255 1874 325 1900 sus
352 1859 580 1901 Thessalos
605 1860 949 1914 Perrhaebosque
981 1877 1111 1916 nuper
1142 1862 1355 1916 ingressus
1382 1862 1611 1902 disserendi

255 1921 362 1962 viam
391 1926 491 1962 ‘non
517 1936 610 1962 cum
634 1922 875 1964 Maronitis'
903 1923 1033 1976 inquit
1066 1924 1183 1963 ‘mihi
1209 1931 1280 1964 aut
1311 1931 1381 1964 aut
1405 1937 1499 1964 cum
1523 1924 1612 1964 Eu-

253 1998 373 2024 mene
400 1984 644 2039 disceptatio
671 1992 752 2034 est,
786 1985 859 2026 sed
884 1985 966 2025 iam
991 1985 1225 2034 vobiscum,
1251 1986 1449 2034 Romani,
1475 2001 1499 2026 a
1524 1986 1612 2038 qui—

253 2045 330 2085 bus
357 2045 458 2086 nihil
483 2046 603 2099 aequi
628 2062 693 2088 me
718 2047 938 2101 impetrare
963 2047 1045 2087 iam
1072 2047 1141 2087 diu
1167 2048 1464 2088 animadverto.
1514 2047 1612 2087 eivi-

254 2115 358 2148 tates
391 2108 691 2158 Macedonum,
730 2123 834 2162 quae
867 2125 888 2149 a
919 2124 986 2149 me
1016 2109 1122 2150 inter
1152 2110 1332 2150 indutias
1360 2110 1609 2159 defecerant,

252 2170 369 2210 reddi
394 2170 494 2210 mihi
520 2186 696 2224 aequum
727 2172 968 2221 censebam,
1005 2187 1088 2212 non
1120 2172 1215 2224 quia
1245 2187 1400 2226 magna
1428 2171 1611 2213 accessio

253 2245 302 2271 ea
325 2231 442 2285 regni
468 2232 605 2273 sutura
632 2240 743 2275 esset
765 2257 823 2261 —
847 2241 942 2274 sunt
968 2233 1077 2273 enim
1103 2241 1142 2273 et
1172 2248 1300 2287 parva
1327 2233 1478 2288 oppida
1504 2241 1543 2274 et
1567 2233 1608 2273 in

252 2293 402 2334 finibus
429 2295 623 2335 extremis
649 2295 872 2350 posita—‚
911 2296 985 2336 sed
1016 2296 1111 2349 quia
1142 2296 1317 2336 multum
1347 2296 1401 2336 ad
1428 2296 1608 2348 reliquos

252 2355 510 2397 Macedonas
537 2357 807 2398 continendos
841 2358 1075 2413 exemplum
1106 2358 1351 2412 pertinebat.
1411 2366 1606 2412 negatum

253 2424 315 2456 est
352 2417 465 2458 mihi.
535 2419 644 2460 bello
675 2420 867 2460 Aetolico
900 2420 1093 2460 Lamiam
1131 2421 1371 2474 obpugnare
1408 2420 1546 2460 iussus
1585 2434 1608 2458 a

253 2480 420 2520 consule
451 2481 526 2521 Μ’.
553 2482 690 2523 Acilio
723 2497 816 2522 cum
847 2482 916 2522 diu
947 2483 1145 2537 fatigatus
1176 2482 1233 2523 ibi
1265 2483 1458 2537 operibus
1488 2496 1608 2536 proe—

253 2539 399 2592 liisque
437 2557 590 2592 essem,
637 2544 997 2584 transcendentem
1033 2560 1098 2585 me
1134 2544 1216 2584 iam
1251 2558 1390 2585 muros
1429 2559 1452 2583 a
1488 2548 1605 2598 capta
