1799 2900
237 107 317 148 114
517 114 670 149 LIBER
696 113 881 156 XXXIII,
907 113 960 147 37.
981 113 1034 147 38.
1065 115 1113 157 [a.
1127 125 1160 148 u.
1179 125 1207 148 c.
1222 114 1304 158 558]

234 220 401 260 Laevos
423 217 668 269 Libuosque
690 229 783 256 cum
802 225 1127 270 pervastassent,
1154 217 1374 259 redeuntes
1400 218 1495 259 inde
1516 233 1589 274 per

233 280 440 334 Ligurum
473 286 680 319 extremos
713 278 816 318 fines
855 291 949 318 cum
986 279 1140 332 agresti
1175 280 1330 333 praeda
1366 280 1406 321 in
1438 296 1589 334 agmen

189 358 204 386 7
232 342 417 382 incidunt
448 341 700 381 Romanuin.
770 340 973 394 proelium
1011 341 1183 381 celerius
1222 342 1439 395 acriusque
1477 357 1588 383 eom-

232 404 404 444 missum
431 417 554 455 quam
580 402 614 442 si
641 410 825 456 tempore
856 402 1030 456 locoque
1057 403 1108 443 ad
1134 412 1342 444 certamen
1368 405 1587 454 destinato,

185 480 204 508 ὅ
230 464 485 520 praeparatis
518 463 664 504 animis
698 463 1016 505 concurrissent.
1088 465 1144 505 ibi
1183 476 1377 518 quantam
1415 467 1499 507 vini
1535 467 1588 507 ad

231 525 503 566 stimulandos
531 525 689 566 animos
716 525 776 565 ira
803 525 971 566 haberet
997 526 1206 581 adparuit3
1245 542 1341 567 nam
1366 527 1422 568 ita
1448 528 1586 569 caedis

229 588 362 641 magis
397 602 521 640 quam
559 587 755 628 victoriae
787 587 897 627 avidi
934 596 1171 642 pugnarunt
1202 588 1400 638 Romani,
1437 598 1482 630 ut
1518 589 1587 629 vix

185 663 202 692 9
230 649 421 689 nuntium
458 648 587 689 cladis
626 649 735 690 hosti
773 648 1065 701 relinquerent.
1138 650 1191 689 ob
1229 650 1303 690 has
1342 666 1406 691 res
1445 660 1586 705 gestas

230 711 447 751 consulum
483 711 631 751 litteris
662 710 840 752 Romam
873 711 1020 751 adlatis
1055 711 1300 765 supplicatio
1331 712 1373 751 in
1406 713 1588 752 triduum

230 773 395 813 decreta
427 782 501 813 est.
564 772 679 829 brevi
709 779 805 827 post
829 772 1056 813 BIarcellus
1090 773 1234 812 consul
1264 773 1444 813 Romam
1475 773 1588 814 venit

228 834 542 889 triumphusque
581 834 618 875 ei
654 849 807 888 magno
844 848 1050 874 consensu
1086 842 1251 888 patrum
1282 843 1345 875 est
1382 835 1585 875 decretus.

165 909 204 939 10
230 896 497 951 triumphavit
523 896 565 936 in
597 897 843 950 magistratu
869 896 919 936 de
940 896 1185 936 Insubribus
1210 895 1585 949 Comensibusque.

227 958 429 999 Boiorum
455 958 653 1013 triumphi
681 973 798 1013 spem
824 958 1009 1012 collegae
1040 958 1223 1011 reliquit,
1256 957 1352 1011 quia
1381 958 1461 1012 ipsi
1491 973 1587 1012 pro-

227 1021 315 1076 prie
335 1021 513 1061 adversa
537 1036 678 1076 pugna
703 1021 745 1061 in
767 1036 815 1061 ea
835 1029 959 1075 gente
986 1028 1193 1069 evenerat,
1221 1035 1314 1060 cum
1337 1020 1497 1075 collega
1523 1035 1587 1061 se-

166 1096 201 1124 11
231 1083 377 1123 cunda.
439 1083 568 1123 inulta
595 1082 727 1137 spolia
752 1082 934 1123 hostium
959 1082 1133 1137 captivis
1155 1082 1360 1137 carpentis
1388 1090 1585 1131 travecta,

227 1144 357 1184 inulta
386 1144 581 1184 militaria
614 1143 751 1198 signa3
790 1144 896 1184 aeris
934 1144 1017 1184 lata
1056 1153 1239 1184 trecenta
1278 1143 1422 1198 viginti
1458 1143 1584 1191 milia,

164 1218 202 1248 1-2
230 1205 391 1259 argenti
416 1205 545 1259 bigati
571 1206 747 1246 ducenta
774 1205 942 1259 triginta
967 1213 1159 1258 quattuor
1183 1206 1308 1246 milia.
1357 1206 1398 1245 in
1424 1205 1583 1259 pedites

229 1267 414 1321 singulos
442 1268 525 1307 dati
551 1268 742 1321 octogeni
769 1268 894 1316 acris,
928 1268 1075 1322 triplex
1102 1267 1229 1320 equiti
1260 1266 1583 1319 centurioniquc.

186 1345 200 1372 1
314 1329 585 1372 XXXVIII.
630 1330 793 1370 Eodem
820 1345 927 1370 anno
954 1329 1188 1369 Antiochus
1214 1344 1300 1378 rex,
1329 1344 1422 1369 cum
1448 1329 1584 1368 hiber-

228 1400 369 1432 nasset
387 1391 561 1446 Ephesi,
590 1407 733 1432 omnes
749 1392 879 1432 Asiae
906 1392 1093 1432 civitates
1120 1392 1160 1431 in
1187 1392 1398 1444 antiquam
1423 1391 1583 1445 imperii

183 1465 201 1494 2
229 1454 449 1494 formulam
480 1454 667 1507 redigere
699 1462 760 1493 est
793 1463 978 1493 conatus.
1040 1463 1079 1493 et
1105 1462 1262 1493 ceteras
1296 1453 1481 1505 quidem,
1515 1460 1584 1492 aut

229 1515 325 1568 quia
348 1515 449 1556 locis
475 1515 609 1569 planis
642 1515 802 1569 positae
829 1524 945 1555 erant
971 1522 1040 1554 aut
1067 1514 1162 1567 quia
1196 1528 1341 1568 parum
1367 1513 1582 1554 moenibus

227 1577 435 1630 armisque
467 1591 515 1617 ac
550 1577 755 1617 iuventuti
784 1577 985 1625 fidebant,
1024 1576 1123 1616 haut
1161 1575 1380 1616 difficulter
1417 1575 1584 1616 videbat

181 1652 200 1681 3
226 1639 369 1693 iugum
383 1646 644 1693 accepturas,
672 1639 856 1692 Zmyrna
876 1648 916 1679 et
930 1640 1193 1693 Lampsacus
1212 1638 1444 1678 libertatem
1465 1652 1584 1678 usur-

224 1701 399 1755 pabant,
436 1700 749 1755 periculumque
786 1708 890 1749 erat,
929 1716 999 1749 ne,
1039 1701 1072 1741 si
1113 1714 1358 1741 concessum
1395 1700 1443 1740 iis
1476 1700 1584 1740 foret

225 1763 335 1816 quod
360 1762 642 1811 intenderent,
674 1763 902 1817 Zmyrnam
932 1762 974 1802 in
998 1762 1175 1804 Aeolide
1202 1762 1420 1816 Ioniaquc,
1453 1761 1583 1802 Lam-

178 1837 199 1866 4
224 1840 397 1880 psacum
427 1825 469 1865 in
500 1825 778 1880 Hellesponto
811 1825 914 1866 aliae
951 1826 1074 1866 urbes
1113 1832 1396 1878 sequerentur.
1456 1824 1581 1879 igitur

224 1896 264 1929 et
299 1888 389 1943 ipse
426 1889 479 1928 ab
514 1888 687 1942 Epheso
725 1888 778 1928 ad
815 1888 1041 1942 Zmyrnam
1077 1887 1350 1928 obsidendam
1394 1886 1505 1927 misit
1541 1894 1582 1926 et

224 1964 328 2003 quae
354 1949 499 2004 Abydi
524 1950 666 2005 copiae
693 1960 807 1990 erant
832 1950 1039 2004 praesidio
1066 1958 1225 1990 tantum
1251 1949 1412 1990 modico
1438 1948 1582 1989 relicto

179 2024 197 2052 5
225 2013 317 2053 duci
343 2012 396 2052 ad
422 2012 708 2066 Lampsacum
734 2012 1057 2066 obpugnandam
1082 2011 1214 2051 iussit.
1253 2025 1329 2051 nec
1356 2010 1395 2050 vi
1421 2018 1578 2050 tantum

224 2075 416 2123 terrebat,
445 2074 538 2123 sed,
573 2089 646 2128 per
671 2074 832 2128 legatos
858 2073 1004 2114 leniter
1029 2073 1290 2126 adloquendo
1316 2072 1579 2126 castigando—

223 2151 303 2189 que
335 2138 609 2178 temeritatem
634 2151 680 2177 ae
705 2136 993 2192 pertinaciam,
1033 2152 1149 2191 spem
1177 2137 1402 2177 conabatur
1428 2137 1578 2184 faeere,

180 2208 197 2237 6
223 2199 339 2239 brevi
370 2199 480 2252 quod
510 2207 698 2254 peterent
724 2198 956 2247 habituros,
990 2199 1064 2239 sed
1090 2213 1182 2239 eum
1215 2198 1315 2239 satis
1342 2207 1381 2238 et
1412 2197 1514 2253 ipsis
1540 2207 1579 2238 et

224 2260 416 2301 omnibus
444 2261 534 2301 aliis
561 2261 792 2316 adpareret,
820 2261 871 2301 ab
898 2275 995 2314 rege
1027 2260 1289 2314 impetratam
1315 2275 1385 2301 eos
1411 2260 1578 2300 liberta-

181 2334 196 2361 7
225 2330 320 2370 tem,
346 2338 429 2363 non
454 2338 528 2377 per
554 2323 815 2364 occasionem
840 2331 1000 2377 raptam
1026 2322 1192 2362 habere.
1247 2322 1447 2362 adversus
1473 2336 1578 2375 quae

222 2384 570 2437 respondebatur,
602 2384 704 2424 nihil
735 2399 869 2437 neque
895 2384 1034 2424 mirari
1058 2398 1191 2437 neque
1219 2398 1461 2424 suscensere
1486 2383 1577 2423 An-

223 2444 405 2484 tiochum
425 2446 588 2495 debere,
616 2446 650 2487 si
676 2462 793 2501 spem
817 2446 1018 2487 libertatis
1039 2446 1195 2486 differri
1220 2460 1302 2486 non
1325 2444 1424 2486 satis
1445 2458 1577 2498 aequo

223 2520 359 2545 annno
386 2516 637 2559 paterentur.

179 2578 197 2608 S
309 2567 406 2621 Ipse
433 2568 547 2610 initio
573 2569 680 2610 veris
708 2569 882 2609 navibus
910 2571 961 2610 ab
986 2569 1154 2624 Epheso
1178 2568 1388 2623 profectus
1410 2566 1575 2607 Helles—
