1799 2900
469 146 623 181 LIBER
648 146 814 191 XXXV,
842 146 969 180 1213.
998 144 1196 189 [a.c.193]
1432 133 1512 175 185

152 252 282 294 maior
307 250 502 292 orationis
529 251 713 299 materia,
741 265 822 303 quo
848 265 900 291 ex
926 250 1069 291 altiore
1094 248 1263 304 fastigio
1288 263 1361 289 rex
1387 262 1511 301 quam

153 324 354 370 tyrannus
381 313 589 353 detractus
617 322 716 361 erat,
744 327 908 365 quoque
934 313 1073 367 plures
1101 312 1320 366 ademptae
1345 325 1426 350 res.
1459 309 1511 350 ad

153 378 232 418 hoe
258 383 421 417 vetusta
441 390 587 429 regum
605 374 882 415 Macedoniae
909 376 1022 414 fama
1045 382 1372 429 peragratusque
1399 372 1510 413 orbis

154 448 353 480 terrarum
386 436 568 477 victoriis
601 437 687 478 eius
721 437 858 491 gentis
889 436 1166 477 referebatur:
1204 443 1245 476 et
1281 443 1414 476 tutum
1446 433 1512 474 vel

152 502 316 556 incepto
349 500 414 540 vel
446 506 597 539 eventu
630 514 674 540 se
706 499 923 540 consilium
961 499 1142 547 adferre;
1175 513 1272 538 nam
1303 511 1437 550 neque
1468 503 1514 536 ut

153 573 248 604 ante
275 578 318 604 se
344 569 509 603 moveat
533 561 755 617 Philippus
789 576 913 614 quam
939 561 1175 601 Antiochus
1203 574 1296 600 cum
1329 558 1513 600 exercitu

152 624 361 666 transierit
387 624 428 664 in
456 623 689 673 Graeciam,
718 624 905 672 suadere,
934 630 974 664 et
999 624 1070 676 qui
1095 623 1182 663 sine
1204 621 1414 662 Antiocho
1442 620 1513 661 ad-

155 703 300 729 versus
327 687 541 728 Romanos
568 686 826 739 Aetolosque
859 694 943 726 tam
977 686 1046 725 diu
1080 684 1319 725 sustinuerit
1345 683 1512 732 bellum,

155 751 193 791 ei
224 749 417 790 adiuncto
443 749 674 797 Antiocho,
710 748 831 789 sociis
858 748 1041 796 Aetolis,
1080 747 1149 800 qui
1182 755 1267 787 tum
1301 745 1513 801 graviores

156 812 297 853 hostes
331 826 454 864 quam
479 811 659 852 Romani
691 810 862 859 fuerint,
902 810 1050 863 quibus
1078 809 1244 850 tandem
1271 808 1426 849 viribus
1452 822 1516 847 re-

157 874 302 914 sistere
339 873 553 913 Romanos
592 873 743 927 posse?
792 872 996 912 adiciebat
1033 872 1083 911 de
1121 872 1224 911 duce
1262 869 1513 916 Hannibale,

156 943 253 976 nato
280 935 480 975 adversus
501 935 714 975 Romanos
742 934 873 982 hoste,
901 933 969 986 qui
995 934 1133 987 plures
1161 941 1199 973 et
1222 933 1346 973 duces
1375 939 1413 972 et
1440 932 1516 971 mi-

156 998 248 1038 lites
278 1012 418 1037 eorum
446 996 666 1037 occidisset
691 1010 815 1049 quam
842 1004 941 1048 quot
967 1003 1246 1049 superessent.
1298 994 1400 1035 haec
1414 994 1516 1034 Phi-

156 1060 269 1114 lepo
298 1059 519 1100 Nicander.
570 1058 649 1098 alia
672 1057 959 1098 Dicaearchus
986 1057 1209 1097 Antiocho.
1266 1065 1306 1097 et
1332 1056 1515 1097 omnium

156 1122 334 1176 primum
372 1120 570 1175 praedam
608 1119 658 1159 de
690 1119 888 1172 Philippo
918 1118 1203 1158 Romanorum
1236 1132 1328 1158 esse
1366 1117 1515 1166 dicere,

158 1184 372 1223 victoriam
403 1182 669 1222 Aetolorum:
708 1190 748 1221 et
786 1181 943 1221 aditum
979 1180 1022 1220 in
1060 1179 1281 1220 Graeciam
1314 1179 1515 1220 Romanis

158 1245 292 1285 nullos
320 1245 421 1285 alios
443 1257 566 1297 quam
581 1243 756 1284 Aetolos
784 1243 963 1291 dedisse,
990 1249 1031 1282 et
1056 1243 1108 1282 ad
1135 1242 1384 1282 vincendum
1409 1241 1517 1281 vires

159 1307 328 1347 eosdem
353 1305 609 1360 praebuisse.
660 1305 809 1345 deinde
836 1312 1011 1358 quantas
1038 1304 1224 1358 peditum
1251 1304 1518 1357 equitumque

160 1368 300 1423 copias
333 1368 558 1423 praebituri
590 1366 800 1407 Antiocho
833 1367 886 1407 ad
917 1367 1073 1407 bellum
1106 1374 1265 1415 essent,
1299 1380 1403 1419 quae
1428 1366 1521 1405 loca

160 1431 423 1471 terrestribus
450 1430 597 1485 copiis,
632 1444 734 1482 quos
769 1437 913 1484 portus
939 1428 1170 1469 maritimis.
1231 1436 1317 1469 tum
1344 1429 1393 1468 de
1419 1427 1520 1468 Phi-

160 1493 274 1547 lippo
312 1500 352 1533 et
390 1493 550 1533 Nabide
589 1492 717 1532 libero
755 1491 972 1532 mendacio
1015 1492 1281 1532 abutebatur:
1330 1499 1519 1545 paratum

161 1562 380 1607 utrumque
401 1554 454 1594 ad
479 1554 763 1594 rebellandum
785 1569 890 1602 esse,
918 1561 957 1593 et
979 1554 1155 1607 primam
1175 1567 1381 1606 quamque
1402 1567 1522 1593 occa-

164 1616 323 1657 sionem
352 1616 609 1670 reciperandi
642 1631 690 1656 ea
722 1630 827 1668 quae
859 1615 967 1655 bello
1001 1615 1240 1655 amisissent
1271 1621 1520 1668 arrepturos.

163 1678 220 1718 ita
245 1693 318 1733 per
344 1685 475 1717 totum
502 1677 624 1718 simul
650 1678 792 1717 orbem
819 1684 1019 1716 terrarum
1035 1676 1175 1717 Aetoli
1195 1676 1397 1716 Romanis
1424 1689 1521 1715 con-

165 1741 348 1781 citabant
372 1740 539 1780 bellum.
579 1747 618 1780 et
643 1755 764 1794 reges
793 1748 931 1780 tamen
951 1747 1019 1780 aut
1045 1754 1127 1779 non
1146 1738 1248 1779 moti
1274 1746 1340 1778 aut
1364 1737 1520 1778 tardius

166 1810 266 1843 motl
293 1810 400 1842 sunt.

250 1864 381 1904 XIII.
429 1863 559 1904 Nabis
593 1863 800 1919 extemplo
835 1863 942 1904 circa
975 1862 1107 1904 omnis
1146 1861 1374 1902 maritimos
1408 1860 1521 1901 vicos

167 1926 321 1966 dimisit
347 1926 400 1965 ad
426 1925 651 1967 seditiones
683 1926 724 1966 in
751 1926 800 1966 iis
828 1926 1062 1967 miscendas
1090 1932 1130 1965 et
1162 1925 1264 1964 alios
1290 1924 1524 1978 principum

167 1989 285 2029 donis
312 1989 365 2028 ad
391 2004 509 2029 suam
534 2003 703 2029 causam
728 1989 938 2043 perduxit,
972 1989 1073 2028 alios
1099 1987 1364 2042 pertinaciter
1388 1986 1431 2026 in
1457 2001 1526 2026 so-

169 2051 315 2091 cietate
336 2051 527 2091 Romana
552 2051 756 2091 manentis
784 2051 945 2091 occidit.
984 2046 1167 2090 Achaeis
1194 2048 1378 2089 omnium
1404 2048 1526 2088 mari-

169 2114 361 2155 timorum
380 2114 601 2154 Laconum
621 2114 868 2154 tuendorum
888 2129 911 2153 a
925 2113 974 2153 T.
993 2113 1189 2165 Quinctio
1212 2126 1309 2151 cura
1330 2111 1526 2151 mandata

170 2184 268 2216 erat.
317 2175 456 2228 itaque
483 2177 691 2231 extemplo
717 2184 757 2216 et
788 2176 840 2216 ad
871 2184 1092 2229 tyrannum
1123 2175 1283 2228 legatos
1310 2174 1524 2222 miserunt,

170 2238 240 2290 qui
272 2238 542 2277 admonerent
579 2238 758 2278 foederis
797 2253 890 2278 eum
921 2237 1102 2278 Romani
1140 2235 1525 2288 denuntiarentque,

170 2314 221 2339 ne
247 2314 394 2353 pacem
419 2313 543 2352 quam
569 2306 783 2354 tantopere
808 2301 982 2354 petisset
1008 2299 1205 2347 turbaret,
1232 2306 1273 2338 et
1298 2298 1451 2338 auxilia
1476 2297 1529 2338 ad

173 2361 405 2416 Gytheum,
445 2362 555 2414 quod
585 2361 668 2402 iam
693 2362 1011 2416 obpugnabatur
1047 2363 1098 2403 ab
1145 2373 1339 2414 tyranno,
1379 2367 1417 2400 et
1441 2360 1528 2400 Ro-

172 2439 294 2472 mam,
322 2424 391 2476 qui
418 2438 464 2463 ea
490 2424 739 2472 nuntiarent,
766 2424 925 2477 legatos
952 2424 1164 2463 miserunt.

256 2485 492 2526 Antiochus
525 2501 598 2526 rex
624 2501 672 2526 ea
703 2485 837 2525 hieme
862 2485 1052 2539 Raphiae
1084 2485 1125 2525 in
1149 2484 1361 2525 Phoenice
1386 2483 1528 2524 Ptole-

172 2563 291 2588 maeo
316 2547 405 2602 regi
418 2548 606 2602 Aegypti
630 2548 713 2588 filia
737 2549 780 2587 in
806 2547 1111 2587 matrimonium
1137 2547 1245 2596 data,
1272 2560 1364 2587 cum
1379 2545 1530 2586 Antio-

173 2610 308 2650 chiam
335 2625 378 2650 se
410 2610 654 2664 recepisset,
687 2625 761 2665 per
787 2608 977 2651 Ciliciam
1003 2608 1142 2650 Tauro
1168 2616 1308 2650 monte
1334 2616 1527 2663 superato

1539 323 1574 352 ll

1541 508 1579 537 12

1541 634 1580 663 13

1544 882 1583 911 14

1544 1069 1584 1098 15

1546 1316 1586 1345 16

1548 1440 1586 1468 1:

1550 1687 1588 1716 15
