1799 2900
488 149 641 183 LIBER
665 149 830 193 xxxx,
856 149 910 183 34.
931 149 985 183 35.
1013 149 1211 192 [a.e.181]
1441 139 1523 180 453

171 263 333 311 perunt.
394 254 557 295 tresviri
583 255 845 295 deduxerunt
867 254 918 294 P.
946 253 1167 295 Cornelius
1195 252 1336 307 Scipio
1359 251 1524 300 Nasica,
1551 265 1569 294 3

173 316 222 358 C.
247 316 492 365 Flaminius,
519 316 571 356 L.
598 316 784 356 Manlius
806 315 1026 355 Acidinus.
1059 315 1183 355 aedes
1211 315 1316 354 duae
1342 329 1390 354 eo
1417 328 1525 354 anno

172 379 385 420 dedicatae
413 385 521 426 sunt,
546 393 629 418 una
641 377 819 420 Veneris
834 378 1042 418 Erucinae
1066 377 1118 417 ad
1142 384 1305 432 portam
1321 376 1528 417 Collinam

171 466 203 470 —
228 439 434 480 dedicavit
460 440 511 479 L.
526 439 701 479 Porcius
722 440 776 480 L.
800 440 827 480 f.
845 439 1249 488 Licinusduumvir,
1276 447 1372 479 vota
1397 449 1485 478 erat
1506 453 1529 477 a

173 503 341 543 consule
361 502 414 542 L.
428 501 579 541 Porcio
596 501 819 555 Ligustino
841 501 950 541 bello
969 526 1014 549 —,
1043 501 1172 541 altera
1190 501 1232 540 in
1257 501 1347 541 foro
1367 499 1528 541 olitorio

170 563 359 605 Pietatis.
409 578 501 603 eam
522 563 667 603 aedem
687 563 893 603 dedicavit
917 563 993 603 Μ’.
1010 563 1171 602 Acilius
1189 562 1361 603 Glabrio
1383 562 1529 602 duum-

172 626 253 675 vir,
292 634 553 678 statuamque
586 632 792 674 auratam,
831 639 936 676 quae
967 624 1101 679 prima
1127 624 1311 664 omnium
1341 624 1383 664 in
1407 623 1530 664 Italia

175 697 328 729 statuta
343 696 484 728 aurata
499 696 573 735 est,
600 688 727 743 patris
745 687 983 728 Glabrionis
1003 687 1153 742 posuit.
1191 687 1225 727 is
1248 694 1332 727 erat
1353 686 1422 739 qui
1440 686 1529 741 ipse

174 768 265 793 eain
280 752 427 792 aedem
443 759 624 799 voverat,
642 766 722 804 quo
739 751 802 791 die
818 766 911 791 cum
926 766 1023 805 rege
1037 750 1247 791 Antiocho
1263 751 1314 790 ad
1329 750 1532 790 Thermo-

172 814 290 868 pylas
308 814 602 867 depugnasset,
627 813 918 866 locaveratque
939 813 1048 853 idem
1063 828 1114 853 ex
1136 821 1304 853 senatus
1327 813 1528 853 consulto,

258 876 341 915 Per
372 875 542 915 eosdem
573 875 680 923 dies,
718 875 866 928 quibus
906 875 984 916 hae
1016 876 1139 915 aedes
1176 876 1389 915 dedicatae
1422 883 1529 921 sunt,

174 938 227 978 L.
260 937 467 977 Aemilius
505 938 662 977 Paulus
705 937 927 991 proconsul
973 952 1023 977 ex
1060 937 1291 991 Liguribus
1329 937 1530 991 Ingaunis

175 999 457 1053 triumphavit.
496 999 705 1039 transtulit
732 1014 903 1040 coronas
927 1014 1072 1039 aureas
1099 999 1279 1051 quinque
1306 1006 1346 1039 et
1372 998 1530 1053 viginti,

175 1076 252 1102 nec
289 1069 504 1116 praeterea
535 1061 755 1114 quiequam
788 1062 876 1101 auri
909 1061 1150 1116 argentique
1182 1061 1223 1100 in
1249 1076 1297 1101 eo
1324 1061 1532 1114 triumpho

175 1124 318 1176 latum.
347 1123 497 1177 captivi
519 1123 634 1162 inulti
660 1123 867 1177 principes
883 1123 1090 1177 Ligurum
1110 1131 1204 1163 ante
1226 1138 1388 1163 currum
1409 1123 1532 1162 ducti.

177 1185 282 1225 aeris
314 1193 502 1225 trecenos
535 1185 733 1225 militibus
766 1185 918 1226 divisit.
980 1193 1185 1226 auxerunt
1215 1186 1303 1226 eius
1338 1185 1533 1240 triumphi

176 1248 329 1287 famam
361 1247 487 1300 legati
514 1247 720 1301 Ligurum
746 1262 892 1300 pacem
924 1257 1167 1302 perpetuam
1194 1257 1378 1288 orantes:
1411 1248 1469 1288 ita
1493 1248 1535 1287 in

177 1310 360 1351 animum
386 1310 599 1350 induxisse
620 1310 827 1364 Ligurum
853 1320 1034 1365 gentem,
1061 1311 1174 1351 nulla
1199 1325 1395 1363 umquam
1422 1326 1536 1350 arma

177 1372 257 1413 nisi
289 1372 490 1426 imperata
521 1387 544 1412 a
575 1373 728 1426 populo
757 1373 948 1414 Romano
988 1388 1165 1413 sumere.
1230 1388 1479 1427 responsum
1513 1388 1536 1412 a

177 1434 231 1486 Q.
244 1435 377 1475 Fabio
402 1442 590 1488 praetore
617 1442 680 1474 est
693 1434 924 1488 Liguribus
950 1435 1067 1475 iussu
1095 1442 1277 1483 senatus,
1306 1435 1536 1475 emtionem

178 1512 269 1537 eam
301 1512 381 1537 non
415 1512 566 1537 noram
592 1496 821 1551 Liguribus
856 1512 968 1538 esse:
1005 1513 1123 1538 niens
1157 1514 1254 1539 vero
1287 1506 1332 1538 ut
1362 1514 1471 1538 nova
1496 1505 1536 1538 et

179 1560 353 1600 orationi
379 1559 629 1600 conveniens
663 1567 791 1608 esset,
824 1560 1008 1614 ipsorum
1040 1561 1082 1600 id
1113 1561 1337 1615 plurimum
1368 1561 1535 1600 referre.

179 1622 231 1662 ad
258 1622 447 1662 consules
474 1621 577 1661 irent
605 1629 645 1661 et,
665 1636 769 1674 quae
796 1623 847 1662 ab
873 1622 922 1662 iis
950 1622 1150 1677 imperata
1175 1632 1315 1663 essent
1340 1623 1534 1663 facerent.

179 1685 282 1724 nulli
308 1684 375 1724 alii
402 1699 525 1737 quam
553 1684 792 1724 consulibus
820 1694 1010 1725 senatum
1037 1685 1287 1725 crediturum
1315 1700 1425 1731 esse,
1454 1685 1535 1725 sin-

180 1761 274 1786 cera
299 1746 379 1786 fide
405 1746 446 1785 in
471 1761 573 1800 pace
595 1746 777 1800 Ligures
804 1762 910 1787 esse.
943 1762 1025 1801 pax
1051 1747 1092 1786 in
1118 1747 1347 1801 Liguribus
1375 1747 1463 1787 fuit.
1495 1746 1536 1787 in

182 1808 355 1849 Corsica
386 1817 617 1862 pugnatum
649 1823 743 1848 cum
771 1807 935 1857 Corsis3
969 1810 1021 1849 ad
1053 1810 1134 1849 duo
1164 1809 1277 1849 inilia
1307 1824 1446 1849 eorum
1474 1809 1536 1849 M.

179 1871 372 1911 Pinarius
399 1879 563 1925 praetor
588 1871 630 1910 in
657 1871 744 1911 acie
770 1871 932 1912 occidit.
981 1887 1061 1924 qua
1088 1872 1203 1912 clade
1236 1872 1438 1926 compulsi
1465 1873 1538 1912 ob-

182 1933 291 1972 sides
319 1933 521 1972 dederunt
546 1940 586 1972 et
612 1947 729 1973 cerae
747 1942 912 1973 eentum
932 1933 1043 1973 milia
1068 1934 1220 1988 pondo.
1260 1933 1355 1974 inde
1376 1933 1417 1973 in
1439 1932 1537 1974 Sar-

181 1995 335 2035 diniam
361 1996 565 2035 exercitus
589 1996 736 2035 duetus
763 2004 803 2036 et
828 2010 922 2035 cum
943 1996 1180 2043 Iliensibus,
1208 2004 1331 2050 gente
1352 2011 1403 2035 ne
1429 2010 1538 2035 nune

182 2059 346 2110 quidem
369 2058 479 2098 omni
499 2066 614 2112 parte
635 2066 794 2112 pacata,
823 2058 1004 2098 secunda
1024 2058 1179 2112 proelia
1201 2059 1322 2098 faeta.
1362 2056 1538 2098 Cartha-

182 2120 438 2174 giniensibus
472 2121 617 2160 eodem
645 2135 753 2160 anno
785 2129 951 2160 centum
977 2120 1143 2160 obsides
1170 2120 1339 2167 redditi,
1372 2133 1538 2174 pacem-

183 2199 261 2237 que
289 2184 417 2236 (cum)
444 2184 493 2223 iis
526 2184 704 2237 populus
730 2184 944 2224 Romanus
976 2199 1059 2223 non
1091 2184 1142 2223 ab
1175 2198 1218 2223 se
1251 2192 1430 2230 tantum,
1464 2182 1538 2222 sed

183 2248 234 2287 ab
271 2261 368 2301 rege
406 2246 528 2287 etIam
565 2246 796 2286 Masinissa.
830 2246 1054 2300 praestitit,
1100 2245 1169 2298 qui
1205 2254 1291 2285 tum
1330 2244 1537 2299 praesidio

184 2317 340 2350 armato
368 2324 513 2362 agrum
540 2309 608 2361 qui
634 2309 675 2348 in
703 2309 985 2349 controversia
1011 2316 1098 2348 erat
1123 2308 1349 2348 obtinebat.

267 2371 467 2412 XXXV.
519 2371 713 2411 Otiosam
754 2370 1011 2425 provinciam
1056 2370 1248 2411 consules
1293 2370 1536 2410 habuerunt.

182 2432 443 2473 MBaebius
471 2433 728 2473 comitiorum
755 2447 879 2472 causa
899 2433 1077 2473 Romam
1102 2440 1319 2473 revocatus
1348 2432 1537 2472 consules

183 2495 337 2535 creavit.
356 2496 410 2535 A.
425 2495 688 2535 Postumium
703 2495 904 2534 Albinum
928 2495 1116 2534 Luscum
1137 2502 1176 2534 et
1198 2493 1247 2534 C.
1265 2493 1536 2548 Calpurnium

183 2558 393 2598 Pisonem.
430 2566 642 2612 praetores
658 2557 806 2597 exinde
821 2557 918 2596 facti
933 2557 998 2596 Ti.
1018 2556 1289 2610 Sempronius
1307 2555 1536 2602 Gracchus,

182 2620 234 2660 L.
261 2619 503 2661 Postumius
530 2619 731 2668 Albinus,
757 2620 807 2660 P.
836 2618 1055 2660 Cornelius
1082 2618 1334 2667 Mammula,
1362 2617 1427 2658 Ti.
1454 2616 1539 2657 Mi-

1552 327 1570 355 4

1565 1384 1602 1412 10

1567 1633 1601 1661 11

1568 1945 1604 1973 13

1566 2070 1604 2099 1-1

1564 2568 1581 2596 10
