1799 2900
267 135 351 176 440
505 141 659 176 LIBER
684 140 851 184 XXXX,
880 140 1023 174 17—19.
1051 140 1377 183 [a.u.e.57‘2.573]

266 262 379 288 mum
405 245 446 285 in
472 244 614 284 devios
642 243 785 292 saltus,
812 242 961 283 deinde
988 242 1159 284 dimisso
1185 244 1366 284 exercitu
1392 242 1549 298 passim
1575 242 1616 283 in

224 327 239 354 7
268 309 380 349 vicos
409 306 660 358 castellaque
692 320 767 345 sua
799 304 947 358 dilapsi
981 311 1088 344 sunt.
1150 305 1341 346 eonsules
1368 320 1530 359 quoque
1557 305 1618 345 di-

265 371 427 410 mittere
453 367 678 408 exereitum
705 367 935 415 voluerunt,
962 380 1009 407 ae
1029 367 1079 407 de
1099 381 1148 406 ea
1172 381 1215 407 re
1241 375 1378 421 patres
1400 367 1618 408 consulue-

266 439 373 472 runt.
435 431 608 471 alterum
634 444 685 469 ex
711 428 774 468 his
801 427 972 468 dimisso
999 428 1179 468 exercitu
1205 429 1257 469 ad
1282 430 1550 483 magistratus
1576 429 1618 469 in

266 508 420 533 annum
452 491 651 532 creandos
684 490 824 531 venire
849 490 1027 530 Romam
1059 490 1285 539 iusserunt,
1318 492 1491 532 alterum
1525 505 1618 531 eum

223 572 241 601 S
267 555 500 610 legionibus
529 553 613 594 suis
638 553 751 593 Pisis
777 552 972 593 hiemare.
1010 553 1122 594 fama
1146 561 1233 594 erat
1254 553 1400 595 Gallos
1421 554 1619 595 Transal-

265 618 384 672 pinos
411 617 667 656 iuventutem
692 629 873 663 armare,
905 629 982 654 nee
1014 614 1056 655 in
1081 629 1204 667 quam
1235 615 1447 669 regionem
1474 616 1618 656 Italiae

267 679 451 720 effusura
477 693 520 719 se
547 678 766 718 multitudo
792 685 903 718 esset
929 677 1146 718 sciebatur.
1189 677 1247 716 ita
1271 677 1377 718 inter
1402 692 1445 717 se
1472 691 1620 718 eonsu-

265 742 326 782 les
353 747 657 795 eompararunt,
683 748 729 780 ut
755 738 1031 780 Cn.l3a0bius
1059 739 1110 779 ad
1136 739 1301 780 comitia
1325 739 1414 788 iret,
1441 738 1536 792 quia.
1556 739 1618 779 M.

266 804 451 844 Baebius
478 803 605 843 frater
631 803 718 843 eius
746 801 1006 842 consulatum
1031 802 1212 856 petebat.

224 883 237 910 1
352 864 526 907 XVIII.
566 863 748 905 Comitia
775 863 1012 904 consulibus
1039 863 1235 917 rogandis
1262 862 1397 913 fuere;
1424 864 1551 904 creati
1568 865 1619 905 P.

269 926 487 968 Cornelius
520 926 748 976 Lentulus,
779 926 841 966 M.
872 925 1055 966 Baebius
1088 925 1348 979 Tamphilus.
1408 933 1620 981 praetores

266 991 362 1031 inde
389 990 488 1031 faeti
513 991 594 1031 duo
621 989 674 1041 Q.
696 989 829 1037 Fabii,
855 988 1068 1028 Maximus
1096 995 1134 1028 et
1160 989 1310 1037 Buteo,
1337 988 1401 1028 Ti.
1419 987 1619 1029 Claudius

265 1054 389 1101 Nero,
417 1052 471 1104 Q.
496 1052 686 1092 Petillius
715 1051 933 1105 Spurinus,
960 1050 1022 1090 M.
1049 1050 1242 1090 Pinarius
1268 1050 1423 1099 Rusca,
1449 1050 1502 1090 L.
1528 1049 1619 1090 Du-

221 1128 239 1157 3
267 1115 422 1155 ronius.
483 1114 546 1154 his
578 1113 678 1155 inito
705 1113 953 1167 magistratu
984 1112 1222 1167 provinciae
1254 1112 1310 1152 ita
1337 1119 1445 1152 sorte
1472 1126 1623 1153 evene-

266 1185 379 1217 runt:
406 1176 588 1230 Ligures
615 1176 867 1224 consulibus,
894 1175 1154 1229 praetoribus
1182 1174 1234 1226 Q.
1254 1174 1422 1215 Petillio
1448 1175 1620 1223 urbana,

267 1238 321 1289 Q.
346 1238 479 1278 Fabio
510 1238 700 1278 B'Iaximo
732 1238 970 1292 peregrina,
1010 1237 1064 1288 Q.
1089 1237 1223 1278 Fabio
1255 1237 1435 1278 Buteoni
1469 1237 1619 1286 Gallia,

266 1300 332 1340 Ti.
361 1299 537 1340 Claudio
562 1299 717 1341 Neroni
745 1300 900 1347 Sicilia,
926 1299 989 1339 M.
1015 1298 1184 1339 Pinario
1212 1297 1422 1347 Sardinia,
1449 1299 1502 1339 L.
1528 1299 1621 1338 Du-

222 1376 242 1404 4
266 1361 383 1402 ronio
413 1362 588 1416 Apulia3
621 1370 660 1401 et
686 1361 821 1401 Histri
852 1360 1019 1410 adiecti,
1052 1361 1163 1413 quod
1194 1361 1409 1401 Tarentini
1439 1361 1621 1401 Brundi-

269 1423 428 1476 sinique
460 1424 706 1463 nuntiabant
741 1422 969 1463 maritimos
1008 1438 1130 1476 agros
1167 1422 1341 1462 infestos
1380 1422 1620 1462 transmari-

267 1500 413 1524 narum
445 1485 613 1525 navium
643 1484 868 1524 latrociniis
901 1499 1007 1524 esse.
1068 1484 1214 1524 eadem
1246 1484 1536 1525 BIassilienses
1569 1484 1620 1525 de

223 1562 241 1590 5
268 1546 474 1600 Ligurum
511 1546 687 1586 navibus
727 1546 1015 1598 querebantur.
1079 1545 1282 1586 exereitus
1319 1546 1414 1586 inde
1447 1546 1620 1587 decreti:

266 1615 459 1661 quattuor
489 1608 674 1662 legiones
707 1608 968 1656 consulibus,
1007 1622 1111 1660 quae
1143 1607 1268 1660 quina
1299 1607 1412 1648 milia
1437 1608 1619 1649 ducenos

265 1671 479 1711 Romanos
506 1670 685 1725 pedites,
718 1677 906 1711 trecenos
939 1670 1138 1711 haberent
1164 1671 1342 1723 equites,
1376 1678 1417 1710 et
1448 1671 1621 1724 quinde-

267 1733 347 1772 cim
380 1733 493 1773 milia
525 1732 683 1773 socium
713 1747 761 1772 ae
786 1732 929 1773 Latini
962 1733 1160 1781 nominis,
1188 1733 1415 1787 octingenti
1447 1733 1619 1786 equites.

222 1808 239 1836 6
267 1795 308 1834 in
333 1794 551 1850 Hispaniis
578 1802 849 1849 prorogatum
876 1794 1084 1836 veteribus
1110 1795 1370 1849 praetoribus
1403 1795 1620 1850 imperium

267 1864 330 1897 est
361 1871 453 1896 eum
486 1857 734 1897 exercitibus
766 1872 869 1910 quos
905 1857 1123 1906 haberent,
1157 1857 1262 1898 etin
1289 1857 1621 1912 supplementum

267 1920 434 1960 decreta
459 1921 538 1960 tria
563 1920 674 1961 milia
701 1921 852 1960 civium
866 1920 1164 1969 Romanorum,
1191 1921 1357 1960 ducenti
1382 1920 1554 1973 equites,
1581 1929 1622 1961 et

268 1981 425 2021 soeium
440 1982 583 2022 Latini
604 1982 781 2023 nominis
803 1998 876 2022 sex
894 1982 1007 2022 milia
1031 1982 1230 2036 peditum,
1257 1983 1428 2023 trecenti
1448 1982 1619 2035 equites.

224 2055 239 2083 7
267 2057 342 2083 nce
367 2043 426 2083 rei
451 2044 609 2084 navalis
637 2057 735 2084 eura
760 2044 927 2084 omissa.
962 2044 1201 2084 duumviros
1228 2044 1270 2084 in
1296 2059 1386 2084 eam
1411 2059 1498 2085 rem
1524 2059 1621 2085 eon—

267 2105 377 2145 sules
404 2120 543 2146 ereare
568 2106 683 2155 iussi,
710 2121 783 2161 per
809 2121 911 2159 quos
938 2121 1066 2147 naves
1096 2106 1239 2160 viginti
1266 2107 1468 2148 deductae
1493 2123 1620 2148 nava-

266 2167 374 2207 libus
407 2167 529 2208 soeiis
562 2168 719 2208 civibus
745 2168 964 2215 Romanis,
998 2167 1067 2221 qui
1099 2168 1341 2208 servitutem
1380 2169 1619 2218 servissent,

222 2240 241 2269 8
268 2229 589 2282 complerentur,
628 2229 797 2284 ingenui
829 2237 990 2270 tantum
1026 2237 1071 2270 ut
1107 2230 1156 2270 iis
1194 2237 1448 2284 praeessent.
1515 2230 1620 2271 inter

267 2290 506 2331 duumviros
537 2291 595 2331 ita
621 2291 754 2332 divisa
779 2292 934 2331 tuenda
959 2291 1076 2332 denis
1102 2292 1278 2333 navibus
1304 2292 1510 2333 maritima
1534 2307 1619 2341 ora,

267 2360 310 2391 ut
335 2354 665 2406 promunturium
690 2354 740 2394 iis
755 2354 973 2394 Minervae
995 2354 1107 2394 velut
1128 2355 1251 2395 cardo
1272 2355 1311 2395 in
1333 2355 1469 2396 medio
1489 2362 1599 2396 esset
1608 2371 1618 2404 3

268 2414 369 2453 alter
398 2414 494 2455 inde
526 2416 714 2456 dextram
745 2424 906 2470 partem
930 2430 1062 2468 usque
1089 2416 1141 2456 ad
1165 2416 1420 2466 Massiliam,
1458 2417 1619 2458 laevam

268 2475 369 2515 alter
394 2491 525 2528 usque
553 2478 603 2517 ad
629 2477 801 2518 Barium
826 2485 1021 2518 tueretur.

228 2550 240 2578 1
354 2536 548 2579 XVIIII.
586 2540 786 2594 Prodigia
807 2540 935 2580 multa
960 2540 1083 2580 foeda
1102 2548 1140 2580 et
1155 2541 1315 2582 Romae
1335 2556 1383 2582 co
1402 2556 1510 2582 anno
1530 2540 1619 2581 visa

224 2611 241 2639 2
269 2607 307 2638 ct
334 2599 518 2640 nuntiata
544 2615 729 2654 peregre.
773 2602 814 2641 in
840 2617 936 2642 area
960 2602 1137 2644 Volcani
1168 2610 1205 2643 et
1235 2602 1492 2644 Concordiae
1524 2617 1618 2642 san-

222 944 240 972 [ὑ
