1799 2900
280 127 360 168 450
573 134 728 169 LIBER
752 133 920 177 XXXX,
947 134 1001 168 30.
1020 134 1075 168 31.
1105 137 1153 177 [a.
1168 146 1200 168 11.
1217 146 1245 168 c.
1259 134 1341 177 573]

231 254 242 280 1
360 239 516 280 XXX.
578 238 786 292 Magnum
817 238 971 278 bellum
1004 252 1054 277 ea
1085 244 1241 278 aestate
1273 245 1458 278 coortum
1490 238 1531 278 in
1557 238 1635 278 Hi-

275 303 420 358 spania
446 301 646 342 citeriore.
708 301 761 341 ad
792 300 972 353 quinque
1005 307 1046 340 et
1070 299 1239 354 triginta
1270 301 1382 341 milia
1407 300 1634 349 hominum,

275 372 473 417 quantum
493 378 719 416 numquam
742 363 872 403 ferme
892 371 1032 411 antea,
1060 361 1259 403 Celtiberi
1279 371 1633 418 comparaverant.

231 442 248 471 2
275 428 328 477 Q.
346 425 520 466 Fulvius
540 426 718 466 Flaccus
742 440 833 465 eam
853 425 1066 466 obtinebat
1090 426 1357 479 provinciam.
1395 427 1430 467 is
1451 427 1547 480 quia
1571 442 1634 467 ar-

274 504 384 528 mare
400 489 657 528 iuventutem
674 488 909 528 Celtiberos
926 488 1124 535 audierat,
1139 495 1179 527 et
1198 487 1286 542 ipse
1302 497 1456 541 quanta
1474 498 1631 543 poterat

274 567 298 591 a
323 550 444 591 sociis
472 551 623 591 auxilia
650 557 930 598 contraxerat,
958 550 1032 590 sed
1056 564 1318 602 nequaquam
1339 566 1510 592 numero
1531 552 1634 592 mili-

230 629 248 658 3
274 620 360 653 tum
386 612 550 653 bostem
577 613 794 665 aequabat.
854 611 1056 666 principio
1083 611 1191 651 veris
1218 612 1444 652 exercitum
1469 614 1510 653 in
1533 612 1634 654 Car—

272 677 482 731 petaniam
519 677 637 716 duxit
673 684 714 717 et
750 682 887 716 castra
916 675 1069 716 locavit
1101 675 1152 715 ad
1184 675 1382 729 oppidum
1408 676 1634 725 Aeburam,

229 753 248 780 4
273 740 436 780 modico
472 739 680 794 praesidio
724 739 767 778 in
810 739 910 779 urbe
952 739 1102 793 posito.
1174 739 1316 792 paucis
1361 747 1455 793 post
1492 739 1636 780 diebus

275 801 475 843 Celtiberi
508 802 621 842 milia
653 801 734 841 duo
760 801 846 841 fere
873 801 968 841 inde
998 802 1074 841 sub
1107 801 1210 842 colle
1236 809 1464 855 posuerunt
1488 809 1635 843 castra.

273 880 376 918 quos
413 864 483 904 ubi
519 865 667 904 adesse
704 876 870 918 praetor
905 863 1121 904 Romanus
1161 863 1310 911 sensit,
1347 863 1409 903 M.
1442 863 1636 904 Fulvium

275 928 445 967 fratrem
477 940 570 966 eum
603 926 764 966 duabus
800 925 945 966 turmis
979 925 1184 966 sociorum
1210 925 1394 977 equitum
1426 926 1477 965 ad
1502 934 1638 967 eastra

275 987 455 1028 hostium
489 988 746 1043 speculatum
777 987 907 1036 misit,
947 1002 1071 1040 quam
1101 987 1288 1042 proxime
1327 988 1548 1028 succedere
1586 988 1638 1028 ad

276 1050 429 1090 vallum
454 1050 633 1099 iussum,
659 1058 705 1090 ut
730 1049 894 1097 viseret,
922 1057 1077 1102 quanta
1102 1058 1263 1090 essent:
1290 1064 1431 1104 pugna
1457 1049 1638 1090 abstine-

274 1119 353 1159 ret,
396 1112 681 1166 reciperetque
713 1126 825 1160 sese,
870 1112 905 1151 si
935 1112 1116 1152 hostium
1153 1111 1381 1164 equitatum
1419 1120 1637 1152 exeuntem

275 1175 461 1215 vidisset.
522 1175 579 1215 ita
604 1182 648 1214 ut.
674 1181 942 1229 praeceptum
976 1182 1063 1214 erat
1093 1174 1202 1214 fecit.
1263 1189 1337 1228 per
1368 1173 1455 1214 dies
1482 1174 1638 1227 aliquot

274 1236 375 1276 nibil
400 1237 506 1276 ultra
532 1244 689 1276 motum
715 1250 839 1288 quam
864 1243 909 1276 ut
939 1236 1016 1276 hae
1049 1236 1154 1275 duae
1186 1243 1344 1276 turmae
1369 1237 1638 1276 ostenderen-

275 1307 358 1347 tur,
398 1299 491 1338 dein
529 1299 876 1347 subducerentur,
919 1298 991 1338 ubi
1028 1297 1234 1350 equitatus
1272 1298 1451 1338 hostium
1489 1299 1634 1338 castris

232 1376 248 1404 G
275 1360 644 1415 procucurrissent.
704 1367 914 1414 postremo
942 1359 1160 1407 Celtiberi,
1194 1359 1315 1400 simul
1348 1360 1540 1400 omnibus
1567 1375 1636 1401 co—

275 1422 354 1477 piis
399 1423 584 1476 peditum
627 1423 894 1474 equitumque
931 1422 1077 1462 eastris
1123 1422 1301 1476 egressi,
1346 1423 1432 1463 acie
1471 1423 1636 1463 derecta

277 1484 414 1525 medio
441 1484 527 1524 sere
554 1484 689 1538 spatio
721 1484 826 1524 inter
852 1484 949 1524 bina
976 1492 1112 1524 eastra
1138 1483 1423 1524 constiterunt.
1465 1498 1635 1538 campus

276 1554 362 1586 erat
387 1546 536 1600 planus
562 1546 696 1586 omnis
724 1553 764 1586 et
794 1553 916 1600 aptus
948 1561 1126 1599 pugnae.
1188 1545 1244 1585 ibi
1276 1553 1428 1586 stetere
1454 1546 1636 1600 Hispani

275 1608 416 1648 hostes
449 1616 760 1663 exspectantes3
798 1608 1014 1649 Romanus
1049 1623 1147 1649 suos
1180 1608 1287 1649 intra
1321 1609 1475 1649 vallum
1507 1609 1638 1650 eonti-

274 1670 374 1710 nuit.
407 1685 480 1724 per
506 1670 770 1723 quatriduum
796 1670 1038 1711 continuum
1064 1677 1105 1711 et
1129 1670 1187 1710 illi
1215 1671 1361 1711 eodem
1386 1671 1476 1712 loco
1506 1671 1637 1712 aciem

231 1741 250 1769 S
276 1732 521 1773 instructam
547 1740 769 1773 tenuerunt
796 1731 874 1787 [et]
903 1733 954 1773 ab
981 1732 1181 1773 Romanis
1209 1732 1311 1773 nibil
1336 1743 1506 1774 motum.
1539 1733 1635 1773 inde

276 1793 469 1846 quievere
489 1793 531 1833 in
546 1794 691 1835 eastris
709 1793 922 1843 Celtiberi,
950 1793 1046 1847 quia
1066 1809 1232 1848 pugnae
1248 1794 1366 1849 copia
1386 1811 1468 1835 non
1489 1795 1634 1844 fiebat,

275 1856 433 1909 equites
476 1864 638 1897 tantum
681 1857 723 1896 in
766 1857 987 1897 stationem
1030 1857 1370 1911 egrediebantur,
1414 1865 1459 1898 ut
1502 1858 1634 1912 parati

231 1930 248 1959 9
276 1926 430 1966 essent,
459 1918 492 1958 si
519 1919 617 1971 quid
643 1919 695 1959 ab
723 1918 843 1959 hoste
869 1926 1118 1960 moveretur.
1179 1934 1286 1973 pone
1313 1927 1448 1959 castra
1473 1920 1634 1972 utrique

273 1980 517 2034 pabulatum
544 1987 584 2021 et
608 1981 813 2034 lignatum
838 1980 965 2028 ibant,
993 1981 1126 2021 neutri
1152 1981 1304 2021 alteros
1331 1981 1605 2036 inpedientes.

234 2055 246 2083 1
360 2042 544 2084 XXXI.
581 2043 757 2084 Praetor
776 2043 994 2084 Romanus
1020 2042 1091 2083 ubi
1117 2043 1217 2084 satis
1240 2050 1299 2084 tot
1319 2044 1478 2084 dierum
1498 2043 1634 2096 quiete

275 2105 448 2146 credidit
485 2121 603 2160 spem
635 2106 789 2146 factam
821 2105 949 2153 hosti,
988 2105 1089 2145 nihil
1124 2120 1168 2145 se
1200 2105 1380 2160 priorem
1411 2115 1632 2154 moturum,

274 2168 328 2208 L.
361 2168 544 2208 Acilium
582 2183 676 2208 cum
713 2168 778 2208 ala
808 2168 976 2208 sinistra
1013 2175 1052 2208 et
1091 2183 1164 2208 sex
1201 2167 1366 2208 milibus
1403 2167 1636 2222 provincia-

274 2230 375 2270 lium
406 2230 654 2271 auxiliorum
685 2230 899 2271 circumire
936 2236 1119 2271 montem
1155 2229 1287 2279 iubet,
1327 2232 1396 2284 qui
1433 2231 1485 2271 ab
1517 2238 1633 2284 tergo

276 2292 464 2334 hostibus
498 2301 603 2341 erat,
636 2293 731 2333 inde
762 2292 833 2332 ubi
859 2292 1081 2332 clamorem
1115 2292 1301 2332 audisset
1333 2292 1551 2333 decurrere
1583 2292 1633 2332 ad

277 2363 412 2395 castra
437 2370 593 2396 eorum.
654 2362 774 2395 nocte
799 2354 975 2409 profecti
1002 2361 1116 2401 sunt,
1154 2369 1205 2394 ne
1238 2361 1409 2408 possent
1436 2353 1633 2409 conspici.

233 2428 251 2457 3
276 2416 452 2457 Flaccus
479 2417 571 2458 luce
597 2417 730 2471 prima
758 2416 807 2458 C.
825 2416 1089 2457 Scribonium
1115 2416 1373 2470 praefectum
1399 2416 1557 2457 socium
1583 2415 1632 2455 ad

277 2479 432 2518 vallum
472 2480 654 2520 hostium
693 2494 786 2519 cum
825 2479 1030 2532 equitibus
1069 2478 1405 2519 extraordinariis
1444 2478 1633 2519 sinistrae

233 2553 252 2582 4
278 2539 366 2579 alae
392 2540 528 2582 mittit.
573 2556 676 2594 quos
702 2541 773 2581 ubi
799 2548 839 2581 et
863 2540 1034 2596 propius
1061 2541 1258 2581 accedere
1284 2547 1325 2580 et
1350 2540 1488 2594 plures
1511 2554 1633 2592 quam

278 2601 388 2641 soliti
414 2610 527 2642 erant
546 2602 745 2643 Celtiberi
767 2610 1086 2657 conspexerunt,
1114 2602 1246 2643 omnis
1268 2602 1474 2655 equitatus
1501 2601 1634 2642 effun-

230 1065 248 1093 27!

234 1495 249 1522 *Ἴ

233 2365 250 2394 10
