1799 2900
506 146 660 180 L1BER
684 146 849 190 XXXV,
876 145 988 180 2—4.
1016 148 1065 190 [a.
1081 143 1214 189 c193]
1460 135 1540 177 177

187 250 276 306 spei
301 265 463 292 esse—
482 265 571 291 rem
595 257 822 305 gesturum.
873 249 1056 291 seniores
1082 263 1250 304 negare,
1277 249 1330 289 ad
1353 262 1538 289 rumores
1568 261 1586 291 6

186 328 211 353 a
234 312 405 368 privatis
438 320 592 353 temere
623 312 665 352 in
690 312 866 367 gratiam
898 312 1215 367 magistratuum
1247 311 1444 352 confictos
1477 326 1542 352 se-

186 382 307 415 natus
334 374 521 415 consulta
546 373 738 415 facienda
763 389 874 415 esse:
906 374 986 414 nisi
1011 374 1120 427 quod
1152 381 1221 414 aut
1252 382 1464 428 praetores
1491 388 1543 414 ex

187 436 409 491 provinciis
444 437 671 477 scriberent
702 444 771 476 aut
801 436 928 490 legati
953 436 1254 485 renuntiarent,
1281 435 1383 476 nihil
1407 443 1543 476 ratum

188 498 330 539 haberi
362 499 525 540 debere.
588 499 622 539 si
654 499 853 539 tumultus
891 498 934 538 in
959 498 1167 553 Hispania
1198 506 1326 547 esset,
1363 497 1540 552 placere,
1569 510 1586 538 7

188 560 473 601 tumultuarios
499 560 650 601 milites
678 569 794 601 extra
807 560 971 601 Italiam
993 559 1117 600 scribi
1143 575 1165 600 a
1189 567 1392 614 praetore.
1424 574 1541 600 mens

187 638 235 664 ea
261 630 428 664 senatus
461 623 557 672 fuit,
595 630 640 663 ut
669 623 711 663 in
737 622 944 677 Hispania
976 622 1215 663 tumultuari
1246 622 1396 663 milites
1428 622 1542 676 lege-

187 693 340 726 rentur.
390 685 584 727 Valerius
606 685 758 725 Antias
786 695 825 725 et
849 685 891 725 in
909 683 1093 725 Siciliam
1118 685 1340 739 navigasse
1368 684 1540 724 dilectus
1568 694 1587 723 S

188 762 313 788 causa
340 746 389 788 C.
415 747 668 788 Flaminium
694 747 854 795 scribit,
882 756 921 787 et
947 762 998 787 ex
1027 746 1169 787 Sicilia
1194 746 1445 801 Hispaniam
1469 760 1542 801 pc-

188 818 360 858 tentcm,
393 816 639 864 tempestate
665 810 706 849 in
732 809 922 850 Africam
948 809 1128 850 delatum
1155 825 1285 863 vagos
1311 808 1462 849 milites
1490 808 1541 848 dc

188 871 370 912 exercitu
382 871 432 912 P.
449 872 638 912 Africani
665 879 921 913 sacramento
946 887 1132 926 rogasse,
1159 871 1222 911 his
1249 871 1423 911 duarum
1447 885 1542 925 pro·
1568 879 1585 908 9

188 933 414 973 vinciarum
442 934 658 974 dilectibus
686 933 851 974 tertium
876 934 918 973 in
943 933 1152 987 Hispania
1177 932 1392 973 adiecisse.

271 995 354 1035 HI.
390 996 478 1036 Nec
502 995 544 1035 in
568 996 691 1035 Italia
717 995 886 1048 segnius
901 995 1108 1048 Ligurum
1133 994 1288 1035 bellum
1314 994 1538 1035 crescebat.
1570 1006 1584 1034 1

186 1056 308 1097 Pisas
328 1057 411 1097 iam
431 1057 707 1110 quadraginta
732 1057 898 1096 milibus
925 1055 1151 1104 hominum,
1180 1056 1385 1095 adfluente
1407 1055 1541 1108 quoti-

188 1118 252 1158 die
273 1118 533 1158 multitudine
554 1118 607 1158 ad
633 1118 787 1158 famam
813 1117 911 1158 belli
934 1131 1132 1171 spemque
1152 1117 1344 1171 praedae,
1367 1117 1541 1156 circum-

187 1179 399 1219 sedebant.
448 1179 660 1219 ]linucius
689 1179 833 1219 consul
858 1178 1073 1219 Arretium
1105 1178 1171 1218 die
1203 1192 1327 1231 quam
1354 1177 1540 1218 edixerat

186 1241 239 1280 ad
264 1241 592 1281 conveniendum
619 1241 818 1281 militibus
846 1240 969 1281 venit.
1019 1240 1114 1281 inde
1141 1240 1342 1293 quadrato
1375 1240 1540 1294 agmine

186 1302 238 1342 ad
250 1302 373 1343 Pisas
394 1296 523 1351 duxit,
550 1312 589 1343 et
612 1317 704 1343 cum
731 1303 871 1344 hostes
898 1317 980 1343 non
1006 1302 1098 1357 plus
1125 1302 1236 1342 mille
1262 1317 1462 1357 passuum
1490 1302 1540 1341 ab

186 1364 338 1419 oppido
355 1374 467 1406 trans
488 1365 659 1405 fluvium
675 1365 904 1406 movissent
924 1372 1071 1413 castra,
1099 1364 1244 1405 consul
1266 1365 1408 1405 urbem
1431 1364 1543 1403 haud

187 1426 309 1467 dubie
337 1436 543 1467 servatam
569 1427 751 1467 adventu
777 1442 852 1468 suo
872 1435 935 1468 est
960 1427 1189 1481 ingressus.
1226 1434 1393 1481 postero
1415 1426 1479 1466 die
1502 1433 1542 1466 et
1568 1437 1586 1465 3

186 1488 275 1543 ipse
302 1497 413 1529 trans
439 1490 611 1530 fluvium
637 1491 886 1545 quingentos
913 1490 1042 1530 ferme
1068 1505 1218 1544 passus
1246 1490 1297 1530 ab
1323 1489 1442 1530 hoste
1467 1504 1542 1543 po-

188 1550 269 1590 suit
294 1559 442 1591 castra.
480 1551 574 1592 inde
600 1552 762 1593 levibus
789 1551 955 1606 proeliis
983 1567 1006 1592 a
1030 1551 1367 1606 populationibus
1394 1566 1540 1605 agrum

188 1613 394 1653 sociorum
431 1615 658 1654 tutabatur:
701 1614 743 1654 in
781 1614 910 1654 aciem
949 1613 1059 1654 exire
1096 1629 1179 1654 non
1216 1613 1395 1654 audebat
1431 1628 1540 1653 novo
1567 1624 1586 1652 4

187 1674 314 1715 milite
341 1682 381 1716 et.
407 1691 457 1716 cx
483 1676 621 1716 multis
654 1676 876 1731 generibus
902 1675 1117 1716 hominum
1143 1675 1329 1716 conlecto
1360 1674 1537 1714 necdum

187 1746 284 1777 noto
317 1737 416 1777 satis
449 1737 554 1778 inter
587 1753 650 1786 se,
683 1748 726 1778 ut
758 1738 884 1778 fidere
912 1737 977 1777 alii
1005 1737 1078 1777 alis
1111 1744 1295 1792 possent..
1355 1736 1536 1790 Ligures
1566 1748 1585 1777 5

187 1800 447 1840 multitudine
480 1800 573 1841 freti
605 1808 645 1841 et
674 1800 716 1840 in
747 1800 877 1841 aciem
910 1800 1096 1848 exibant,
1132 1798 1265 1853 parati
1297 1798 1347 1838 de
1380 1813 1543 1838 summa

186 1877 324 1902 rerum
350 1862 590 1912 decernere,
623 1869 663 1903 et
694 1862 952 1903 abundantes
985 1861 1161 1901 militum
1188 1875 1359 1900 numero
1385 1859 1542 1914 passim

187 1924 337 1965 multas
364 1940 511 1965 manus
537 1940 611 1979 per
637 1931 821 1965 extrema
850 1923 993 1964 finium
1018 1923 1071 1963 ad
1095 1921 1379 1977 praedandum
1406 1921 1542 1962 mitte-

187 1986 299 2035 bant,
327 1994 379 2035 et,
407 2001 500 2026 cum
516 1994 659 2027 coacta
674 1986 735 2026 vis
751 2001 902 2040 magna
922 1999 1119 2040 pecorum
1139 1983 1399 2039 praedaeque
1415 1991 1538 2031 esset,
1566 1995 1584 2025 6

188 2057 377 2102 paratum
402 2056 489 2089 erat
513 2048 785 2103 praesidium,
816 2063 891 2103 per
916 2061 1018 2101 quos
1044 2047 1087 2086 in
1113 2045 1283 2086 castella
1309 2060 1453 2086 eorum
1478 2045 1539 2084 vi-

188 2124 341 2163 cosque
367 2118 570 2165 ageretur.

273 2172 378 2212 1111.
430 2171 538 2213 Cum
570 2172 724 2213 bellum
750 2171 1019 2226 Ligustinum
1044 2169 1097 2210 ad
1121 2169 1245 2210 Pisas
1273 2167 1539 2216 constitisset,
1571 2182 1582 2210 1

190 2233 333 2273 consul
360 2233 462 2274 alter
486 2234 539 2274 L.
557 2233 776 2275 Cornelius
796 2233 961 2274 Merula
986 2239 1148 2287 praeter
1175 2238 1381 2271 extremos
1408 2229 1542 2284 Ligu-

188 2309 279 2334 rum
300 2294 402 2335 fines
424 2295 649 2335 excrcitum
675 2295 716 2335 in
738 2310 882 2349 agrum
902 2294 1102 2334 Boiorum
1121 2292 1295 2341 induxit,
1320 2292 1393 2332 ubi
1417 2292 1541 2345 longe

190 2356 267 2396 alia
294 2356 389 2396 belli
414 2356 517 2397 ratio
538 2371 661 2410 quaxn
682 2371 774 2396 cum
791 2356 1021 2411 Liguribus
1041 2363 1140 2396 erat.
1179 2353 1323 2395 consul
1348 2354 1389 2393 in
1410 2353 1539 2394 aciem
1566 2365 1584 2395 2

189 2419 346 2469 exibat,
385 2419 525 2460 hostes
558 2435 741 2474 pugnam
773 2420 1075 2467 detractabant,
1112 2417 1438 2472 praedatumque
1470 2416 1542 2456 ubi

187 2496 310 2522 nemo
348 2482 514 2522 obviam
556 2482 684 2522 exiret
730 2482 1014 2522 discurrebant
1054 2480 1233 2521 Romani
1243 2497 1253 2529 ;
1296 2479 1377 2521 Boi
1420 2479 1541 2534 diripi

189 2559 264 2584 sua
300 2543 453 2598 inpune
486 2559 608 2597 quam
645 2545 798 2585 tuendo
831 2559 878 2585 ea
910 2558 1127 2584 conserere
1165 2550 1374 2583 certamen
1409 2542 1538 2582 male-

188 2605 299 2646 bant.
347 2614 568 2660 postquam
594 2607 731 2647 omnia
762 2606 870 2648 ferro
901 2606 1068 2661 ignique
1095 2605 1194 2646 satis
1222 2611 1383 2645 vastata
1409 2611 1537 2652 erant,
1564 2615 1582 2644 3

259 2672 323 2699 tit-t
339 2674 390 2699 rut.
406 2673 454 2700 ιιι.
1276 2670 1319 2703 12

1568 1191 1586 1219 10
