1799 2900
265 152 348 194 238
542 157 695 192 LIBER
721 157 908 201 xxxvl,
936 159 1079 192 19-21.
1109 158 1348 201 [a,11.e.563]

263 280 314 305 ex
347 263 490 303 decem
522 261 688 302 milibus
726 261 922 310 militum,
960 275 1064 314 quos
1095 261 1274 316 Polybio
1305 268 1472 304 auctore
1503 262 1626 305 traie-

265 326 370 366 cisse
397 339 538 364 secum
563 338 705 378 regem
731 324 772 363 in
801 323 1022 365 Graeciam
1049 324 1309 378 scripsimus,
1348 325 1523 379 exiguus
1550 340 1626 365 nu-

200 403 236 432 12
263 401 419 434 merus3
448 385 546 438 quid
572 386 608 425 51
628 385 790 426 Antiati
810 385 980 427 Valerio
1007 386 1243 434 credamus,
1271 387 1489 441 sexaginta
1513 387 1626 427 milia

265 448 441 488 militum
479 447 609 488 fuisse
647 447 689 487 in
726 447 842 502 regio
880 448 1063 488 exercitu
1100 448 1313 498 scribenti,
1351 449 1627 503 quadraginta

262 509 357 549 inde
383 508 496 548 milia
518 508 733 558 cecidisse,
761 524 886 564 supra
908 509 1088 563 quinque
1109 510 1221 550 milia
1241 519 1361 565 capta
1381 525 1474 551 611111
1495 511 1625 565 signis

199 588 236 617 13
263 572 508 613 militaribus
536 572 724 613 ducentis
758 572 952 626 triginta?
999 573 1285 614 Romanorum
1317 583 1482 614 centum
1508 573 1626 627 quin-

262 634 462 689 quaginta
485 634 528 674 in
553 634 644 689 ipso
671 634 895 675 certamine
916 649 1095 689 pugnae,
1122 635 1174 674 ab
1194 635 1363 675 incursu
1378 635 1626 676 Aetolorum

263 711 306 738 se
334 704 495 737 tuentes
521 711 605 736 non
630 696 723 750 plus
751 696 1052 750 quinquaginta
1076 696 1281 737 interfecti
1308 705 1416 738 sunt.

222 774 233 802 1
348 758 458 798 XX.
510 757 694 800 Consule
726 774 800 813 per
825 759 1055 800 Phocidem
1087 767 1127 799 et
1150 759 1371 799 Boeotiam
1402 760 1626 800 exercitum

262 822 439 861 ducente
461 820 652 862 consciae
675 821 920 862 defectionis
943 821 1130 861 civitates
1152 835 1246 861 cum
1267 821 1512 862 velamentis
1531 831 1626 862 ante

219 898 237 926 ‘2
263 893 404 938 portas
432 884 599 924 stabant
622 892 755 932 metu,
787 899 839 924 ne
865 883 1070 925 hostiliter
1097 883 1384 938 diriperentur.
1446 892 1627 925 ceterum

261 960 335 999 per
360 960 504 985 omnes
533 945 658 998 (dies)
685 945 798 986 haud
823 960 942 986 secus
970 960 1091 999 quam
1120 954 1266 1001 pacato
1299 961 1399 1000 agro
1426 945 1514 986 sine
1540 947 1627 987 vio-

262 1007 414 1048 latione
446 1007 568 1048 ullius
600 1008 657 1048 rei
685 1023 837 1062 agmen
868 1008 1091 1063 processit,
1131 1008 1263 1048 donec
1295 1008 1337 1048 in
1369 1023 1516 1062 agrum
1544 1007 1628 1050 Co-

219 1085 237 1114 3
263 1084 460 1110 ronaeum
488 1080 656 1110 ventum
683 1080 757 1111 651.
819 1071 875 1111 ibi
903 1079 1039 1111 511111111
1063 1070 1174 1125 regis
1200 1070 1400 1111 Antiochi
1425 1070 1561 1125 posita
1586 1070 1627 1112 111

263 1133 416 1187 templo
431 1133 649 1174 Minervae
665 1135 825 1176 Itoniae
846 1134 948 1174 iram
969 1134 1170 1182 accendit,
1196 1133 1530 1187 permissumque
1552 1133 1623 1173 mi-

263 1196 322 1236 liti
343 1206 423 1243 est,
456 1205 501 1236 ut
521 1196 830 1237 circumiectum
855 1196 1009 1250 templo
1030 1211 1175 1250 agrum
1201 1196 1481 1250 popularetur.
1531 1195 1625 1235 dein

265 1257 460 1311 cogitatio
487 1258 669 1297 animum
697 1258 824 1303 subit,
853 1271 945 1297 611111
963 1257 1171 1298 communi
1192 1257 1357 1297 decreto
1371 1258 1626 1297 Boeotorum

262 1320 399 1374 posita
425 1329 536 1360 esset
561 1327 716 1368 statua,
755 1319 972 1373 indignum
998 1334 1090 1360 esse
1116 1319 1157 1359 in
1183 1334 1310 1359 unum
1338 1318 1625 1360 Coronensem

218 1394 236 1422 4
264 1396 408 1435 agrum
441 1382 613 1422 saevire.
672 1390 866 1422 revocato
892 1381 1097 1436 extemplo
1123 1381 1249 1421 milite
1275 1381 1368 1421 finis
1402 1380 1626 1435 populandi

264 1444 418 1492 factus,
446 1444 637 1498 castigati
658 1452 817 1484 tantum
839 1444 975 1484 verbis
995 1443 1145 1484 Boeoti
1171 1443 1224 1483 ob
1245 1443 1454 1497 ingratum
1474 1443 1515 1483 in
1536 1451 1627 1482 tan-

264 1507 316 1546 tis
343 1514 508 1558 tamque
534 1507 768 1547 recentibus
790 1506 1001 1547 beneficiis
1023 1505 1208 1545 animum
1229 1520 1329 1559 erga
1352 1505 1579 1546 Romanos.

220 1580 238 1608 5
349 1567 464 1608 Inter
489 1567 626 1622 ipsum
651 1583 816 1622 pugnae
848 1576 1012 1622 tempus
1040 1567 1185 1607 decem
1216 1582 1343 1607 naves
1369 1567 1508 1621 regiae
1535 1581 1627 1607 cum

262 1630 474 1684 praefecto
505 1630 668 1669 Isidoro
701 1630 754 1670 ad
779 1629 1013 1670 Thronium
1043 1629 1086 1670 in
1119 1629 1211 1669 sinu
1235 1628 1419 1669 Maliaco
1447 1629 1626 1671 stabant,

264 1706 313 1732 eo
338 1691 477 1745 gravis
505 1691 743 1732 vulneribus
770 1691 1013 1732 Alexander
1038 1692 1255 1739 Acarnan,
1287 1691 1456 1731 nuntius
1483 1690 1629 1731 adver-

266 1768 335 1794 sae
361 1768 545 1807 pugnae,
586 1768 679 1794 cum
712 1754 984 1808 perfugisset,
1023 1753 1208 1808 trepidae
1240 1753 1336 1793 inde
1367 1752 1522 1793 recenti
1548 1761 1629 1793 ter-

264 1830 355 1855 rore
399 1831 526 1856 naves
568 1814 783 1857 Cenaeum
819 1817 1021 1857 Euboeae
1057 1816 1276 1871 petierunt.
1348 1814 1405 1855 ibi
1441 1822 1627 1855 mortuus

221 1891 238 1917 11
266 1877 536 1931 sepultusque
572 1877 827 1919 Alexander.
901 1888 1004 1926 tres,
1043 1892 1150 1931 quae
1187 1892 1238 1918 ex
1273 1877 1381 1917 Asia
1416 1877 1628 1931 profectae

265 1939 443 1980 eundem
469 1949 632 1994 portum
665 1948 904 1988 tenuerunt,
942 1955 1071 1980 naves
1104 1940 1245 1980 audita
1274 1939 1478 1980 exercitus
1511 1938 1629 1978 clade

263 2000 481 2055 Ephesum
513 2002 737 2043 redierunt.
797 2002 985 2043 Isidorus
1020 2002 1072 2042 ab
1105 2001 1274 2042 Cenaeo
1299 2000 1628 2048 Demetriadem,

265 2062 299 2103 si
337 2064 442 2104 forte
480 2079 528 2104 eo
566 2064 747 2104 deferret
783 2064 884 2118 fuga
915 2079 1077 2118 regem,
1116 2063 1287 2104 traiecit.
1347 2077 1421 2117 per
1458 2062 1628 2103 eosdem

264 2125 352 2166 dies
374 2127 429 2166 A.
445 2126 600 2167 Atilius
627 2127 861 2181 praefectus
876 2127 1091 2168 Romanae
1117 2127 1262 2167 classis
1289 2141 1464 2180 magnos
1489 2125 1627 2180 regios

265 2197 540 2237 commeatus,
577 2189 661 2229 iam
692 2190 864 2238 fretum,
903 2189 1014 2242 quod
1045 2190 1098 2229 ad
1125 2189 1317 2229 Andrum
1347 2188 1525 2228 insulam
1551 2196 1626 2236 est,

265 2259 592 2304 praetervectos,
637 2251 817 2305 excepit3
863 2251 964 2291 alias
1000 2251 1161 2299 mersit,
1201 2251 1302 2291 alias
1340 2250 1448 2305 cepit
1484 2263 1626 2290 naveS.

220 2320 239 2350 8
266 2326 370 2364 quae
391 2313 607 2353 novissimi
629 2313 807 2367 agminis
828 2327 962 2361 erant,
990 2328 1156 2353 cursum
1177 2313 1217 2352 in
1234 2312 1382 2352 Asiam
1402 2318 1625 2352 verterunt.

265 2374 419 2415 Atilius
440 2375 674 2424 Piraeeum,
700 2376 810 2416 unde
831 2376 1042 2430 profectus
1065 2383 1170 2423 erat,
1198 2389 1292 2414 cum
1313 2374 1478 2428 agmine
1500 2372 1628 2427 eapti-

266 2450 410 2475 varum
429 2437 597 2477 navium
618 2447 808 2478 revectus
825 2453 1020 2491 magnam
1037 2438 1118 2477 1-1111
1134 2437 1329 2478 frumenti
1343 2444 1381 2476 et
1396 2435 1627 2476 Athenien-

269 2497 380 2536 sibus
408 2507 446 2537 et
473 2499 562 2539 aliis
590 2500 777 2540 eiusdem
801 2500 984 2554 regionis
1011 2500 1132 2540 sociis
1160 2499 1311 2540 divisit.

227 2569 239 2597 1
352 2559 483 2600 XXI.
532 2562 768 2602 Antiochus
802 2563 878 2603 sub
911 2562 1136 2602 adventum
1167 2560 1348 2601 consulis
1375 2575 1399 2599 a
1425 2557 1624 2599 Chalcide

268 2620 475 2674 profectus
502 2622 664 2663 Tenum
690 2624 823 2677 primo
853 2625 999 2672 tenuit,
1024 2624 1120 2664 inde
1140 2623 1357 2676 Ephesum
1384 2618 1621 2660 transmisit.

221 2075 236 2103 ⁶⁸1
