1799 2900
237 504 251 532 *Ι

231 688 249 717 8

232 752 248 779 U

212 874 250 902 lo

213 1186 247 1214 11

210 1560 247 1589 13

209 1809 247 1837 ll

207 1996 246 2024 15

207 2183 244 2212 16

208 2307 244 2334 1?

282 130 362 170 174
586 135 739 169 LIBER
764 134 970 177 XXXIIII,
997 136 1050 170 6⁵2.
1078 138 1126 179 [a.
1142 148 1173 170 u.
1191 148 1221 171 0.
1245 137 1328 181 561]

279 248 318 281 et
345 248 535 292 questum
562 238 611 278 de
638 253 682 278 se
708 238 888 278 Romam
913 253 983 279 eos
1009 239 1138 280 ituros
1165 241 1378 295 comperit,
1405 241 1475 295 qui
1500 251 1539 283 et
1564 242 1631 284 illa

279 308 497 343 onerarent
529 300 833 355 suspitionibus
868 308 908 341 et
940 301 990 341 de
1020 301 1106 342 iure
1139 303 1401 357 vectigalium
1428 305 1634 359 discepta-

278 372 381 411 rent,
407 363 568 417 legatos
596 371 635 404 ct
660 363 749 417 ipse
776 363 954 404 Romam
980 363 1116 405 mittit.
1177 365 1306 405 auditi
1331 366 1381 407 dc
1408 366 1536 420 Tfflo
1563 367 1634 408 ad—

279 441 385 466 vena
409 425 588 480 primum
615 424 985 479 Carthaginienses
1012 440 1153 467 euram
1178 427 1329 468 inicere
1354 429 1555 483 patribus,
1581 445 1632 470 ne

280 502 373 528 cum
398 487 610 527 Antiocho
638 487 759 527 simul
785 496 825 528 et
849 487 1003 528 Poenis
1030 488 1268 530 bellandum
1293 499 1415 531 esset.
1454 491 1633 532 maxime

277 566 325 590 ea
351 550 524 605 suspitio
551 549 706 590 crimen
731 551 925 604 urgebat,
953 551 1064 603 quod
1089 566 1213 604 quem
1239 567 1530 608 comprensum
1548 554 1634 595 Ro-

277 628 387 653 mam
413 613 519 652 mitti
544 613 788 667 placuisset,
826 627 904 653 nce
934 613 1070 668 ipsum
1096 629 1173 654 nec
1205 630 1355 655 navem
1381 616 1469 656 cius
1497 624 1633 657 custo-

276 675 448 716 dissent.
487 675 537 715 de
564 690 664 728 agio
691 675 839 715 deinde
865 689 959 715 cum
983 675 1093 729 regis
1120 676 1268 730 legatis
1295 677 1517 732 disceptari
1542 692 1634 719 eoe-

275 746 406 793 ptum.
470 720 841 792 Carthaginienses
879 737 966 778 iure
1003 737 1147 777 finium
1179 753 1348 778 eausam
1380 740 1632 789 tutabantm,

276 801 386 854 quod
417 799 525 840 intra
562 815 632 841 eos
670 799 869 840 terminos
908 806 1019 840 esset
1056 800 1204 852 quibus
1241 800 1292 841 P.
1326 800 1467 855 Scipio
1505 801 1634 843 victor

276 878 423 917 agrum
454 863 523 916 qui
554 862 654 903 iuris
687 871 798 903 esset
825 861 1237 916 Carthaginiensium
1262 862 1440 912 finisset,
1473 871 1514 904 et
1537 877 1635 904 con-

276 924 458 966 fessione
484 925 615 979 regis,
649 924 736 977 qui,
771 939 865 964 cum
889 924 1142 979 Aphthirem
1170 925 1396 979 profugum
1422 940 1474 966 ex
1504 940 1633 980 regno

277 1002 351 1028 suo
379 1002 471 1027 cum
502 996 619 1042 parte
644 987 918 1028 Numidarum
944 996 1167 1041 vagantem
1192 987 1301 1028 circa
1327 986 1516 1042 Cyrenas
1541 1003 1635 1043 per-

277 1058 536 1102 sequeretur,
574 1050 760 1104 precario
794 1050 847 1090 ab
889 1064 933 1090 se
970 1050 1047 1090 iter
1082 1065 1156 1104 per
1187 1065 1281 1090 011111
1318 1050 1456 1104 ipsum
1488 1065 1634 1104 agrum

276 1120 488 1164 tamquam
530 1112 641 1152 haud
684 1112 807 1152 dubie
846 1110 1259 1166 Carthaginiensium
1303 1112 1402 1152 iuris
1445 1112 1631 1167 petisset..

274 1174 480 1214 Numidae
506 1182 546 1214 ct
572 1175 621 1214 dc
649 1174 936 1215 terminatione
965 1172 1172 1228 Scipionis
1199 1175 1362 1214 mentiri
1387 1189 1457 1215 eos
1486 1190 1633 1229 argue-

276 1236 375 1276 bant
402 1244 454 1284 et,
483 1236 517 1276 si
538 1237 628 1289 quis
650 1251 791 1276 veram
811 1236 1012 1289 originem
1033 1236 1131 1276 iuris
1153 1237 1319 1290 exigere
1346 1236 1482 1285 vellet,
1510 1251 1631 1289 quem

276 1298 488 1352 proprium
523 1314 668 1352 agrum
703 1297 1115 1352 Carthaginiensium
1147 1298 1188 1337 in
1219 1298 1367 1338 Africa
1399 1299 1517 1339 esse?
1561 1299 1632 1338 ad-

276 1360 410 1408 venis,
437 1370 636 1413 quantum
663 1368 775 1400 secto
802 1360 919 1400 bovis
947 1367 1063 1413 tergo
1089 1360 1281 1414 amplecti
1307 1360 1386 1400 loci
1411 1360 1631 1415 potuerint,

275 1429 436 1462 tantum
452 1423 503 1462 ad
518 1423 663 1462 urbem
679 1422 1039 1462 communiendam
1054 1422 1240 1476 precario
1256 1422 1416 1462 datum:
1433 1422 1632 1475 quidquid

273 1484 455 1524 Bursam
482 1484 624 1524 sedem
648 1499 765 1523 suam
792 1483 1059 1532 excesserint,
1088 1483 1127 1523 v'i
1148 1491 1269 1536 atque
1296 1483 1443 1524 iniuria
1467 1492 1631 1538 partum

274 1545 439 1586 habere.
472 1560 607 1598 neque
628 1560 735 1594 eum,
758 1545 808 1585 de
829 1559 910 1598 quo
932 1553 1089 1599 agatur,
1113 1545 1287 1599 probare
1308 1560 1377 1586 eos
1398 1559 1523 1599 posse
1547 1544 1628 1599 [se]

274 1623 357 1647 non
372 1607 527 1649 modo
511 1622 687 1661 semper
704 1622 753 1648 ex
767 1622 848 1660 quo
864 1607 1119 1661 coeperint,s
1102 1607 1176 1647 sed
1190 1622 1240 1647 ne
1256 1607 1325 1646 diu
1340 1607 1506 1660 quidem
1522 1606 1630 1660 (eos)

273 1669 526 1724 possedisse.
558 1685 632 1724 per
646 1669 946 1724 oportunitates
967 1684 1077 1710 nunc
1095 1669 1200 1718 illos,
1223 1683 1331 1709 nune
1351 1684 1471 1724 reges
1485 1669 1632 1710 Numi—

274 1731 419 1771 darum
438 1747 665 1786 usurpasse
686 1732 749 1772 ius
754 1746 1032 1786 ‚semperque
1052 1747 1180 1786 penes
1203 1747 1296 1772 eum
1322 1731 1631 1786 possessionem

273 1794 403 1834 1111550
424 1794 493 1847 qui
506 1794 600 1848 plus
623 1794 746 1834 armis
761 1794 978 1848 potuisset.
1013 1794 1127 1834 cuius
1143 1793 1397 1835 condicionis
1411 1808 1477 1834 res
1493 1794 1629 1843 fucrit,

271 1856 513 1910 priusquam
539 1856 680 1897 hostes
699 1856 901 1896 Romanis
925 1855 1314 1910 Carthaginienses,
1342 1856 1479 1897 socius
1505 1863 1630 1909 atque

273 1918 429 1959 amicus
449 1934 522 1959 rex
536 1919 811 1959 Numidarum
831 1926 953 1967 esset,
977 1918 1064 1959 eius
1088 1919 1267 1959 sinerent
1294 1933 1386 1959 esse
1406 1932 1483 1958 nec
1505 1933 1548 1958 sc
1570 1918 1630 1958 in-

274 1988 550 2035 terponerent,
577 1995 658 2034 quo
685 1980 820 2021 minus
847 1980 916 2033 qui
935 1988 1078 2035 posset
1098 1988 1267 2021 teneret.
1305 1979 1548 2034 responderi
1572 1980 1630 2020 le-

272 2043 379 2096 gatis
406 2043 620 2097 utriusque
646 2042 774 2097 partis
799 2042 955 2097 placuit
979 2042 1179 2083 missuros
1207 2057 1250 2083 se
1275 2042 1317 2082 in
1330 2042 1534 2091 Africam,
1561 2042 1629 2095 qui

271 2106 376 2146 inter
401 2105 601 2160 populum
630 2105 1022 2159 Carthaginiensem
1048 2112 1088 2145 et
1111 2120 1254 2159 regem
1284 2105 1325 2144 in
1350 2120 1393 2145 re
1419 2104 1628 2159 praesenti

272 2168 564 2223 disceptarent.
597 2168 715 2209 missi
727 2168 777 2208 P.
795 2167 936 2222 Scipio
952 2167 1176 2208 Africanus
1193 2175 1232 2207 et
1248 2166 1297 2208 C.
1311 2166 1530 2208 Cornelius
1547 2165 1629 2207 Ce-

270 2230 420 2285 thegus
443 2238 483 2271 et
502 2230 564 2272 M.
585 2230 797 2270 Minucius
818 2230 955 2271 Rufus
977 2230 1116 2270 audita
1135 2230 1403 2285 inspectaque
1426 2244 1470 2271 re
1491 2229 1629 2270 omnia

274 2308 478 2347 suspensa
491 2301 637 2334 neutro
652 2292 858 2333 inclinatis
876 2293 1090 2333 sententiis
1106 2293 1320 2346 reliquere.
1346 2293 1389 2332 id
1403 2300 1539 2332 utrum
1554 2307 1628 2332 sua

273 2364 419 2408 sponte
434 2356 619 2405 fecerint,
635 2371 687 2396 an
702 2355 797 2409 quia
811 2355 1052 2395 mandatum
1066 2355 1122 2396 ita
1137 2355 1271 2404 fuerit,
1314 2370 1396 2395 non
1428 2362 1513 2394 tam
1541 2367 1628 2394 ecr-

274 2424 359 2456 tum
380 2424 441 2457 est
462 2432 587 2470 quam
608 2419 771 2459 videtur
791 2418 967 2473 tempori
988 2425 1129 2473 aptum
1155 2418 1284 2458 fuisse
1309 2418 1471 2471 integro
1497 2424 1626 2457 certa-

210 2490 247 2520 18
273 2478 380 2518 1111110
418 2495 488 2520 005
526 2480 714 2534 relinqui.
780 2496 877 2521 nam
914 2480 955 2520 ni
987 2480 1044 2521 ita
1080 2488 1209 2530 esset,
1247 2495 1354 2521 unus
1390 2478 1531 2534 Scipio
1562 2477 1627 2518 vel

274 2540 417 2580 notitia
441 2542 499 2582 rei
525 2543 590 2582 vel
617 2542 878 2591 auctoritate,
915 2543 972 2583 ita
998 2543 1048 2583 de
1073 2542 1258 2595 utrisque
1289 2541 1478 2588 meritus,
1509 2539 1625 2579 finire

274 2611 374 2642 nutu
401 2602 744 2665 disceptationem
769 2604 985 2658 potuisset.
