1799 2900
272 233 290 261 5

271 417 288 445 0

253 1159 290 1187 lo

317 106 401 147 464
611 113 762 148 LIBER
790 113 960 158 xxxx,
988 114 1042 148 46.
1061 114 1114 148 47.
1144 117 1240 158 [ω.
1258 116 1382 159 ρ.5τῑ)]

317 218 486 273 placetis
514 231 638 270 quam
664 216 774 269 quod
801 217 902 257 alter
928 217 1044 257 alteri
1069 217 1295 272 displicetis
1321 227 1482 260 noceat.
1541 219 1674 260 inimi-

315 280 431 319 citias
458 294 531 333 per
556 294 686 319 annos
712 278 864 319 multos
891 278 1009 319 vobis
1031 279 1133 333 ipsis
1154 295 1303 334 graves
1330 290 1369 322 et
1389 290 1548 322 atroces
1568 282 1676 335 geri-

316 341 385 389 tis,
423 356 527 393 quae
553 340 780 395 periculum
812 347 875 380 est
901 355 951 380 ne
978 355 1029 381 ex
1054 341 1132 381 hac
1157 342 1222 382 die
1247 343 1366 384 nobis
1393 351 1431 384 ct
1457 344 1515 384 rei
1540 343 1676 398 publi-

316 417 387 442 cae
425 418 548 455 quam
585 402 703 443 vobis
741 402 954 457 graviores
992 403 1104 443 fiant.
1166 404 1216 444 de
1249 405 1396 457 quibus
1429 406 1564 446 causis
1597 406 1675 446 hoc

316 465 554 513 timeamus,
592 465 721 504 multa
748 465 1014 513 subcurrunt,
1047 479 1151 517 quae
1178 466 1428 516 dicerentur,
1465 467 1545 508 nisi
1571 468 1676 508 forte

314 526 582 581 inplacabiles
620 526 779 567 fueritis
821 524 935 581 [....]
974 526 1262 581 inplicaverint
1305 529 1462 570 animos
1500 539 1674 570 vestros.

316 588 389 629 has
416 596 461 628 ut
486 588 628 637 hodie,
667 596 712 629 ut
738 588 779 628 in
804 588 884 629 isto
910 588 1064 642 templo
1090 589 1241 629 finiatis
1269 590 1517 640 simultates,
1551 607 1676 645 quac-

317 666 460 691 sumus
487 666 561 691 vos
588 651 790 699 universi,
818 659 859 691 et
884 666 986 703 quos
1014 651 1226 691 coniunxit
1253 652 1462 706 suffragiis
1493 654 1577 694 suis
1604 669 1676 708 po-

314 713 436 767 pulus
462 713 699 762 Romanus,
737 713 813 753 hos
852 713 977 754 etiam
1013 713 1347 754 reconciliatione
1385 714 1542 768 gratiae
1581 729 1678 756 con-

314 775 429 829 iungi
466 791 489 816 a
526 776 645 816 nobis
684 775 851 823 sinatis3
900 790 982 816 uno
1015 774 1172 823 animo,
1210 791 1292 816 uno
1325 776 1496 818 consilio
1528 777 1677 833 legatis

316 844 526 886 senatum,
576 837 734 890 equites
770 838 1043 886 recenseatis,
1094 838 1227 892 agatis
1265 853 1454 888 censum,
1502 839 1678 880 lustrum

316 900 523 947 condatis;
559 900 669 953 quod
694 900 736 940 in
761 899 952 940 omnibus
979 900 1065 940 scre
1090 900 1396 954 precationibus
1422 901 1679 955 nuncupabi-

315 961 366 1001 tis
393 961 530 1002 verbis
559 966 638 1002 “ut
663 977 712 1002 ea
742 977 808 1002 res
840 961 941 1001 mihi
971 961 1238 1016 collegaeque
1269 977 1361 1003 meo
1392 962 1497 1003 bene
1523 972 1564 1004 et
1589 963 1680 1004 feli-

316 1024 416 1064 citer
441 1024 654 1073 eveniat,”
682 1024 724 1064 id
748 1025 807 1064 ita
831 1032 876 1063 ut
901 1038 1015 1072 vere,
1041 1032 1087 1064 ut
1112 1039 1162 1064 cx
1189 1025 1326 1065 animo
1353 1025 1487 1065 velitis
1513 1025 1678 1066 evenire

315 1086 605 1140 efficiatisque‚
632 1094 676 1126 ut
701 1087 812 1139 quod
838 1086 937 1126 deos
963 1087 1121 1140 precati
1141 1087 1251 1127 eritis
1272 1087 1314 1126 id
1334 1102 1408 1127 vos
1429 1087 1534 1128 velle
1555 1087 1677 1128 etiam

317 1148 506 1188 homines
534 1149 766 1189 credamus.
805 1148 855 1188 T.
878 1148 1025 1189 Tatius
1052 1156 1091 1188 et
1106 1148 1330 1197 Romulus,
1356 1149 1397 1189 in
1423 1149 1539 1190 cuius
1565 1149 1678 1190 urbis

285 1215 288 1218 “
315 1209 451 1250 medio
478 1210 567 1250 foro
594 1211 680 1250 acie
708 1210 848 1250 hostes
876 1218 1180 1257 concurrerant,
1207 1210 1263 1250 ibi
1284 1211 1508 1251 concordes
1528 1226 1678 1266 regna-

253 1282 289 1310 11

251 1592 289 1620 13

251 1715 289 1744 14

251 2026 289 2055 15

253 2336 291 2365 16

278 2523 291 2550 1

317 1282 424 1312 runt.
485 1286 570 1311 non
595 1271 720 1311 modo
748 1271 997 1319 simultates,
1035 1271 1107 1310 sed
1138 1271 1248 1311 bella
1273 1286 1437 1324 quoque
1462 1272 1677 1320 finiuntur3

316 1348 367 1374 ex
404 1333 566 1374 infestis
604 1333 792 1373 hostibus
836 1332 1078 1387 plerumque
1122 1333 1221 1373 socii
1258 1333 1422 1382 fideles,
1471 1334 1677 1374 interdum

272 1412 278 1417 ·
317 1396 440 1436 ctiam
473 1396 582 1435 cives
615 1396 730 1435 fiunt.
807 1395 962 1435 Albani
996 1395 1131 1434 diruta
1155 1395 1267 1435 Alba
1292 1395 1470 1435 Romam
1503 1396 1678 1436 traducti

316 1464 436 1506 sunt,
486 1456 652 1504 Latini,
710 1456 856 1497 Sabini
891 1456 933 1496 in
976 1456 1184 1495 civitatem
1221 1457 1391 1510 accepti.
1463 1458 1677 1512 vulgatum

315 1519 435 1567 illud,
463 1519 559 1571 quia
583 1533 727 1558 verum
754 1527 853 1565 erat,
880 1517 921 1557 in
946 1517 1211 1571 proverbium
1238 1518 1362 1566 venit,
1390 1518 1590 1560 amicitias
1616 1520 1678 1559 in-

315 1581 529 1629 mortales,
571 1579 804 1635 [mortales]
843 1579 1078 1620 inimicitias
1116 1580 1266 1620 debere
1304 1582 1424 1622 essc.⁷
1490 1582 1678 1622 fremitus

316 1652 430 1684 ortus
464 1658 556 1683 cum
589 1644 789 1690 adsensu,
828 1642 976 1682 deinde
1008 1642 1296 1683 universorum
1322 1657 1446 1684 voces
1472 1643 1582 1684 idem
1606 1659 1678 1698 pe-

316 1706 490 1746 tentium
517 1706 715 1746 confusae
741 1705 783 1745 in
808 1720 935 1745 unum
962 1705 1188 1745 orationem
1208 1705 1533 1760 interpellarunt.
1582 1706 1678 1746 inde

314 1768 522 1808 Aemilius
550 1776 720 1820 questus
749 1782 842 1807 cum
868 1767 965 1815 alia,
993 1776 1079 1807 tum
1105 1767 1168 1808 bis
1196 1782 1219 1807 a
1243 1767 1305 1808 M.
1319 1768 1470 1809 Fulvio
1496 1783 1540 1809 se
1566 1776 1677 1809 certo

317 1830 536 1871 consulatu
563 1830 788 1878 deiectum3
813 1829 987 1870 Fulvius
1015 1838 1157 1870 eontra
1183 1830 1316 1883 queri,
1349 1845 1394 1871 se
1421 1831 1472 1871 ab
1497 1846 1545 1872 eo
1572 1846 1680 1872 sem-

316 1907 389 1947 per
420 1892 658 1932 laeessitum
691 1899 731 1932 et
760 1892 802 1931 in
833 1892 1030 1946 probrum
1063 1907 1182 1931 suum
1215 1892 1482 1946 sponsionem
1511 1893 1678 1934 factam.

316 1962 455 1994 tamen
486 1954 608 1994 ambo
641 1953 893 2007 significare,
940 1953 974 1993 si
1005 1953 1107 1993 alter
1138 1954 1280 2002 vellet,
1326 1969 1369 1994 se
1399 1954 1441 1994 in
1471 1962 1676 2009 potestate

316 2024 373 2056 tot
399 2016 632 2070 principum
663 2015 839 2056 civitatis
873 2016 1047 2056 futuros.
1107 2015 1298 2055 omnibus
1330 2016 1580 2057 instantibus
1608 2016 1676 2069 qui

316 2078 488 2118 aderant
519 2078 686 2118 dextras
717 2078 924 2130 fidemque
956 2077 1125 2126 dedere,
1162 2077 1324 2118 mittere
1356 2092 1452 2118 vere
1484 2092 1531 2119 ac
1561 2078 1677 2119 finire

317 2141 470 2181 odium.
539 2140 687 2181 deinde
724 2140 1068 2181 conlaudantibus
1108 2140 1265 2180 cunetis
1303 2140 1468 2181 deducti
1506 2149 1601 2181 sunt
1636 2141 1678 2181 in

318 2201 585 2257 Capitolium.
646 2210 686 2243 et
718 2217 816 2242 cura
848 2217 972 2257 super
1003 2202 1074 2242 tali
1104 2217 1147 2242 re
1172 2202 1405 2257 principum
1436 2210 1476 2243 et
1500 2203 1676 2243 facilitas

318 2280 535 2306 censorum
567 2265 734 2320 egregie
770 2265 1038 2319 comprobata
1071 2265 1122 2305 ab
1155 2273 1301 2306 senatu
1333 2273 1374 2306 et
1403 2265 1571 2306 laudata
1601 2273 1676 2306 est.

318 2327 559 2368 censoribus
586 2327 734 2368 deinde
760 2326 1086 2381 postulantibus,
1118 2334 1163 2366 ut.
1187 2327 1386 2381 pecuniae
1413 2342 1575 2368 summa
1600 2326 1677 2368 sibi

318 2403 398 2440 qua
428 2388 470 2428 in
501 2404 627 2443 opera
656 2389 822 2443 publica
855 2396 1067 2430 uterentur
1095 2387 1466 2443 [adtribueretur‚]
1501 2388 1677 2443 vectigal

319 2465 501 2490 annuum
528 2451 739 2491 decretum
765 2458 840 2491 est.

404 2511 701 2554 XXXXVH.
749 2513 913 2553 Eodem
939 2527 1047 2553 anno
1072 2512 1114 2552 in
1139 2512 1347 2567 Hispania
1365 2513 1418 2553 L.
1433 2511 1674 2554 Postumius

320 2578 359 2611 et
385 2572 449 2612 Ti.
479 2572 748 2627 Sempronius
779 2581 1068 2629 propraetores
1107 2582 1452 2628 comparaverunt
1479 2573 1537 2614 ita
1570 2573 1676 2614 inter
