1799 2900
482 148 635 182 LIBER
659 147 887 191 xxxvm,
913 146 968 181 44.
988 146 1044 180 45.
1074 147 1123 190 [a.
1140 144 1274 188 om]
1475 132 1555 174 357

203 257 280 296 bus
307 254 359 295 ab
385 268 430 294 se
454 252 584 308 gestis
610 251 882 306 postulasset,
919 259 964 291 ut
989 250 1040 291 ob
1072 264 1142 290 eas
1169 248 1246 290 diis
1271 246 1558 289 inmortalibus

203 317 334 358 honos
361 315 582 356 haberetur
608 313 769 366 sibique
794 311 1066 367 triumphanti
1085 312 1230 352 urbem
1248 309 1388 351 invehi
1406 309 1560 357 liceret,

204 378 541 420 contradixerunt
571 391 666 431 pars
699 375 830 416 maior
861 375 1005 416 decem
1037 374 1270 428 legatorum
1294 371 1364 426 qui
1389 385 1483 412 cum
1513 385 1562 410 eo
1590 383 1627 413 11

203 440 385 488 fuerant,
412 448 453 480 et.
477 446 572 479 ante
599 438 699 478 alios
725 437 779 479 L.
805 437 956 478 Furius
982 436 1190 491 Purpurio
1215 442 1254 476 et
1280 434 1334 475 L.
1355 432 1562 474 Aemilius

202 502 382 543 Paulus:

288 562 538 605 XXXXV.
576 562 765 617 Legatos
793 576 885 602 sese
907 559 986 602 Cn.
1000 560 1161 601 Manlio
1187 559 1304 600 datos
1330 556 1444 614 pacis
1471 570 1565 597 cum
1592 567 1607 596 1

205 626 417 667 Antiocho
443 625 658 666 faciendae
691 639 817 665 causa
847 623 1110 676 foederisque
1140 622 1299 676 legum,
1339 634 1444 673 quae
1471 632 1566 658 cum

204 689 258 729 L.
276 687 470 743 Scipione
490 687 708 728 inchoatae
728 687 924 735 fuissent,
950 684 1307 740 perficiendarum.
1347 681 1426 723 Cn.
1441 681 1565 720 Man-

206 751 306 791 lium
334 765 495 791 summa
526 765 603 804 ope
634 749 878 797 tetendisse,
916 755 961 788 ut
994 762 1085 788 eam
1116 760 1261 801 pacem
1287 745 1489 791 turbaret,
1526 748 1567 782 et

206 812 482 861 Antiochum,
510 812 546 851 si
571 811 633 852 sui
659 817 910 865 potestatem
935 809 1122 858 fecisset,
1153 808 1312 849 insidiis
1339 805 1566 860 exciperet3

208 875 282 915 sed
307 874 421 914 illum
447 873 613 928 cognita
638 873 784 913 fraude
816 871 1018 920 consulis,
1056 885 1150 911 cum
1181 884 1306 924 saepe
1338 866 1565 920 conloquiis

206 936 345 991 petitis
379 943 567 990 captatus
601 944 729 983 esset,
768 950 851 975 non
883 948 1153 988 congressum
1183 931 1326 980 modo,
1366 930 1440 971 sed
1471 943 1569 969 con-

209 1006 397 1052 spectum
423 998 547 1037 etiam
573 996 660 1036 cius
687 996 854 1036 vitasse,
916 995 1151 1049 cupientem
1182 992 1356 1034 transire
1381 991 1568 1031 Taurum
1593 1002 1612 1031 3

209 1074 331 1114 aegre
352 1059 536 1100 omnium
555 1058 788 1113 legatorum
806 1057 1012 1112 precibus,
1039 1071 1090 1096 ne
1111 1055 1360 1096 carminibus
1385 1051 1570 1106 Sibyllae

207 1121 462 1176 praedictam
489 1119 780 1173 superantibus
807 1118 1004 1159 terminos
1030 1117 1168 1157 fatalis
1201 1116 1361 1156 cladem
1393 1113 1571 1168 experiri

209 1183 352 1230 vellet,
383 1189 589 1221 retentum
615 1181 808 1220 admosse
833 1188 971 1219 tamen
998 1179 1224 1219 exercitum
1250 1185 1288 1217 et
1314 1190 1443 1230 prope
1468 1174 1571 1229 ipsis

208 1244 316 1298 iugis
338 1243 390 1283 ad
411 1242 585 1283 divortia
607 1257 808 1294 aquarum
829 1251 964 1281 castra
983 1240 1186 1295 posuisse.
1226 1254 1319 1279 cum
1339 1237 1395 1278 ibi
1416 1237 1572 1276 nullam
1597 1249 1618 1277 4

210 1304 307 1346 belli
331 1319 500 1344 causam
526 1304 730 1344 inveniret
755 1303 1062 1356 quiescentibus
1093 1301 1238 1355 regiis,
1278 1299 1572 1353 circumegisse

211 1366 437 1407 exercitum
468 1366 521 1406 ad
554 1364 874 1420 Gallograceos,
912 1365 978 1405 eui
1012 1364 1170 1404 nationi
1201 1378 1285 1403 non
1315 1377 1367 1403 ex
1405 1367 1572 1401 senatus
1600 1374 1618 1402 5

212 1428 472 1477 auctoritate,
498 1443 582 1468 non
605 1427 748 1482 populi
774 1427 891 1467 iussu
916 1426 1070 1467 bellum
1094 1426 1268 1466 inlatum
1278 1441 1287 1474 3
1316 1423 1425 1477 quod
1451 1437 1574 1475 quem

210 1505 409 1543 umquam
435 1490 485 1530 dc
513 1505 587 1529 sua
613 1489 817 1530 sententia
843 1491 979 1529 facere
1006 1488 1178 1528 ausum?
1226 1485 1446 1534 Antiochi,
1472 1484 1574 1524 Phi-

212 1552 332 1606 lippi,
375 1551 625 1591 Hannibalis
660 1558 700 1591 et
729 1551 967 1591 Poenorum
1000 1549 1286 1590 recentissima
1314 1547 1424 1588 bella
1461 1560 1572 1593 esse3

214 1615 264 1655 de
303 1614 494 1655 omnibus
531 1614 594 1654 his
633 1613 866 1654 consultum
905 1620 1112 1660 senatum,
1150 1611 1351 1666 populum
1388 1608 1574 1656 iussisse,
1602 1621 1619 1650 6

214 1692 287 1732 per
318 1677 478 1731 legatos
511 1684 605 1716 ante
637 1691 702 1716 res
733 1675 950 1730 repetitas,
988 1682 1199 1728 postremo
1231 1672 1300 1725 qui
1330 1671 1485 1712 bellum
1516 1670 1577 1709 in-

215 1739 399 1779 dicerent
423 1737 588 1778 missos.
638 1736 758 1790 ‘quid
783 1751 942 1784 eorum,
971 1734 1050 1775 Cn.
1076 1734 1224 1782 Manli,
1250 1733 1404 1773 factum
1431 1740 1506 1780 est,
1533 1738 1577 1770 ut
1604 1746 1621 1774 7

214 1800 326 1841 istud
356 1800 568 1854 publicum
598 1799 741 1853 populi
766 1798 947 1839 Romani
980 1797 1135 1837 bellurn
1168 1803 1208 1836 et
1239 1810 1323 1836 non
1354 1802 1470 1834 tuum
1494 1794 1577 1848 pri-

216 1872 357 1903 vatum
383 1862 645 1903 latrocinium
671 1861 895 1901 ducamus?
944 1867 984 1900 at
1010 1874 1058 1900 eo
1084 1859 1176 1913 ipso
1203 1865 1419 1898 contentus
1446 1856 1574 1905 suisti,
1601 1870 1620 1899 3

216 1934 328 1966 recto
360 1925 505 1965 itinere
538 1923 694 1964 duxisti
726 1922 953 1964 exercitum
986 1922 1039 1962 ad
1070 1936 1160 1970 eos,
1199 1935 1301 1973 quos
1339 1919 1412 1959 tibi
1448 1917 1578 1959 hostis

219 1988 533 2042 dcsumpseras3
578 2002 629 2026 an
660 2001 734 2040 per
766 2000 909 2026 omncs
943 1984 1153 2024 anfractus
1186 1983 1363 2029 viarum,
1402 1995 1496 2021 cum
1528 1979 1581 2020 ad

218 2050 330 2090 bivia
355 2049 623 2097 consisteres,
650 2056 695 2088 ut
721 2062 802 2101 quo
823 2047 1010 2087 flexisset
1029 2060 1179 2100 agmen
1193 2044 1362 2084 Attalus
1379 2042 1579 2083 Eumenis
1607 2055 1624 2085 9

220 2112 364 2159 frater,
392 2126 440 2151 eo
467 2110 611 2150 consul
636 2109 944 2150 mercennarius
972 2122 1064 2148 cum
1091 2106 1273 2148 exercitu
1298 2106 1490 2146 Romano
1518 2118 1582 2144 se-

222 2172 422 2225 quereris,
470 2171 656 2212 Pisidiae
693 2170 1018 2225 Lycaoniaeque
1062 2177 1102 2209 et
1136 2167 1348 2222 Phrygiae
1390 2180 1581 2207 recessus

223 2233 355 2274 omnis
387 2242 511 2286 atque
544 2233 719 2287 angulos
751 2231 1001 2286 peragrasti,
1041 2231 1191 2285 stipem
1223 2230 1274 2269 ab
1300 2228 1484 2283 tyrannis
1517 2242 1583 2267 ca-

224 2295 492 2347 stellanisque
519 2295 650 2335 deviis
678 2295 903 2349 colligens?
941 2293 1041 2346 quid
1066 2292 1175 2333 enim
1200 2291 1274 2332 tibi
1300 2306 1393 2331 cum
1420 2290 1584 2331 Oroan-
1612 2302 1652 2331 10

224 2357 312 2398 dis?
350 2357 449 2410 quid
470 2371 564 2396 cum
585 2357 674 2396 aliis
698 2371 828 2409 aeque
848 2355 1027 2395 innoxiis
1048 2353 1236 2409 populis?
1272 2352 1425 2393 bellum
1446 2360 1585 2392 autem

223 2419 379 2473 ipsum,
420 2419 535 2459 cuius
567 2419 733 2459 nomine
765 2417 1019 2472 triumphum
1052 2416 1179 2471 petis,
1224 2430 1304 2468 quo
1335 2414 1458 2455 modo
1490 2428 1585 2468 ges-

225 2481 339 2522 sisti?
386 2481 477 2522 loco
505 2495 654 2533 aequo,
694 2488 879 2534 tempore
911 2488 980 2519 tuo
1012 2478 1234 2533 pugnasti?
1282 2485 1326 2517 tu
1352 2491 1450 2517 vero
1474 2484 1585 2516 recte
1614 2489 1649 2518 11

224 2551 268 2584 ut
290 2543 366 2584 diis
387 2542 674 2584 inmortalibus
695 2541 826 2583 honos
848 2541 1050 2582 habeatur
1069 2539 1268 2595 postulas,
1283 2538 1461 2594 primum
1476 2537 1588 2591 quod

225 2620 300 2661 pro
324 2605 556 2646 temeritate
581 2604 853 2660 impera-toris,
881 2603 994 2644 nullo
1020 2602 1207 2658 gentium
1231 2602 1319 2643 iure
1343 2601 1499 2643 bellum
1524 2600 1586 2640 in-

1591 689 1609 718 ιθ
