1799 2900
277 132 361 174 456
574 138 726 173 LIBER
749 138 918 182 XXXX,
944 138 997 173 36.
1019 139 1073 174 37.
1102 142 1199 183 [a.u.
1215 139 1340 183 c.574]

278 245 455 286 adducto
477 256 559 296 quo
580 241 757 296 amplius
779 241 940 281 duabus
961 242 1195 296 legionibus
1218 257 1341 296 quam
1357 243 1501 284 decem
1520 241 1633 282 milia

213 324 249 353 11
278 314 318 348 et
337 303 628 358 quadringenti
648 303 822 358 pedites,
850 303 1035 344 sexcenti
1056 304 1214 357 equites
1235 313 1388 353 essent,
1415 315 1454 346 et
1475 305 1633 345 socium

276 367 419 409 Latini
444 365 622 406 nominis
650 365 869 406 duodecim
894 366 1020 414 milia,
1048 367 1234 408 sexcenti
1260 368 1431 421 equites,
1459 382 1633 421 quorum

277 429 374 471 sorti
399 444 526 484 opera
558 429 721 469 duobus
755 428 956 469 adversus
985 427 1219 469 Celtiberos
1251 430 1418 484 procliis
1451 445 1552 470 usus
1578 430 1632 481 Q.

214 509 250 537 12
275 491 450 534 Fulvius
471 499 595 540 essct,
623 506 708 540 eos,
735 491 770 531 si
791 490 1012 540 videretur,
1035 506 1176 531 secum
1191 492 1438 546 deportaret.
1477 501 1515 534 et
1537 508 1635 547 sup-

276 553 521 609 plicationes
537 553 740 601 decretae,
758 553 868 606 quod
881 553 916 593 is
937 568 1135 607 prospere
1149 568 1235 594 rem
1255 554 1464 608 publicam
1478 555 1635 609 gessis-

213 632 250 661 13
279 624 353 665 set,
377 624 417 657 et
436 616 561 656 ceteri
581 623 792 670 praetores
822 616 863 655 in
889 615 1124 670 provincias
1151 616 1282 656 missi.
1321 616 1375 667 Q.
1395 617 1528 657 Fabio
1549 617 1634 657 Bu-

277 678 388 720 teoni
413 686 683 733 prorogatum
714 677 757 718 in
786 676 925 719 Gallia
948 678 1165 732 imperium
1193 686 1268 719 est.
1330 686 1423 719 octo
1448 678 1634 732 legiones

277 748 442 795 praeter
468 740 695 781 exercitum
720 747 922 788 veterem,
956 741 1024 793 qui
1051 740 1093 780 in
1119 741 1349 795 Liguribus
1375 740 1417 780 in
1443 755 1516 795 spe
1541 756 1636 795 pro-

214 819 252 848 14
279 803 435 857 pinqua
470 802 680 843 missionis
714 810 820 851 erat,
859 817 907 843 eo
939 817 1047 843 anno
1073 817 1166 843 esse
1198 803 1364 857 placuit.
1415 810 1456 843 et
1485 802 1520 843 is
1546 803 1636 857 ipse

278 865 482 906 exercitus
509 880 634 919 aegre
655 865 901 920 explebatur
922 872 1091 919 propter
1109 865 1401 920 pestilentiam,
1429 879 1533 918 quae
1555 873 1636 905 tcr-

277 928 379 968 tium
404 928 484 967 iam
513 943 666 968 annun]
691 928 837 968 urbem
850 927 1086 968 Romanam
1105 935 1228 980 atque
1243 927 1407 968 Italiam
1429 928 1632 968 vastabat.

237 1008 249 1035 1
362 990 611 1032 XXXVII.
660 990 838 1031 Praetor
868 990 933 1030 Ti.
959 989 1173 1030 Minucius
1205 998 1246 1030 et
1276 989 1387 1030 haud
1417 990 1473 1030 ita
1504 990 1635 1030 multo

276 1060 369 1106 post
396 1052 540 1093 consul
568 1051 617 1093 C.
646 1051 899 1107 Calpurnius
927 1051 1100 1092 moritur
1125 1052 1325 1104 multique
1353 1051 1422 1092 alii
1448 1052 1634 1092 omnium

233 1130 250 1159 2
277 1115 468 1155 ordinum
500 1114 695 1155 inlustres
729 1114 818 1155 viri.
846 1124 1058 1169 postremo
1091 1114 1269 1169 prodigii
1300 1114 1392 1155 loco
1419 1129 1468 1155 ea
1495 1115 1634 1155 clades

278 1177 421 1218 haberi
447 1185 594 1231 coepta
620 1186 695 1218 cst.
736 1176 785 1218 C.
803 1176 1005 1218 Servilius
1032 1177 1221 1231 pontifex
1240 1178 1445 1218 maximus
1473 1176 1636 1232 piacula

275 1240 359 1280 irae
386 1240 509 1280 desim
542 1240 782 1293 conquirere
814 1239 972 1288 iussus,
1006 1240 1229 1280 decemviri
1259 1240 1386 1280 libros
1418 1239 1634 1294 inspicere,

277 1302 422 1343 consul
447 1302 652 1357 Apollini,
678 1301 953 1356 Aesculapio,
988 1301 1122 1342 Saluti
1154 1302 1263 1343 dona
1288 1317 1438 1342 vovere
1466 1311 1505 1342 ct
1537 1302 1634 1342 dare

232 1377 250 1405 3
278 1364 397 1419 signa
421 1365 628 1413 inaurata3
657 1379 761 1417 quae
789 1365 900 1405 vovit
927 1364 1133 1417 deditque.
1180 1364 1402 1405 decemviri
1429 1364 1635 1419 supplica-

277 1427 431 1468 tionem
456 1427 497 1466 in
522 1427 694 1467 biduum
720 1427 957 1467 valitudinis
984 1441 1109 1467 causa
1140 1426 1182 1466 in
1206 1427 1308 1467 urbe
1334 1435 1373 1467 et
1398 1442 1472 1481 per
1497 1427 1636 1467 omnia

276 1489 367 1529 fera
398 1489 752 1541 conciliabulaque
784 1488 1020 1538 edchrunt3
1053 1489 1231 1529 maiores
1265 1489 1484 1529 duodecim
1516 1489 1634 1529 annis

276 1566 419 1591 omnes
435 1550 619 1591 coronati
633 1563 670 1590 et
686 1550 868 1590 lauream
883 1551 924 1590 in
940 1558 1267 1591 manutenentes
1284 1551 1634 1605 supplicaverunt.

232 1628 249 1655 4
277 1613 434 1653 fraudis
461 1627 625 1665 quoque
651 1613 857 1652 humanae
884 1612 1166 1653 insinuaverat
1199 1613 1374 1667 suspitio
1401 1613 1568 1662 animis3
1596 1621 1636 1654 et

276 1675 463 1716 veneficii
490 1675 678 1728 quaestio
705 1690 756 1716 ex
784 1684 952 1715 senatus
980 1675 1188 1724 consulto,
1215 1676 1326 1728 quod
1348 1675 1389 1715 in
1414 1677 1515 1717 urbe
1540 1691 1636 1731 pro-

274 1738 421 1792 piusve
447 1738 593 1778 urbem
619 1738 763 1778 decem
788 1738 954 1778 milibus
987 1753 1188 1792 passuum
1215 1746 1325 1778 esset
1353 1738 1634 1787 commissum,

277 1800 326 1841 C.
345 1799 522 1841 Claudio
537 1800 729 1855 praetori,
755 1800 824 1853 qui
839 1800 881 1839 in
894 1800 1031 1840 locum
1046 1800 1111 1840 Ti.
1126 1800 1302 1840 Minucii
1317 1808 1402 1841 erat
1420 1800 1634 1849 suffectus,

273 1863 381 1903 ultra
396 1863 602 1903 decimum
621 1863 801 1917 lapidem
822 1879 894 1918 per
909 1864 998 1904 fora
1013 1864 1368 1916 conciliabulaque
1384 1862 1433 1905 C.
1448 1863 1633 1912 BIaenio,

274 1925 516 1980 priusquam
552 1925 594 1965 in
632 1924 869 1966 Sardiniam
905 1926 1163 1980 provinciam
1200 1926 1409 1975 traiceret,
1455 1926 1632 1966 decreta.

229 2000 248 2028 5
277 1996 472 2042 suspecta
503 1987 683 2028 consulis
718 1996 805 2028 erat
835 2003 947 2028 mors
979 1988 1172 2028 maxime.
1222 1996 1392 2028 necatus
1426 2003 1449 2028 a
1475 1986 1635 2038 Quarta

231 2063 248 2092 6
274 2050 457 2091 Hostilia
481 2065 610 2090 uxore
632 2050 858 2090 dicebatur.
897 2058 939 2090 ut
961 2051 1127 2103 quidem
1154 2051 1260 2090 filius
1283 2051 1369 2090 eius
1391 2049 1444 2101 Q.
1459 2050 1633 2090 Fulvius

274 2112 452 2153 Flaccus
478 2112 521 2152 in
546 2112 683 2153 locum
709 2112 843 2152 vitrici
870 2113 1015 2153 consul
1041 2121 1105 2153 est
1136 2113 1388 2161 declaratus,
1423 2112 1634 2165 aliquanto

274 2174 408 2229 magis
435 2174 604 2215 infamis
624 2190 735 2215 mors
754 2174 922 2215 Pisonis
946 2176 1081 2230 coepit
1107 2190 1218 2224 esse;
1247 2187 1286 2216 et
1312 2183 1440 2216 testes
1462 2174 1635 2215 exsiste-

275 2237 387 2286 bant,
406 2237 472 2290 qui
489 2247 583 2291 post
598 2237 828 2278 declaratos
846 2238 1037 2279 consules
1049 2238 1251 2278 Albinum
1266 2246 1306 2278 et
1317 2238 1530 2286 Pisonem,
1547 2237 1636 2290 qui-

276 2299 352 2340 bus
374 2299 550 2340 comitiis
564 2300 741 2340 Flaccus
763 2300 913 2341 tulerat.
931 2300 1154 2355 repulsam,
1177 2308 1215 2341 et
1240 2302 1534 2355 exprobratum
1555 2299 1591 2340 ei
1611 2315 1635 2339 a

276 2370 406 2402 matre
433 2362 633 2411 dicerent,
668 2363 779 2416 quod
808 2364 892 2403 iam
919 2363 955 2403 ei
988 2364 1154 2404 tertium
1181 2372 1358 2418 negatus
1394 2363 1633 2403 consulatus

275 2424 430 2477 petenti
457 2433 579 2471 esset,
607 2433 647 2465 et
673 2425 894 2466 adiecisse:
921 2434 1083 2480 pararet
1112 2441 1155 2466 se
1182 2427 1233 2466 ad
1258 2426 1500 2480 petendum;
1527 2425 1635 2465 intra

234 2497 250 2525 7
278 2485 380 2525 duos
406 2501 570 2527 menses
593 2487 847 2536 effecturam,
874 2496 918 2528 ut
939 2488 1084 2529 consul
1108 2488 1238 2529 fieret.
1276 2488 1381 2528 inter
1406 2487 1535 2528 multa
1554 2487 1634 2526 alia.

276 2546 512 2587 testimonia
537 2549 589 2588 ad
615 2564 783 2589 eausam
809 2549 1059 2604 pertinentia
1084 2549 1186 2590 haec
1207 2564 1369 2603 quoquc
1392 2565 1484 2598 vox,
1510 2547 1631 2588 nimis

278 2622 374 2648 vero
401 2619 550 2650 eventu
567 2612 852 2665 comprobata,
879 2611 1021 2661 valuit,
1049 2626 1120 2652 eur
1146 2612 1329 2652 Hostilia
1355 2612 1629 2651 damnaretur.
