1799 2900
464 145 617 179 LIBER
642 145 851 188 XXXIIII,
878 145 931 179 ⁶23.
952 143 1005 178 94.
1034 146 1082 188 [a.
1099 143 1137 178 C.
1152 143 1233 187 195]
1447 133 1526 173 143

177 249 257 290 seri
282 248 456 289 aliorum
481 247 710 288 sententiae
736 256 906 302 coeptae
933 255 1040 288 sunt.
1089 261 1183 287 cum
1207 247 1369 301 legatus
1394 244 1528 285 Athe-
1554 258 1572 287 ‘2

174 311 393 358 niensium,
419 318 620 363 quantum
644 317 805 363 poterat
830 312 957 364 gratis
985 309 1157 363 agendis
1178 309 1463 350 Romanorum
1486 306 1528 346 in

176 372 396 413 Graeciam
427 371 573 413 merita
610 372 828 412 extulisset
858 397 890 400 —
921 372 1146 426 inploratos
1186 370 1418 423 (auxilium)
1457 369 1528 409 ad-

176 449 319 474 versus
345 434 587 488 Philippum
611 434 756 474 tulisse
782 449 921 488 opem,
948 449 1030 474 non
1055 442 1222 488 rogatos
1250 433 1356 472 ultro
1383 431 1528 471 adver·
1554 443 1572 472 3

176 511 246 536 sus
284 503 506 549 tijannum
542 495 693 536 Nabim
731 496 879 536 offerre
917 495 1113 535 auxilium
1143 519 1177 522 —
1206 494 1527 547 indignatusque

175 565 286 598 esset
330 557 432 598 haec
475 565 591 598 tanta
632 557 778 597 merita
820 557 1078 597 sermonibus
1123 564 1261 597 tamen
1299 556 1529 608 aliquorum

175 619 306 673 carpi,
344 619 483 660 futura
508 619 864 667 calumniantium,
904 633 997 659 cum
1022 619 1142 659 fateri
1166 619 1304 672 potius
1331 617 1528 672 practeri—
1553 628 1571 656 4

175 690 308 722 torum
335 682 511 736 gratiam
537 682 746 730 deberent,
774 682 1002 735 adparebat
1033 681 1184 721 incessi
1208 680 1397 720 Aetolos.
1451 678 1527 732 igi·
1554 691 1572 718 5

175 750 240 783 tur
266 743 507 784 Alexander
531 743 723 798 princeps
751 744 885 798 gentis
912 743 1099 784 invectus
1125 742 1303 797 primum
1327 742 1369 781 in
1393 741 1527 780 Athe-

175 805 344 853 niensis,
366 805 566 845 libertatis
583 805 790 857 quondam
806 805 930 845 duces
947 813 985 845 et
1007 812 1208 852 auctores,
1230 802 1527 844 adsentationis

173 866 363 920 propriae
401 867 536 919 gratia
574 881 835 907 communem
873 881 1041 907 causam
1084 865 1316 920 prodentis,
1356 872 1526 917 questus
1555 874 1572 903 6

174 927 335 976 deinde,
355 928 551 969 Achaeos
565 929 750 982 Philippi
771 929 979 981 quondam
1004 929 1168 976 milites,
1196 928 1248 967 ad
1273 936 1529 982 postremum

173 989 368 1030 inclinata
394 990 480 1030 eius
507 991 672 1030 fortuna
698 991 951 1044 transfugas,
979 998 1019 1030 et.
1045 989 1293 1030 Corinthum
1318 989 1526 1043 recepisse

172 1058 212 1091 et
248 1051 290 1090 id
327 1066 463 1105 agere,
501 1060 546 1092 ut
581 1053 722 1105 Argos
758 1052 950 1099 habeant,
986 1051 1162 1091 Aetolos
1201 1051 1357 1104 primos
1394 1051 1525 1091 hostis

170 1113 372 1168 Philippi,
412 1128 576 1167 semper
607 1114 741 1154 socios
772 1114 1077 1161 Romanorum,
1109 1123 1254 1166 pactos
1286 1113 1329 1152 in
1359 1113 1526 1153 foedere

171 1190 266 1215 suas
288 1176 410 1215 urbes
426 1190 631 1229 agrosque
653 1175 740 1215 fore
762 1175 924 1215 devicto
937 1175 1146 1228 Philippo,
1168 1174 1349 1214 fraudari
1363 1174 1526 1214 Echino

170 1244 209 1277 ct
243 1236 467 1285 Pharsalo,
505 1237 760 1278 insimulavit
795 1237 953 1277 fraudis
991 1237 1226 1284 Romanos,
1271 1237 1380 1289 quod
1419 1251 1524 1275 vano
1551 1243 1570 1272 S

168 1298 285 1340 titulo
332 1299 534 1339 libertatis
584 1307 789 1340 ostentato
833 1298 1078 1340 Chalcidem
1127 1306 1167 1339 et
1209 1298 1525 1339 Demetriadem

168 1360 385 1415 praesidiis
411 1370 617 1410 tenerent,
650 1362 716 1414 qui
743 1362 939 1416 Philippo
965 1360 1175 1401 cunctanti
1200 1361 1404 1401 deducere
1429 1360 1525 1399 inde

167 1422 375 1476 praesidia
411 1423 573 1464 obicere
611 1439 774 1478 semper
812 1423 919 1463 soliti
963 1423 1061 1469 sint,
1105 1436 1352 1475 numquam,
1394 1422 1525 1462 donec
1551 1430 1569 1458 9

166 1484 405 1525 Demetrias
440 1484 691 1538 Chalcisque
723 1494 763 1526 et
795 1484 1020 1526 Corinthus
1058 1493 1314 1533 tenerentur,
1352 1484 1524 1524 liberam

170 1545 389 1586 Graeciam
421 1546 524 1594 fore,
543 1556 752 1600 postremo
796 1548 892 1600 quia
931 1547 1127 1588 manendi
1157 1547 1197 1586 in
1226 1546 1403 1587 Graecia
1428 1546 1524 1586 reti·
1552 1552 1591 1582 10

168 1607 374 1660 nendique
418 1609 622 1648 exercitus
659 1609 801 1662 Argos
846 1618 885 1649 et
923 1609 1074 1649 Nabim
1112 1623 1277 1649 causam
1324 1609 1521 1648 facerent.

168 1670 433 1723 deportarent
475 1670 660 1723 legiones
704 1670 746 1709 in
784 1670 968 1719 Italiam:
1005 1671 1181 1710 Aetolos
1223 1670 1408 1724 polliceri
1452 1677 1521 1709 aut
1550 1676 1585 1703 11

167 1731 478 1772 condicionibus
512 1739 552 1771 et
583 1731 794 1772 voluntate
827 1747 901 1771 sua
931 1732 1083 1772 Nabim
1112 1732 1366 1785 praesidium
1392 1731 1521 1785 Argis

167 1793 456 1840 deducturum,
495 1802 565 1833 aut
596 1793 634 1832 vi
668 1802 790 1846 atque
827 1793 950 1833 armis
983 1804 1198 1834 coacturos
1238 1794 1280 1833 in
1316 1800 1522 1847 potestate

166 1855 460 1896 consentientis
490 1854 692 1896 Graeciae
718 1870 823 1896 esse.

250 1916 454 1957 XXIIII.
516 1918 635 1957 Haec
680 1916 988 1969 vaniloquentia
1030 1916 1207 1971 primum
1249 1916 1563 1960 Aristaenuml

165 1987 399 2032 praetorem
423 1978 693 2019 Achaeorum
726 1979 931 2019 excitavit.
994 1983 1063 2019 ‘ne
1089 1978 1212 2018 istuc'
1244 1978 1375 2030 inquit
1403 1978 1520 2032 ‘Iup-

165 2039 270 2094 piter
296 2040 474 2094 optimus
501 2040 707 2080 maximus
734 2040 822 2081 sirit
847 2041 1034 2092 Iunoque
1059 2040 1221 2094 regina,
1249 2040 1364 2079 cuius
1390 2040 1432 2079 in.
1457 2047 1520 2079 tu-

166 2102 248 2142 tela
273 2102 381 2156 Argi
412 2111 526 2151 sunt,
563 2110 609 2142 ut
638 2103 707 2142 illa
741 2103 884 2143 civitas
917 2102 1023 2142 inter
1054 2110 1275 2155 tyrannum
1305 2101 1520 2142 Lacedae-

165 2163 348 2204 monium
380 2172 420 2204 et
456 2165 636 2205 latrones
668 2165 844 2205 Aetolos
882 2164 1111 2219 praemium
1144 2164 1195 2204 sit
1231 2164 1368 2217 posita
1397 2163 1439 2203 in
1471 2178 1519 2204 eo

166 2225 420 2274 discrimine,
457 2233 503 2266 ut
538 2226 729 2266 miserius
763 2242 787 2266 a
818 2226 935 2267 vobis
967 2226 1188 2279 recipiatur
1219 2240 1342 2277 quam
1369 2226 1419 2265 ab
1448 2225 1518 2266 illo

165 2294 286 2340 capta
323 2294 396 2327 est.
457 2303 570 2328 mare
606 2288 864 2328 interiectum
903 2289 954 2328 ab
992 2288 1081 2328 istis
1120 2287 1397 2341 praedonibus
1434 2302 1517 2327 non

167 2355 301 2387 tuetur
326 2363 421 2393 nos,
449 2348 499 2388 T.
528 2348 711 2399 Quincti.
773 2349 888 2401 quid,
927 2349 961 2389 si
991 2349 1033 2388 in
1065 2349 1201 2389 media
1225 2349 1517 2403 Peloponneso

166 2423 303 2449 arcem
335 2409 412 2449 sibi
438 2410 629 2457 fecerint,
666 2410 849 2450 futurum
879 2410 998 2451 nobis
1026 2411 1112 2451 est?
1147 2411 1333 2464 linguam
1358 2418 1518 2450 tantum

166 2469 422 2510 Graecorum
464 2471 636 2517 habent,
681 2471 787 2511 sicut
829 2472 1010 2526 speciem
1053 2472 1283 2521 hominium
1332 2472 1515 2513 moribus
1542 2487 1560 2514 4

163 2531 391 2585 ritibusque
417 2533 718 2574 efferatioribus
757 2548 881 2587 quam
911 2535 983 2574 ulli
1014 2535 1197 2583 barbari,
1234 2535 1359 2575 immo
1392 2549 1514 2587 quam

163 2593 350 2635 imnancs
387 2595 533 2636 beluae
569 2595 726 2635 vivunt.
786 2596 925 2649 itaque
963 2612 1036 2638 vos
1073 2612 1288 2651 rogamus,
1320 2597 1512 2643 Romani,

1554 1060 1569 1068 ,-

1556 1072 1563 1088 t

1545 1995 1563 2023 10

1543 2301 1561 2330 02
