1799 2900
456 118 608 153 LIBER
632 118 837 164 xxxvii,
862 120 915 154 29.
936 120 990 154 30.
1019 121 1067 162 [a.
1083 119 1122 156 e.
1138 119 1217 163 190]
1431 110 1514 152 285

164 224 328 273 classis,
365 223 470 264 binis
503 222 545 262 in
576 222 761 263 ordinem
786 223 961 263 navibus
993 223 1117 277 longo
1143 222 1307 277 agmine
1333 222 1516 271 veniens,

163 295 203 327 et
238 286 329 341 ipsa
365 285 495 326 aciem
532 284 750 325 adversam
787 285 981 339 explicuit
1021 285 1139 326 laevo
1178 292 1337 325 tantum
1374 293 1518 326 evecta

164 363 310 396 cornu,
336 354 380 387 ut
404 346 597 400 amplecti
623 355 662 386 et
688 346 857 388 circuire
884 347 1071 387 dextrum
1093 361 1220 387 cornu
1233 347 1518 388 Romanorum

162 417 315 464 posset.
378 409 488 462 quod
518 408 590 448 ubi
612 408 850 457 Eudamus,
889 408 959 461 qui
990 409 1165 462 cogebat
1196 423 1364 463 agmen,
1402 409 1516 456 vidit,

162 487 245 512 non
270 485 394 525 posse
421 484 596 523 aequare
623 470 807 511 ordinem
833 471 1046 511 Romanos
1078 478 1117 511 et
1143 478 1303 510 tantum
1328 485 1411 511 non
1436 471 1517 511 iam

163 533 323 574 circuiri
352 534 402 573 ab
429 533 574 573 dextro
601 546 746 581 cornu,
774 533 952 573 concitat
976 547 1104 573 naves
1125 557 1180 561 —
1204 541 1245 573 et
1270 540 1385 573 erant
1403 533 1519 574 Rho-

163 596 255 636 diae
281 595 404 649 longe
431 594 614 636 omnium
640 595 876 635 celerrimae
908 602 994 635 tota
1024 595 1156 635 classe
1181 619 1237 623 —
1261 604 1519 648 aequatoque

163 672 290 698 cornu
326 656 556 712 praetoriae
593 656 707 705 navi,
745 657 787 696 in
823 671 903 710 qua
933 657 1216 710 Polyxenidas
1254 666 1358 706 erat,
1403 672 1520 698 suam

164 720 327 760 obiecit.

248 781 405 822 XXX.
447 781 539 821 Iam
559 781 653 821 totis
675 781 797 822 simul
817 781 1019 822 classibus
1042 782 1092 821 ab
1115 781 1225 821 omni
1245 790 1359 836 parte
1379 796 1520 835 pugna

163 853 354 885 conserta
386 852 485 884 erat.
547 844 598 883 ab
629 843 830 884 Romanis
863 843 1072 897 octoginta
1102 858 1230 884 naves
1262 843 1517 898 pugnabant,

164 922 215 947 ex
240 906 387 959 quibus
428 905 602 946 {hodiae
629 905 733 945 duae
759 914 799 945 ct
824 905 969 959 viginti
994 912 1128 953 erant3
1166 905 1347 945 hostium
1373 905 1517 945 elassis

163 967 500 1021 undenonaginta
524 967 693 1007 navium
717 967 814 1015 fuit3
851 967 1056 1006 maximae
1088 968 1245 1007 formae
1276 981 1404 1007 naves
1437 975 1519 1006 tres

164 1030 338 1070 hexeres
366 1030 563 1077 habebat,
602 1029 704 1068 duas
738 1029 943 1082 hepteres.
1003 1029 1150 1069 robore
1181 1029 1349 1068 navium
1375 1037 1415 1069 et
1440 1029 1521 1068 Yir-

164 1100 248 1133 tute
280 1093 456 1132 militum
480 1091 659 1132 Romani
685 1091 808 1145 longe
836 1091 1060 1144 (Rhodios)
1088 1092 1374 1145 praestabant,
1405 1091 1520 1131 Rho-

163 1155 253 1195 diae
279 1169 406 1194 naves
434 1153 615 1207 agilitate
648 1162 688 1193 et
718 1161 803 1193 arte
835 1153 1158 1206 gubernatorum
1191 1160 1231 1193 et
1264 1153 1435 1193 scientia
1458 1167 1522 1192 re-

162 1216 337 1270 migum3
374 1216 555 1255 maximo
581 1224 718 1255 tamen
744 1215 932 1255 hostibus
960 1214 1103 1255 terrori
1130 1215 1244 1255 fuere
1271 1229 1375 1267 quac
1400 1215 1519 1269 ignes

164 1293 260 1333 prae
287 1293 330 1318 se
357 1279 599 1332 portabant,
638 1285 679 1318 et
704 1278 815 1330 quod
839 1293 966 1317 unum
997 1279 1031 1317 is
1058 1278 1110 1317 ad
1134 1277 1420 1318 Panhormum
1445 1277 1521 1317 cir-

163 1340 393 1381 cumventis
422 1339 544 1379 saluti
568 1340 720 1388 fuerat,
758 1339 800 1379 id
824 1347 912 1379 tum
938 1340 1163 1379 maximum
1188 1347 1444 1380 momentum
1470 1339 1523 1378 ad

166 1401 377 1443 victoriam
402 1401 492 1441 fuit.
547 1416 642 1441 nam
667 1408 780 1441 metu
805 1401 913 1455 ignis
941 1401 1104 1441 adversi
1129 1401 1269 1455 regiae
1294 1415 1442 1449 naves,
1468 1415 1519 1440 ne

164 1479 284 1519 prora
310 1472 615 1511 concurrerent,
652 1478 745 1503 cum
771 1463 1067 1511 declinassent,
1100 1478 1233 1516 neque
1258 1463 1374 1517 ipsae
1400 1462 1521 1503 ferire

165 1533 296 1566 rostro
322 1525 484 1565 hostem
510 1532 701 1579 poterant
727 1532 766 1565 et
792 1525 980 1578 obliquas
1009 1525 1188 1579 seipsae
1209 1525 1261 1565 ad
1280 1525 1384 1564 ictus
1404 1539 1522 1578 prae-

163 1588 335 1635 bebant,
385 1594 425 1627 et
462 1587 495 1626 si
534 1601 614 1639 qua
652 1595 913 1627 concurrerat
956 1588 1206 1627 obruebatur
1246 1587 1384 1626 infuso
1421 1585 1520 1640 igni,

163 1649 380 1703 magisque
418 1648 470 1688 ad
506 1647 743 1688 incendium
775 1663 899 1700 quam
931 1648 983 1688 ad
1012 1648 1214 1702 proelium
1246 1647 1519 1701 trepidabant.

165 1711 387 1765 plurimum
413 1719 569 1758 tamen,
601 1725 705 1763 quae
733 1711 856 1759 solet,
891 1711 1066 1750 militum
1093 1710 1222 1751 virtus
1247 1711 1289 1750 in
1314 1710 1423 1750 bello
1450 1725 1521 1749 va-

164 1772 251 1812 luit.
301 1772 480 1812 mediam
505 1787 683 1824 namque
710 1772 840 1812 aciem
865 1772 1045 1812 hostium
1065 1771 1245 1812 Romani
1271 1785 1362 1811 eum
1388 1771 1523 1825 rupis-

165 1842 275 1883 sent,
302 1834 564 1875 circumveeti
589 1836 641 1875 ab
666 1841 783 1889 tergo
809 1834 1091 1888 pugnantibus
1111 1834 1312 1873 adversus
1331 1833 1520 1873 Rhodios

163 1896 289 1951 regiis
316 1911 408 1937 sese
429 1896 635 1945 obiecere,
660 1904 952 1949 momentoque
974 1895 1170 1950 temporis
1192 1902 1230 1935 et
1251 1895 1387 1935 media
1412 1895 1521 1935 acies

164 1958 365 1999 Antiochi
390 1966 430 1999 et
453 1958 572 1999 laevo
593 1973 720 2000 cornu
741 1958 1047 1999 circumventae
1067 1972 1194 1998 naves
1215 1957 1521 2011 mergebantur.

166 2021 311 2061 dextra
336 2036 432 2075 pars
457 2021 619 2076 integra
645 2021 849 2062 sociorum
875 2021 1009 2075 magis
1031 2020 1148 2060 clade
1169 2034 1291 2072 quam
1318 2034 1392 2059 suo
1417 2018 1524 2073 peri-

167 2083 259 2123 culo
296 2083 537 2124 terrebatur.
598 2091 781 2124 ceterum
817 2091 1038 2137 postquam
1075 2082 1174 2122 alias
1208 2081 1522 2128 circumventas,

166 2134 423 2198 praetoriani
439 2160 588 2185 navem
602 2144 887 2198 Polyxenidae
912 2144 1064 2184 relictis
1092 2143 1213 2184 sociis
1240 2143 1332 2183 vela
1357 2142 1524 2182 dantem

167 2205 320 2253 videre,
343 2206 515 2246 sublatis
530 2206 678 2261 raptim
695 2206 913 2247 dolonibus
928 2230 983 2234 —
998 2213 1037 2246 et
1058 2212 1145 2246 erat
1159 2205 1364 2245 secundus
1378 2211 1522 2258 peten-

167 2267 276 2307 tibus
308 2267 525 2322 Ephesum
557 2276 704 2308 vcntus
736 2292 793 2296 ——
823 2275 1047 2321 capessunt
1077 2267 1221 2321 fugam
1251 2265 1525 2320 quadraginta

168 2329 327 2369 duabus
354 2328 529 2369 navibus
555 2329 597 2368 in
623 2345 672 2370 ea
695 2345 837 2384 pugna
863 2329 1046 2376 amissis,
1075 2343 1247 2381 quarum
1273 2329 1416 2368 decem
1441 2335 1522 2368 tres

168 2398 313 2445 captae
337 2390 379 2429 in
403 2397 653 2444 potestatem
678 2391 858 2431 hostium
883 2399 1102 2438 venerunt,
1141 2398 1300 2431 ceterae
1331 2390 1524 2430 incensae

167 2458 238 2492 aut
263 2451 490 2492 demersae.
538 2452 823 2493 Romanorum
850 2452 954 2492 duae
974 2466 1103 2492 naves
1124 2452 1279 2492 fractae
1300 2458 1408 2499 sunt,
1435 2451 1524 2491 vul-

167 2520 335 2554 neratae
362 2513 528 2566 aliquot,
554 2514 721 2555 Rhodia
744 2529 827 2554 una
852 2520 973 2568 capta
996 2513 1253 2554 memorabili
1278 2527 1390 2554 casu,
1427 2527 1525 2553 nam

169 2589 262 2615 cum
296 2581 430 2616 rostro
466 2575 741 2629 percussisset
779 2574 993 2617 Sidoniam
1037 2590 1205 2624 navem,
1256 2589 1404 2616 ancora
1441 2574 1522 2615 ictu

1545 918 1563 946 (ὗ

1549 2341 1567 2370 S

1550 2464 1567 2492 ξ)
