1799 2900
466 109 619 144 LIBER
644 109 830 156 XXXVI,
858 111 909 145 18,
931 110 983 145 19.
1011 112 1059 154 [a.
1075 109 1114 145 C.
1130 109 1210 153 191]
1436 100 1515 141 237

165 215 264 256 tudo
296 213 393 255 valli
425 221 531 263 erat,
570 220 679 254 utet
708 214 846 254 locum
878 214 1131 268 superiorem
1163 214 1216 253 ad
1247 212 1517 268 pugnandum

165 277 249 318 suis
285 276 503 331 praeberet
540 283 581 315 et
623 284 791 330 propter
827 275 1129 329 longitudinem
1171 275 1383 315 hastarum
1422 275 1519 315 sub-

164 338 314 379 iectum
344 337 516 377 haberet
547 336 723 377 hostem.
784 337 902 377 multi
933 344 1086 378 temere
1113 338 1337 378 subeuntes
1365 337 1518 377 vallum
1543 348 1562 377 :3

164 399 350 440 transfixi
373 407 488 448 sunt3
516 406 557 439 et
583 407 653 439 aut
680 399 844 453 incepto
865 399 978 439 irrito
998 399 1271 439 recessissent
1291 407 1361 439 aut
1380 399 1519 454 plures

164 461 431 509 cecidissent,
469 461 511 500 ni
540 460 604 501 M.
635 461 809 501 Porcius
842 462 893 501 ab
925 461 1022 515 iugo
1050 460 1311 510 Callidromi,
1350 461 1519 501 deiectis

163 523 258 563 inde
283 523 447 563 Aetolis
480 530 521 563 et
553 538 707 577 magna
732 538 783 563 cx
815 530 930 577 parte
957 523 1089 563 caesis
1114 546 1171 551 —
1196 522 1383 564 incautos
1411 523 1520 563 enim

164 592 204 626 et
233 585 454 639 plerosque
492 585 648 640 sopitos
686 586 950 639 obpresserat
981 610 1053 633 —‚
1092 600 1215 640 super
1252 585 1521 626 inminentem

165 648 310 688 castris
338 647 485 687 collem
512 647 786 701 adparuisset.

249 709 445 751 XVIIII.
505 709 657 750 Flacco
682 724 766 750 non
791 709 936 749 cadem
962 709 1127 749 fortuna
1158 709 1211 749 ad
1235 708 1458 749 Tichiunta
1482 716 1520 748 et
1553 721 1560 748 1

163 771 467 820 Rhoduntiam,
516 773 769 824 nequiquam
808 772 945 812 subire
984 772 1036 811 ad
1073 786 1121 811 ea
1159 771 1328 812 castella
1359 778 1519 817 conato,

164 833 311 874 fuerat.
382 833 638 874 Macedones
683 834 832 887 quique
876 834 943 874 alii
984 834 1024 874 in
1064 834 1208 874 castris
1251 836 1361 888 regis
1405 842 1521 874 erant
1548 844 1564 872 2

164 896 315 950 primo,
354 897 451 936 dum
478 897 619 951 procul
646 897 745 936 nihil
772 897 882 937 aliud
907 912 1030 949 quam
1057 898 1178 937 turba
1203 904 1243 937 et
1269 912 1417 951 agmen
1451 897 1523 937 ad-

163 959 353 1012 parebat,
391 958 566 999 Aetolos
593 959 759 998 credere
786 959 876 998 visa
900 959 1043 1012 procul
1074 974 1216 1012 pugna
1242 959 1426 999 subsidio
1453 974 1522 999 ve-

164 1020 250 1060 nire
260 1036 269 1068 3
298 1029 478 1060 ceterum
505 1027 548 1059 ut
573 1020 751 1074 primum
778 1020 979 1072 signaque
1006 1028 1045 1059 et
1072 1034 1186 1059 arma
1212 1035 1262 1060 ex
1288 1020 1520 1074 propinquo
1547 1032 1565 1059 3

164 1082 330 1136 cognita
355 1097 534 1122 errorem
560 1089 828 1136 aperuerunt,
867 1089 1005 1122 tantus
1031 1089 1201 1135 repente
1232 1097 1362 1136 pavor
1388 1083 1520 1122 01111115

164 1144 289 1198 cepit,
316 1152 361 1184 ut
386 1144 556 1184 abiectis
583 1144 707 1184 armis
734 1144 938 1198 fugerent.
999 1151 1040 1184 61
1065 1143 1320 1184 111uni1nenta
1346 1158 1522 1197 sequen·
1548 1155 1565 1182 4

163 1206 213 1246 tis
251 1206 513 1260 inpedierunt
544 1214 585 1246 61
616 1206 833 1260 angustiae
872 1205 1011 1254 vallis,
1048 1221 1123 1260 per
1159 1220 1283 1259 quam
1322 1206 1522 1259 sequendi

162 1275 297 1316 erant,
324 1275 363 1308 et
388 1267 567 1308 maxime
594 1267 778 1307 omnium
798 1268 909 1320 quod
928 1267 1137 1322 elephanti
1157 1267 1372 1308 novissimi
1393 1269 1524 1322 agmi-

162 1329 225 1370 nis
252 1337 386 1377 erant,
414 1344 516 1382 quos
543 1330 670 1384 pedes
696 1345 820 1383 aegre
846 1329 1088 1384 praeterire,
1116 1344 1242 1382 eques
1268 1330 1381 1370 nullo
1407 1339 1524 1384 pote-

161 1399 224 1431 rat
249 1391 391 1440 modo,
430 1391 669 1432 timentibus
703 1391 818 1444 equis
851 1391 1155 1444 tumultumque
1186 1391 1292 1432 inter
1324 1407 1367 1432 se
1393 1392 1523 1433 maio·
1549 1403 1567 1431 3

162 1468 248 1493 rem
274 1468 398 1506 quam
428 1454 470 1493 in
500 1453 656 1508 proelio
689 1453 927 1511 edentibus3
972 1454 1227 1506 aliquantum
1258 1454 1456 1509 temporis
1483 1464 1523 1495 et

163 1515 337 1569 direptio
358 1524 587 1556 castrorum
608 1515 797 1570 optinuit.
834 1514 1092 1569 Scarpheam
1113 1523 1251 1556 tamen
1272 1531 1320 1556 eo
1341 1516 1405 1556 die
1426 1531 1523 1556 6011-

163 1577 293 1617 5661111
320 1586 415 1616 511111
441 1577 617 1617 hostem.
677 1577 817 1617 multis
849 1576 890 1617 in
922 1577 1013 1631 ipso
1039 1577 1183 1618 itinere
1210 1578 1342 1618 caesis
1369 1578 1521 1633 captis-
1548 1589 1565 1617 6

163 1653 261 1691 (1116,
298 1654 381 1679 11011
420 1639 535 1691 6(11115
574 1638 753 1692 virisque
791 1646 966 1687 tantum,
1012 1639 1086 1679 sed
1116 1639 1239 1679 etiam
1276 1639 1521 1693 elephantis,

163 1714 265 1753 (11105
293 1713 439 1754 capere
465 1715 547 1741 non
572 1708 811 1755 potuerant,
842 1700 1088 1749 interfectis,
1116 1700 1157 1740 in
1183 1708 1319 1741 castra
1342 1709 1522 1742 reverte-

162 1770 275 1810 runt,
314 1776 418 1815 quae
450 1770 651 1816 temptata
681 1777 729 1803 eo
761 1762 826 1803 (116
857 1762 963 1803 111161
993 1762 1129 1817 ipsum
1160 1777 1325 1817 pugnae
1357 1771 1520 1818 tempus
1550 1775 1565 1803 7

163 1824 214 1864 ab
240 1824 423 1872 Aetolis,
461 1824 712 1865 Heracleam
743 1824 1023 1865 obtinentibus
1055 1824 1280 1879 praesidio,
1320 1824 1407 1865 sine
1438 1825 1521 1866 ullo

162 1885 273 1926 haud
320 1901 466 1941 parum
516 1886 684 1927 audacis
735 1886 888 1940 incepti
932 1887 1083 1927 effectu
1126 1887 1302 1928 fuerant.
1376 1888 1520 1928 consul
1547 1899 1566 1927 s

162 1948 293 1990 noctis
342 1948 596 2002 insequentis
631 1949 751 1989 tertia
794 1949 935 2003 vigilia
971 1949 1200 2004 praemisso
1243 1949 1427 2002 equitatu
1470 1951 1522 1990 ad

162 2011 494 2066 persequendum
521 2011 696 2059 hostem,
724 2011 845 2066 signa
869 2011 1079 2065 legionum
1105 2011 1195 2051 luce
1222 2011 1354 2065 prima
1378 2012 1520 2053 movit.

164 2071 417 2124 aliquantum
444 2073 534 2113 viae
559 2081 828 2127 praeceperat
851 2088 942 2121 rex,
981 2081 1025 2113 ut
1056 2073 1126 2126 qui
1156 2088 1239 2114 non
1273 2081 1365 2114 ante
1397 2088 1522 2126 quam
1548 2085 1565 2112 9

163 2133 325 2174 Elatiae
356 2135 408 2175 ab
439 2135 573 2175 effuso
600 2135 827 2175 constiterit
862 2149 1003 2183 cursu3
1047 2135 1117 2175 ubi
1142 2135 1320 2189 primum
1352 2135 1519 2188 reliquis

163 2210 410 2249 pugnaeque
441 2203 481 2236 et
512 2196 636 2251 fugae
669 2196 886 2245 conlectis,
924 2211 1018 2236 cum
1048 2196 1275 2251 perexigua
1307 2212 1430 2237 manu
1458 2213 1522 2238 se-

163 2256 393 2297 miermium
420 2257 594 2298 militum
610 2257 854 2299 Chalcidem
881 2273 924 2298 se
949 2259 1117 2312 recepit.
1165 2259 1380 2299 Romanus
1407 2260 1521 2312 equi·
1549 2272 1588 2302 10

164 2325 271 2358 tatus
310 2318 446 2373 ipsum
483 2320 648 2372 quidem
686 2335 828 2374 regem
864 2320 1027 2360 Elatiae
1066 2321 1285 2361 adsecutus
1324 2336 1406 2361 non
1444 2329 1518 2371 est,

162 2395 358 2433 magnam
383 2391 543 2434 partem
570 2380 746 2435 agminis
780 2390 848 2421 aut
874 2381 1116 2422 lassitudine
1150 2382 1423 2423 subsistentes
1451 2392 1521 2424 aut

161 2458 318 2491 errore,
357 2450 401 2482 ut
432 2442 502 2495 qui
536 2443 624 2483 sine
657 2443 830 2484 ducibus
862 2458 935 2497 per
966 2444 1109 2498 ignota
1139 2444 1285 2485 itinera
1315 2444 1518 2499 fugerent,

164 2504 386 2559 dissipatos
407 2504 713 2559 obpresserunt.
757 2519 833 2545 1166
853 2513 1015 2559 praeter
1035 2506 1296 2560 quingentOS‚
1324 2507 1393 2560 qui
1413 2507 1520 2548 circa
1547 2520 1581 2549 11

164 2581 305 2621 regem
331 2567 515 2616 fuerunt,
549 2582 598 2608 ex
626 2574 710 2608 toto
738 2567 920 2608 exercitu
947 2567 1165 2621 quisquam
1191 2568 1356 2623 effugit,
1395 2569 1517 2610 etiam
