1799 2900
311 95 394 137 382
560 102 713 136 LIBER
738 103 984 146 XXXVIIII,
1014 104 1140 139 1213.
1169 106 1409 149 [ammos]

267 221 277 247 1
394 205 500 245 XII.
552 205 664 245 Satis
692 206 950 260 exploratum
982 207 1032 247 de
1058 208 1242 249 Aebutio
1267 217 1379 249 ratus
1407 209 1550 250 consul
1577 225 1658 251 non

312 282 461 308 vanum
487 274 698 308 auctorem
723 282 830 317 esse,
857 267 1028 309 dimissa
1055 269 1237 310 Aebutia
1262 285 1425 311 socrum
1449 280 1588 326 rogat,
1615 279 1659 312 ut

308 329 529 383 Hispalam
553 328 737 369 indidem
768 344 820 370 ex
845 330 1057 371 Aventino
1082 330 1334 381 libertinam,
1368 348 1449 373 non
1474 333 1659 387 ignotam

309 390 500 439 viciniae,
529 398 757 432 arcesseret
783 391 834 431 ad
862 406 974 432 sese:
1008 406 1099 434 eam
1130 406 1293 446 quoque
1319 409 1412 435 esse
1438 409 1543 448 quae
1568 410 1660 450 per-

264 470 281 497 2
309 453 491 493 cunctari
527 452 664 493 vellet.
725 453 778 493 ad
815 453 930 493 cuius
967 454 1157 494 nuntium
1191 457 1431 509 perturbata
1470 457 1658 511 Hispala,

309 516 419 568 quod
445 516 497 555 ad
522 524 606 555 tam
637 515 818 556 nobilem
845 523 885 556 et
914 530 1084 570 gravem
1117 517 1314 558 feminam
1340 518 1484 572 ignara
1510 533 1659 560 causac

307 586 604 627 arcesseretur,
641 586 861 632 postquam
899 578 1064 619 lictores
1100 578 1142 618 in
1174 579 1378 621 vestibulo
1415 581 1659 634 turbamque

309 640 568 680 consularem
600 646 640 680 et
671 640 885 681 consulem
921 640 1059 695 ipsum
1091 641 1324 695 conspexit,
1361 657 1489 696 prope
1521 642 1661 683 exani-

262 716 279 744 3
307 710 417 742 mata
443 709 518 742 est.
578 701 621 742 in
645 702 882 743 interiorem
915 712 1075 756 partem
1101 702 1265 742 aedium
1291 703 1513 743 abductam
1539 717 1659 745 socru

305 764 491 804 adhibita
510 765 667 813 consul,
695 764 730 804 si
750 780 847 805 vera
869 765 1004 805 dicere
1024 764 1217 805 inducere
1237 765 1278 805 in
1301 765 1483 805 animum
1503 774 1658 820 posset,

260 840 280 868 4
305 834 431 880 negat
455 826 687 880 perturbari
707 826 877 867 debere:
903 826 1029 867 fidem
1048 827 1113 866 vel
1134 842 1157 866 a
1173 826 1371 881 Sulpicia,
1399 827 1471 867 tali
1491 827 1658 877 femina,

305 887 370 927 vel
397 887 448 927 ab
469 902 512 927 se
533 887 757 943 acciperet3
784 895 1046 943 expromeret
1066 888 1143 928 sibi
1163 902 1268 940 quae
1293 888 1334 928 iu
1355 888 1448 929 11100
1466 887 1658 930 Semelae

261 963 278 991 5
304 949 637 990 Bacchanalibus
670 950 712 990 in
744 965 861 991 sacro
887 958 1087 991 nocturno
1115 950 1295 991 solerent
1324 950 1425 991 fieri.
1486 950 1564 992 hoc
1588 951 1658 992 ubi

305 1011 480 1060 audivit,
530 1019 667 1052 tantus
711 1028 842 1067 pavor
884 1021 1117 1066 tremorque
1156 1012 1340 1053 omnium
1380 1014 1658 1054 membrorum

261 1086 278 1115 G
305 1073 519 1113 mulierem
546 1074 666 1128 cepit,
694 1082 739 1114 ut
764 1074 833 1114 diu
859 1075 1019 1115 hiscere
1044 1090 1127 1115 non
1151 1082 1308 1129 posset.
1369 1075 1535 1116 tandem
1562 1090 1659 1117 con-

304 1134 466 1174 firmata
491 1136 672 1189 puellam
698 1136 920 1176 admodum
953 1150 997 1176 se
1022 1136 1213 1176 ancillam
1239 1136 1441 1177 initiatam
1467 1151 1560 1177 eum
1586 1137 1658 1177 do-

306 1197 417 1237 mina
442 1197 515 1238 ait:
542 1197 699 1250 aliquot
723 1198 854 1246 annis,
882 1214 933 1238 ex
953 1213 1034 1251 quo
1059 1198 1319 1239 manumissa
1345 1199 1409 1248 sit,
1435 1199 1536 1239 nihil
1562 1199 1660 1252 quid

304 1258 360 1298 ibi
385 1259 456 1299 fiat
482 1259 599 1300 scire.
659 1259 742 1299 iam
766 1260 809 1299 id
834 1259 970 1314 ipsum
996 1260 1140 1300 consul
1166 1260 1358 1309 laudare,
1391 1261 1502 1313 quod
1526 1261 1659 1301 initia-

306 1327 388 1360 tam
415 1335 458 1360 se
484 1335 566 1360 non
590 1321 852 1362 infitiaretur:
887 1322 961 1362 sed
987 1328 1027 1362 et
1059 1332 1196 1362 cetera
1220 1322 1365 1362 eadem
1397 1322 1478 1363 fide
1510 1337 1658 1377 expro—

259 1394 278 1423 8
305 1389 447 1422 meret.
485 1383 656 1436 neganti
675 1384 782 1424 ultra
808 1383 1027 1436 quiequam
1055 1384 1172 1431 seire,
1200 1399 1282 1424 non
1308 1385 1482 1424 eandem
1508 1385 1657 1433 dicere,

304 1444 338 1483 si
364 1452 611 1497 coarguatur
637 1445 688 1484 ab
708 1445 800 1493 alio,
829 1459 876 1485 ae
901 1445 1047 1485 fatenti
1069 1445 1231 1485 veniam
1251 1454 1321 1485 aut
1346 1446 1522 1499 gratiam
1547 1446 1654 1487 fore:

304 1520 397 1545 eum
424 1505 501 1545 sibi
527 1506 666 1546 omnia
691 1506 935 1561 exposuisse
962 1507 1032 1559 qui
1057 1507 1110 1547 ab
1134 1507 1206 1548 illa
1230 1508 1428 1548 audisset.

262 1580 274 1607 1
387 1567 518 1607 XIII.
567 1567 722 1608 Mulier
752 1568 862 1608 haud
894 1568 1036 1617 dubie,
1074 1568 1117 1608 id
1149 1569 1260 1622 quod
1290 1577 1395 1619 erat,
1429 1569 1659 1609 Aebutium

302 1628 481 1669 indicem
507 1629 646 1669 arcani
670 1637 760 1670 rata
786 1644 897 1679 esse,
936 1630 989 1670 ad
1019 1630 1147 1684 pedes
1176 1629 1385 1685 Sulpiciae
1416 1631 1593 1686 procidit
1617 1638 1658 1672 et

303 1705 394 1730 eam
419 1690 552 1744 primo
578 1706 696 1732 orare
721 1691 870 1747 coepit,
896 1706 948 1732 ne
974 1692 1156 1733 mulieris
1183 1692 1399 1734 libertinae
1426 1707 1519 1733 cum
1543 1707 1656 1734 ama-

301 1761 389 1792 tore
415 1767 650 1793 sermonem
680 1753 723 1794 in
752 1768 841 1794 rem
866 1769 949 1794 non
982 1754 1132 1795 seriam
1157 1755 1300 1804 modo,
1336 1755 1411 1795 sed
1436 1754 1655 1809 capitalem

303 1814 426 1855 etiam
446 1815 549 1855 verti
570 1815 712 1856 vellet:
740 1830 784 1856 se
809 1816 989 1857 terrendi
1010 1816 1096 1857 eius
1123 1830 1262 1865 eausa,
1288 1832 1372 1858 non
1396 1817 1508 1870 quod
1535 1816 1656 1857 sciret

257 1889 275 1918 3
303 1877 535 1930 quicquam,
563 1892 611 1918 ea
635 1877 816 1918 locutam
841 1893 947 1919 esse.
996 1878 1063 1918 hic
1086 1878 1328 1919 Postumius
1355 1893 1555 1919 accensus
1581 1879 1654 1926 ira,

302 1949 389 1979 tum
421 1953 583 1992 quoque
621 1939 677 1980 ait
707 1955 799 1980 eam
837 1954 929 1981 cum
954 1940 1138 1981 Aebutio
1176 1955 1221 1981 se
1258 1948 1440 1981 amatore
1472 1939 1653 1980 cavillari

302 2001 488 2049 credere,
520 2016 603 2042 non
634 2002 676 2042 in
708 2002 830 2043 domo
856 2002 1128 2056 gravissimae
1159 2002 1337 2043 feminae
1363 2011 1404 2042 et
1435 2016 1527 2042 cum
1559 2015 1656 2042 con-

302 2063 390 2103 sule
421 2063 546 2116 loqui.
608 2070 648 2104 et
675 2062 861 2118 Sulpicia
893 2064 1090 2105 adtollere
1121 2075 1360 2118 paventem,
1396 2063 1517 2104 simu]
1542 2063 1654 2103 illam

258 2137 276 2165 4
303 2125 529 2173 adhortari,
564 2125 685 2165 simul
709 2125 812 2166 iram
838 2126 980 2180 generi
1004 2126 1145 2167 lenire.
1207 2126 1374 2167 tandem
1400 2126 1653 2174 confirmata,

301 2186 474 2227 multum
499 2186 688 2228 incusata
717 2188 891 2242 perfidia
914 2188 1106 2237 Aebutii,
1139 2188 1208 2241 qui
1239 2188 1383 2243 optimi
1413 2188 1454 2228 in
1485 2203 1533 2229 eo
1564 2187 1655 2242 ipso

256 2262 274 2289 ἰ)
301 2248 435 2288 meriti
473 2249 598 2290 talem
634 2250 811 2305 gratiam
847 2250 1094 2299 rettulisset,
1140 2246 1340 2304 magnum
1382 2249 1461 2291 sibi
1497 2257 1652 2290 metum
1705 2244 1707 2248 ⁸

301 2310 486 2359 deorum,
514 2325 688 2363 quorum
708 2312 869 2353 occulta
893 2312 1009 2353 initia
1028 2312 1272 2361 enuntiaret,
1299 2312 1498 2353 maiorem
1522 2311 1650 2351 multo

301 2371 404 2412 dixit
428 2372 643 2414 hominum
668 2389 774 2423 esse,
802 2374 873 2427 qui
898 2389 943 2416 se
967 2374 1146 2415 indicem
1171 2374 1363 2415 manibus
1389 2374 1475 2415 suis
1501 2372 1652 2413 discer-

258 2446 274 2473 13
301 2433 410 2485 pturi
447 2443 599 2476 essent.
665 2437 804 2490 itaque
842 2437 920 2478 hoc
958 2452 1002 2478 se
1041 2435 1289 2492 Sulpiciam,
1327 2437 1406 2478 hoc
1442 2435 1651 2477 consulem

301 2508 431 2542 mare,
458 2504 503 2536 ut
523 2511 567 2536 se
589 2504 705 2538 extra
717 2498 881 2538 Italiam
902 2498 1038 2552 aliquo
1059 2499 1340 2547 amandarent,
1361 2498 1432 2539 ubi
1451 2497 1652 2549 reliquum

259 2567 273 2595 ῖ
303 2554 410 2595 vitae
441 2556 592 2611 degere
624 2567 711 2600 tuto
742 2567 897 2614 posset.
957 2561 1066 2602 bono
1098 2560 1234 2601 animo
1265 2574 1358 2602 esse
1388 2559 1529 2600 iubere
1560 2571 1649 2597 eam

261 1271 276 1299 *I

258 1703 275 1731 16
