1799 2900
486 135 640 170 LIBER
664 135 887 179 xxxvm,
915 136 968 170 16.
998 138 1044 179 [a.
1061 135 1205 178 cisa]
1438 125 1520 167 329

170 256 300 285 terrae
327 248 456 289 esset,
496 239 622 294 cepit,
655 245 695 279 et
719 238 991 293 Lysimachia
1021 238 1165 278 fraude
1192 245 1315 292 capta
1340 236 1522 279 Cherso-

169 318 351 357 nesoque
384 302 493 344 omni
526 302 650 342 armis
682 316 880 356 possessa
910 302 963 342 ad
991 301 1313 356 Hellespontum
1350 301 1522 341 descen-

170 367 329 407 derunt.
378 364 434 405 ibi
460 379 556 404 vero
582 363 732 417 exiguo
759 363 934 404 divisam
959 363 1065 404 freto
1091 362 1352 403 cernentibus
1374 362 1520 402 Asiam

171 428 299 468 multo
324 426 458 480 magis
491 425 615 466 animi
648 425 699 465 ad
730 425 1027 465 transeundum
1054 424 1235 473 accensi,
1272 424 1520 476 nuntiosque

171 490 223 531 ad
236 489 503 543 Antipatrum
526 487 781 543 praefectum
801 487 888 527 eius
909 502 1003 527 orae
1025 487 1075 527 de
1095 487 1269 527 transitu
1290 486 1520 527 mittebant.

172 566 277 605 quae
301 566 367 591 res
394 564 486 590 cum
512 549 661 590 lentius
695 563 768 602 spe
793 548 978 602 ipsorum
1004 548 1247 596 traheretur,
1275 547 1354 588 alia
1377 563 1520 588 rursus

171 628 279 654 nova
303 612 409 653 inter
433 611 599 666 regulos
627 610 774 651 seditio
800 619 889 651 orta
914 617 989 650 est.
1028 609 1236 650 Lonorius
1262 617 1384 658 retro,
1410 611 1521 650 unde

171 682 359 722 venerat,
393 688 486 713 cum
511 672 664 712 maiore
689 678 805 726 parte
835 671 1049 712 hominum
1079 671 1228 726 repetit
1251 672 1521 726 Byzantium3

172 737 370 777 Lutarius
402 735 705 776 Macedonibus
737 749 811 788 per
846 734 1027 788 speciem
1063 734 1280 787 legationis
1319 735 1370 774 ab
1401 734 1524 774 Anti-

172 806 290 854 patro
322 798 373 838 ad
405 797 702 852 speculandum
734 796 870 836 missis
904 797 1006 836 duas
1043 803 1172 837 tectas
1209 811 1336 837 naves
1375 804 1413 837 et
1450 796 1522 836 tris

173 861 331 902 lembos
359 860 513 900 adimit.
550 860 600 899 iis
628 859 728 899 alios
750 866 872 911 atque
899 858 999 899 alios
1027 858 1114 899 dies
1140 866 1364 912 noctesque
1390 866 1524 899 trave-

173 923 328 970 hendo,
355 922 462 962 intra
486 935 640 976 paucos
674 921 760 960 dies
788 920 919 960 omnis
947 920 1086 974 copias
1113 920 1283 960 traiecit.
1344 919 1444 960 haut
1467 920 1525 960 ita

173 984 302 1024 multo
327 991 422 1038 post
446 983 654 1023 Lonorius
681 982 903 1022 adiuvante
928 982 1153 1022 Nicomede
1178 982 1401 1035 Bithyniae
1425 996 1524 1035 rege

174 1045 416 1099 assyzantio
436 1044 675 1084 transmisit.
709 1051 857 1084 coeunt
878 1043 1025 1083 deinde
1046 1043 1085 1082 in
1107 1058 1233 1082 unum
1254 1058 1394 1084 rursus
1413 1042 1523 1084 Galli

174 1114 214 1147 et
239 1107 391 1147 auxilia
414 1105 629 1146 Nicomedi
661 1106 759 1145 dant
791 1106 990 1145 adversus
1018 1105 1254 1153 Ziboetam,
1280 1112 1439 1159 partem
1466 1112 1526 1145 te-

172 1176 340 1209 nentem
363 1167 600 1221 Bithyniae,
628 1167 787 1221 gerenti
813 1167 979 1207 bellum.
1030 1173 1151 1219 atque
1177 1181 1320 1206 eorum
1345 1167 1524 1207 maxime

173 1245 298 1284 opera
330 1229 515 1269 devictus
543 1229 716 1269 Ziboeta
742 1236 822 1277 est,
851 1227 1134 1281 Bithyniaque
1160 1228 1293 1269 omnis
1326 1229 1368 1268 in
1400 1228 1526 1268 dicio-

173 1307 268 1332 nem
292 1290 530 1331 Nicomedis
556 1290 774 1331 concessit.
812 1290 986 1345 profecti
1012 1305 1063 1330 ex
1087 1289 1287 1343 Bithynia
1311 1290 1353 1330 in
1377 1290 1527 1331 Asiam

172 1359 474 1409 processerunt.
511 1367 593 1392 non
612 1352 705 1406 plus
726 1367 777 1392 ex
802 1352 948 1406 viginti
974 1351 1139 1392 milibus
1166 1352 1379 1392 hominum
1404 1366 1528 1405 quam

174 1416 316 1456 decem
337 1423 495 1455 armata
514 1422 649 1463 erant,
676 1421 815 1454 tamen
835 1421 996 1454 tantum
1022 1414 1187 1455 terroris
1209 1415 1400 1455 omnibus
1423 1429 1528 1467 quac

174 1478 231 1518 cis
253 1478 438 1518 Taurum
462 1477 646 1517 incolunt
669 1476 862 1530 gentibus
887 1475 1127 1524 iniecerunt,
1153 1484 1198 1516 ut
1223 1490 1324 1529 quas
1347 1476 1529 1516 adissent

174 1554 359 1593 quasque
385 1554 467 1580 non
499 1539 683 1579 adissent
709 1538 862 1592 pariter
887 1537 1055 1578 ultimae
1086 1538 1328 1592 propinquis
1355 1537 1527 1592 imperio

174 1608 377 1656 parerent.
416 1608 624 1654 postremo
652 1614 742 1640 cum
770 1607 852 1640 tres
874 1606 1013 1640 essent
1038 1606 1197 1653 gentes,
1224 1599 1525 1653 Tolostobogii,

175 1663 356 1710 Trocmi,
382 1663 653 1715 Tectosages,
680 1661 722 1701 in
742 1661 814 1701 tris
840 1661 982 1715 partis,
1010 1676 1091 1714 qua
1110 1661 1255 1713 cuique
1281 1661 1528 1715 populorum

176 1740 344 1766 suorum
371 1724 586 1779 vectigalis
602 1723 707 1764 Asia
732 1732 854 1772 esset,
883 1723 1123 1764 diviserunt.
1157 1723 1346 1764 Trocmis
1364 1723 1529 1764 Helles-

174 1787 290 1842 ponti
322 1802 393 1827 ora
424 1787 538 1834 data,
566 1785 855 1839 Tolostobogii
880 1785 1059 1826 Aeolida
1093 1792 1215 1838 atque
1241 1785 1420 1833 Ioniam,
1448 1785 1530 1825 Tc-

176 1856 367 1904 ctosages
399 1848 699 1889 mediterranea
722 1848 853 1888 Asiae
881 1847 1012 1887 sortiti
1038 1856 1146 1887 sunt.
1207 1854 1248 1887 et
1279 1846 1530 1901 stipendium

176 1918 262 1952 tota
293 1910 350 1950 cis
377 1910 562 1950 Taurum
587 1910 693 1950 Asia
726 1909 966 1964 exigebant,
1007 1909 1148 1949 sedem
1173 1916 1310 1949 autem
1341 1908 1421 1963 ipsi
1453 1909 1530 1949 sibi

177 1973 283 2013 circa
302 1972 446 2026 Halyn
470 1973 623 2012 flumen
649 1979 863 2025 ceperunt,
890 1979 1112 2024 tantusque
1138 1979 1267 2011 terror
1292 1985 1433 2011 eorum
1458 1985 1531 2011 no-

175 2034 296 2075 minis
323 2041 422 2083 erat,
448 2033 710 2073 multitudine
736 2033 859 2073 etiam
885 2047 1037 2087 magna
1063 2032 1206 2073 subole
1232 2039 1364 2081 aucta,
1390 2039 1434 2072 ut
1451 2032 1532 2085 Sy-

175 2095 259 2136 riae
292 2110 454 2148 quoque
491 2095 544 2135 ad
580 2103 836 2149 postremum
871 2109 992 2148 reges
1032 2093 1281 2148 stipendium
1314 2094 1410 2134 dare
1447 2109 1530 2134 non

178 2158 417 2197 abnuerent.
488 2157 645 2211 primus
685 2156 834 2196 Asiam
870 2155 1138 2196 incolentium
1174 2155 1317 2195 abnuit
1346 2155 1528 2202 Attalus,

177 2227 293 2273 pater
323 2218 433 2272 regis
465 2218 686 2265 Eumenis,
726 2217 954 2270 audacique
984 2218 1149 2271 incepto
1179 2226 1342 2271 praeter
1373 2216 1531 2270 opinio-

177 2296 272 2321 nem
304 2280 485 2321 omnium
523 2280 656 2319 adfuit
692 2280 859 2319 fortuna
896 2287 937 2319 et
971 2279 1100 2333 signis
1140 2278 1311 2318 conlatis
1345 2277 1531 2332 superior

177 2342 267 2383 fuit.
299 2357 381 2382 non
407 2348 546 2381 tamen
571 2341 628 2380 ita
653 2341 822 2394 infregit
847 2340 1005 2381 animos
1033 2355 1186 2387 eorum,
1213 2347 1257 2379 ut
1283 2339 1531 2380 absisterent

178 2404 364 2459 imperio.
426 2403 594 2444 eaedem
627 2418 726 2456 opes
760 2416 891 2455 usque
927 2402 980 2441 ad
1016 2402 1170 2442 bellum
1201 2401 1399 2442 Antiochi
1437 2416 1529 2441 cum

177 2466 379 2508 Romanis
410 2472 663 2506 manserunt.
724 2472 810 2504 tum
836 2478 1017 2517 quoque,
1042 2464 1163 2518 pulso
1188 2463 1418 2512 Antiocho,
1444 2478 1531 2503 ma-

179 2544 304 2583 gnam
330 2543 447 2582 spem
472 2527 722 2574 habuerunt,
754 2525 850 2579 quia
875 2525 1017 2580 procul
1042 2525 1144 2565 mari
1169 2524 1412 2574 incolerent,
1444 2524 1530 2566 Ro-

179 2606 345 2631 manum
372 2589 595 2630 exercitum
624 2589 674 2629 ad
701 2603 744 2629 se
770 2603 850 2628 non
877 2594 1184 2643 perventurum.

1551 1180 1568 1209 9

1557 1429 1596 1457 10

1557 1616 1592 1643 ll

1560 1925 1597 1954 13

1559 2172 1597 2201 14

1559 2418 1598 2447 15
