1799 2900
273 130 356 171 212
557 135 710 169 LIBER
734 135 902 178 XXXV,
930 134 1075 170 43-.45.
1104 138 1152 179 [a.
1168 148 1200 170 u.
1218 148 1245 170 c.
1261 136 1344 180 562]

272 243 488 295 ribusque,
545 248 585 280 ct
639 238 789 292 quibus
840 238 929 279 aliis
983 239 1139 280 laetitia
1187 240 1319 281 effusa
1374 240 1630 295 significatur

274 304 395 358 volgi.

232 384 241 411 ι
358 363 659 405 XXXXIIII.
710 364 760 404 In
798 363 1018 404 concilium
1054 372 1100 405 111
1130 372 1298 405 ventum
1331 373 1413 415 est,
1451 381 1573 420 aegre
1607 381 1631 406 a

270 428 468 469 Phaenea
493 433 681 481 praetore
708 426 1046 481 principibusque
1068 426 1156 467 aliis
1180 428 1342 468 silentio
1364 428 1473 468 facto
1494 428 1630 469 dicere

227 506 245 535 2
272 505 390 531 orsus
416 504 503 529 rex.
564 488 698 543 prima
723 488 811 529 eius
837 489 968 530 oratio
995 489 1072 530 fuit
1098 491 1349 540 excusantis,
1377 492 1488 544 quod
1514 500 1629 532 tanto

227 568 245 597 3
272 552 499 593 minoribus
528 566 600 605 spe
627 558 750 603 atque
777 550 971 605 opinione
998 552 1182 592 omnium
1204 552 1332 607 copiis
1360 554 1561 594 venisset:
1588 553 1631 593 id

272 629 371 654 suae
402 613 601 668 inpensae
628 628 728 667 erga
754 627 825 654 eos
854 614 1077 654 voluntatis
1099 614 1324 654 maximum
1346 615 1495 656 debere
1523 615 1629 655 indi-

271 677 378 717 cium
405 691 518 725 esse,
551 676 663 729 quod
695 690 771 716 nec
797 684 966 731 paratus
994 677 1094 717 satis
1121 677 1206 717 ulla
1229 692 1273 717 rc
1300 686 1340 717 et
1365 684 1549 732 tempore
1576 678 1630 718 ad

270 739 554 793 navigandum
575 738 781 779 inmaturo
801 739 1046 779 vocantibus
1067 739 1216 794 legatis
1238 754 1380 779 eorum
1401 739 1512 780 haud
1536 756 1630 794 gra-

272 808 365 841 vate
403 802 627 842 obsecutus
666 809 777 841 esset
819 801 1172 854 credidissctque‚
1216 816 1309 841 cum
1347 817 1390 842 se
1429 801 1631 842 vidissent

270 863 425 912 Aetoli,
452 863 591 904 omnia
616 863 679 904 vel
706 863 747 903 in
771 879 814 904 se
834 879 916 904 uno
935 864 1072 919 posita
1097 863 1304 918 praesidia
1323 863 1630 904 existimaturos

226 942 245 970 4
272 941 378 967 csse.
452 935 634 967 ceterum
672 941 815 966 eorum
853 941 1017 980 quoque
1057 941 1119 975 se,
1164 940 1338 979 quorum
1376 926 1632 981 exspectatio

272 988 469 1029 destituta
487 988 528 1028 in
549 989 786 1043 praesentia
807 989 1007 1038 videatur,
1035 1004 1153 1044 spem
1173 989 1336 1029 abunde
1357 988 1630 1043 expleturum.

227 1066 245 1093 5
272 1066 368 1091 1111111
406 1051 527 1092 simul
564 1051 743 1106 primum
776 1051 872 1091 anni
904 1059 1068 1106 tempus
1102 1051 1339 1105 navigabile
1370 1051 1632 1106 praebuisset

272 1128 405 1161 mare,
440 1128 603 1153 omnem
632 1128 676 1153 se
704 1112 925 1153 Graeciam
951 1113 1097 1162 armis,
1135 1113 1252 1159 viris,
1291 1113 1427 1166 equis,
1466 1128 1630 1154 omnem

229 1190 246 1219 6
273 1190 387 1215 oram
408 1175 658 1215 maritimam
678 1175 882 1215 classibus
903 1176 1218 1229 completurum,
1244 1189 1321 1215 nec
1335 1175 1532 1229 inpensae
1553 1188 1630 1214 nec

272 1238 403 1278 labori
434 1252 510 1278 1100
542 1238 724 1293 periculo
757 1253 996 1292 parsurum,
1030 1238 1161 1278 donec
1194 1237 1368 1292 depulso
1400 1237 1628 1277 cervicibus

274 1315 415 1341 eorum
447 1300 619 1355 imperio
644 1299 835 1340 Romano
866 1299 1039 1340 liberam
1065 1314 1161 1340 vere
1190 1299 1411 1340 Graeciam
1438 1307 1561 1352 atquc
1587 1299 1629 1338 in

230 1376 246 1403 7
274 1377 323 1403 ea
347 1362 554 1417 principes
571 1362 744 1402 Aetolos
766 1362 948 1402 fecisset.
988 1376 1080 1401 cum
1103 1362 1352 1402 exercitibus
1374 1368 1628 1402 commeatus

273 1439 436 1478 quoque
470 1424 602 1465 omnis
635 1424 800 1479 generis
833 1439 883 1464 ex
911 1424 1017 1464 Asia
1051 1432 1261 1464 venturos.
1322 1423 1362 1463 in
1394 1423 1630 1477 praesentia

275 1501 396 1527 curae
422 1501 515 1527 esse
538 1486 703 1526 Aetolis
731 1485 900 1534 debere,
939 1493 983 1525 111
1009 1485 1129 1539 copia
1159 1485 1356 1525 frumenti
1382 1485 1466 1525 suis
1494 1493 1533 1526 et
1559 1500 1631 1525 an-

272 1563 383 1589 nona
407 1548 631 1588 tolerabilis
658 1562 795 1588 rerum
821 1547 993 1587 aliarum
1021 1547 1319 1602 suppeditetur.

232 1625 242 1653 l
356 1608 608 1652 XXXXV.
634 1610 684 1650 In
699 1609 806 1650 hane
821 1609 1069 1650 sententiam
1084 1625 1156 1650 rex
1172 1624 1265 1650 cum
1279 1624 1433 1663 magno
1448 1609 1630 1650 omniun]

228 1685 246 1714 2
273 1672 454 1712 adsensu
474 1671 636 1712 loeutus
659 1671 864 1712 discessit.
903 1680 997 1726 post
1013 1672 1246 1712 discessum
1266 1672 1377 1725 regis
1400 1671 1506 1712 inter
1527 1671 1631 1712 duos

272 1733 480 1788 principes
507 1733 769 1782 Aetolorum,
796 1734 1040 1774 Phaeneam
1068 1742 1107 1774 et
1134 1733 1390 1782 Thoantem,
1422 1734 1632 1774 contentio

228 1813 245 1841 3
272 1796 361 1836 fuit.
410 1795 630 1836 Phaeneas
657 1796 969 1837 reconciliatore
996 1796 1110 1851 pacis
1137 1804 1175 1836 et
1203 1796 1479 1850 disceptatore
1506 1795 1556 1836 de
1582 1795 1631 1835 iis

272 1873 376 1911 quae
397 1857 439 1897 in
461 1858 743 1899 controversia
763 1873 856 1898 cum
882 1859 1037 1913 populo
1059 1858 1249 1899 Romano
1270 1866 1410 1902 essent
1431 1858 1631 1898 utendum

227 1934 246 1963 4
271 1920 407 1975 potius
422 1919 634 1960 Antiocho
654 1921 853 1961 censebat
872 1935 997 1973 quam
1018 1920 1121 1960 duce
1147 1920 1264 1961 belli:
1292 1920 1516 1960 adventum
1543 1918 1630 1959 eius

272 1992 312 2024 et
342 1983 602 2023 maiestatem
634 1983 686 2023 ad
717 1982 1010 2023 verecundiam
1040 1982 1274 2023 faciendam
1306 1981 1508 2022 Romanis
1548 1981 1631 2022 vim

271 2045 469 2086 maiorem
494 2045 727 2086 habituram
755 2060 877 2098 quam
903 2061 1029 2086 arma.
1080 2045 1209 2085 multa
1234 2044 1442 2092 homines,
1468 2059 1520 2085 ne
1545 2044 1632 2085 bel-

271 2108 355 2148 lare
382 2122 553 2148 necesse
581 2107 652 2156 sit,
679 2108 891 2148 voluntate
919 2107 1148 2155 remittere,
1175 2121 1279 2160 quae
1305 2107 1414 2147 bello
1441 2115 1481 2147 et
1507 2106 1631 2146 armis

228 2185 246 2212 5
273 2170 365 2223 cogi
390 2185 471 2209 11011
497 2170 674 2224 possint.
724 2170 866 2210 Thoas
886 2184 1039 2223 negare
1066 2169 1158 2224 paci
1185 2169 1350 2209 studere
1376 2168 1631 2217 Phaeneam,

273 2232 347 2272 sed
373 2231 579 2272 discutere
606 2231 851 2286 adparatum
883 2231 980 2271 belli
1013 2232 1137 2279 velle,
1168 2238 1214 2271 111
1239 2230 1376 2271 taedio
1402 2238 1443 2270 et
1466 2230 1630 2285 inpetus

271 2294 563 2348 relanguescat
593 2294 704 2348 regis
738 2301 777 2334 01
808 2293 988 2334 Romani
1020 2302 1184 2348 tempus
1217 2293 1270 2333 ad
1307 2293 1630 2346 comparandum

229 2369 246 2397 6
273 2355 467 2396 habeant.
528 2356 629 2395 nihil
656 2356 764 2396 enim
792 2357 913 2409 aequi
944 2357 997 2397 ab
1022 2356 1224 2397 Romanis
1256 2355 1468 2410 impetrari
1493 2369 1631 2409 posse,

274 2417 423 2457 totiens
444 2418 721 2471 legationibus
743 2419 881 2459 missis
896 2418 1089 2467 Romam,
1112 2419 1262 2459 totiens
1277 2433 1370 2458 cum
1390 2417 1481 2472 ipso
1499 2416 1631 2468 Quin-

274 2478 353 2518 ctio
392 2479 663 2533 disceptando
701 2481 801 2521 satis
839 2489 1056 2536 expertum
1093 2496 1205 2529 esse3
1243 2494 1319 2520 nec
1356 2479 1435 2520 nisi
1469 2479 1632 2519 abscisa

230 2553 245 2581 7
274 2539 384 2579 omni
411 2555 484 2594 spe
510 2542 709 2582 auxilium
734 2542 936 2583 Antiochi
960 2543 1237 2596 inploraturos
1264 2542 1408 2582 fuisse.
1459 2555 1539 2593 quo
1565 2554 1630 2580 00-

275 2600 400 2641 lerius
428 2616 501 2655 spe
528 2603 711 2643 omnium
738 2604 877 2644 oblato
902 2619 985 2645 non
1012 2618 1104 2644 esse
1132 2602 1529 2658 elanguescendum,
1556 2601 1630 2642 sed
