1799 2900
490 157 643 191 LIBER
668 157 837 201 XXXII,
864 157 918 191 26.
937 158 990 191 27.
1019 160 1066 201 [a.
1082 157 1120 192 e.
1136 157 1217 200 193]
1478 149 1528 188 71

181 276 279 315 que,
317 275 421 314 quae
452 250 609 300 indices
642 259 869 308 adferrent,
905 260 1110 314 proficisci
1141 260 1194 300 ad
1223 274 1315 300 eam
1346 259 1533 300 coniura-

181 323 335 363 tionem
377 321 655 374 quaerendam
699 328 822 373 atque
870 322 1185 375 obprimendam
1231 321 1389 370 iussus,
1439 335 1531 361 eum
1561 335 1593 363 11

181 383 361 438 quinque
392 382 539 437 legatis
571 382 782 436 profectus
809 383 952 423 obvios
979 383 1021 423 in
1046 384 1156 437 agris
1184 390 1442 423 sacramento
1467 397 1533 423 ro-

180 454 300 499 gatos
338 459 452 485 arma
488 458 634 498 capere
671 452 712 483 et
749 444 865 496 sequi
903 445 1091 499 cogebat.
1152 444 1230 485 hoc
1267 444 1532 484 tumultuario
1560 457 1599 485 12

181 506 332 546 dilectu
369 506 530 546 duobus
567 505 734 546 milibus
772 506 900 545 ferme
932 506 1145 547 hominum
1176 506 1342 546 armatis
1376 504 1533 546 Setiam

180 567 390 616 omnibus,
429 581 510 619 quo
539 574 749 621 pergeret,
786 567 941 621 ignaris
974 568 1098 608 venit.
1158 567 1214 608 ibi
1244 567 1393 621 raptim
1423 567 1535 621 prin-
1564 578 1602 607 13

180 628 339 683 cipibus
367 628 658 669 coniurationis
686 628 995 682 comprehensis
1022 629 1123 683 fuga
1148 643 1361 669 servorum
1386 643 1437 668 ex
1462 643 1535 681 op—

180 690 277 744 pido
310 690 420 730 facta
451 697 527 730 est.
588 689 769 730 dimissis
802 690 949 730 deinde
980 705 1054 744 per
1091 705 1211 744 agros
1251 690 1320 743 qui
1356 689 1536 743 vestiga-

179 759 272 792 rent
299 751 315 805 [
318 782 479 791 .......
483 749 516 804 ].
566 751 735 805 egregia
760 751 933 791 duorum
960 766 1085 805 opera
1114 766 1327 792 servorum
1352 751 1532 790 indicum
1563 763 1602 790 14

181 821 222 853 et
258 813 377 852 unius
414 812 533 852 liberi
569 812 659 853 fuit.
721 812 758 853 ei
795 820 960 852 centum
992 813 1104 852 milia
1134 813 1273 866 gravis
1307 812 1412 853 aeris
1446 812 1533 852 dari

180 882 319 928 patres
346 874 573 923 iusserunt,
602 874 731 914 servis
759 874 903 914 vicena
929 875 1052 927 quina
1076 874 1189 914 milia
1215 874 1320 914 acris
1348 882 1387 914 ct
1412 874 1535 914 liber-

183 945 325 985 tatem3
362 936 540 990 pretium
566 952 707 976 eorum
733 951 783 977 ex
809 937 965 977 aerario
992 937 1172 977 solutum
1199 944 1262 976 est
1286 936 1477 977 dominis.

264 999 381 1037 Haut
405 997 461 1037 ita
485 998 614 1038 multo
640 1005 733 1051 post
755 1012 805 1037 ex
826 998 1010 1037 eiusdem
1032 997 1325 1037 coniurationis
1350 996 1533 1049 reliquiis
1564 1006 1602 1034 15

180 1059 412 1099 nuntiatum
438 1066 501 1098 est
527 1059 693 1098 servitia
716 1059 945 1098 Praeneste
971 1069 1233 1111 occupatura.
1284 1073 1332 1098 eo
1357 1058 1410 1098 L.
1432 1056 1536 1098 Cor·
1564 1067 1604 1096 16

180 1120 312 1160 nelius
348 1128 514 1173 praetor
551 1120 762 1173 profectus
801 1120 851 1159 de
889 1119 1124 1172 quingentis
1163 1120 1249 1159 fere
1287 1119 1536 1167 hominibus,

181 1181 251 1234 qui
274 1181 318 1220 in
343 1196 391 1220 ea
414 1196 524 1220 noxa
549 1189 677 1228 erant,
706 1181 956 1234 supplicium
982 1180 1168 1234 sumpsit.
1206 1180 1248 1219 in
1268 1179 1412 1220 timore
1439 1179 1537 1219 civi-

180 1250 242 1282 tas
269 1242 345 1281 fuit
371 1242 537 1282 obsides
566 1242 836 1295 captivosque
860 1242 1098 1282 Poenorum
1125 1257 1173 1282 ea
1197 1241 1344 1281 moliri.
1398 1240 1536 1293 itaque
1567 1253 1602 1280 17

180 1310 220 1343 et
249 1303 409 1343 Romae
441 1303 605 1356 vigiliae
638 1318 710 1357 per
741 1303 854 1343 vicos
888 1312 1076 1343 servatae
1108 1303 1292 1355 iussique
1325 1302 1537 1342 circumire

180 1378 250 1404 eas
269 1364 447 1404 minores
469 1365 737 1418 magistratus
760 1372 798 1404 et
825 1364 1027 1404 triumviri
1049 1364 1224 1405 carceris
1245 1364 1536 1404 lautumiarum

179 1424 440 1465 intentiorem
466 1426 696 1466 custodiam
722 1426 875 1467 habere
900 1426 1021 1474 iussi3
1072 1435 1112 1466 et
1137 1426 1245 1466 circa
1275 1441 1428 1466 nomen
1451 1425 1538 1465 La-
1567 1435 1604 1465 13

180 1487 311 1526 tinum
336 1502 360 1526 a
384 1495 573 1540 praetore
598 1487 758 1528 litterae
784 1488 954 1536 missae,
980 1495 1025 1527 ut
1051 1496 1090 1528 et
1116 1488 1283 1528 obsides
1309 1488 1350 1527 in
1375 1487 1536 1543 privato

183 1559 445 1589 servarentur
469 1564 602 1601 neque
629 1550 671 1589 in
695 1550 906 1603 publicum
926 1550 1156 1604 prodeundi
1176 1550 1350 1589 facultas
1373 1550 1537 1589 daretur

183 1617 223 1649 et
253 1610 404 1663 captivi
434 1625 485 1650 ne
518 1611 653 1651 minus
687 1612 829 1651 decem
860 1612 998 1665 pondo
1030 1612 1299 1665 compedibus
1332 1610 1459 1650 vincti
1495 1610 1537 1650 in

182 1671 294 1710 nulla
320 1671 398 1711 alia
424 1686 548 1723 quam
573 1672 614 1711 in
641 1672 814 1712 carceris
839 1672 995 1725 publici
1021 1673 1209 1712 custodia
1235 1679 1387 1712 essent.

267 1733 465 1776 XXVII.
503 1734 666 1774 Eodem
692 1750 799 1774 anno
825 1734 951 1788 legati
977 1735 1028 1773 ab
1054 1749 1152 1787 rege
1173 1733 1316 1773 Attalo
1344 1747 1536 1772 coronam
1566 1745 1579 1771 1

184 1809 351 1835 auream
388 1795 611 1835 ducentsnn
649 1795 923 1849 quadraginta
960 1809 1033 1834 sex
1076 1794 1214 1848 pondo
1250 1793 1292 1832 in
1329 1792 1536 1847 Capitolio

182 1864 410 1910 posuerunt
434 1857 671 1910 gratiasque
693 1857 854 1897 senatui
876 1871 1010 1910 egere,
1038 1856 1148 1908 quod
1167 1855 1402 1895 Antiochus
1423 1855 1534 1909 lega-

183 1925 318 1958 torum
341 1918 626 1958 Romanorum
656 1918 898 1958 auctoritate
924 1925 1059 1958 motus
1086 1917 1235 1956 finibus
1260 1916 1395 1956 Attali
1421 1931 1537 1956 exer-

182 1978 307 2019 citum
334 1979 586 2021 deduxisset.

266 2041 427 2080 Eadem
454 2051 610 2082 aestate
637 2041 794 2094 equites
822 2040 988 2081 ducenti
1014 2047 1053 2080 ct
1073 2039 1312 2094 elephantes
1335 2039 1478 2079 decem
1498 2047 1538 2079 et

183 2101 305 2141 tritici
334 2103 518 2142 modium
550 2103 727 2142 ducenta
751 2103 863 2142 milia
890 2103 940 2142 ab
965 2117 1064 2155 rege
1090 2101 1319 2141 Blasinissa
1343 2101 1397 2140 ad
1422 2115 1538 2141 exer-

183 2163 321 2211 citum,
349 2164 418 2216 qui
442 2164 484 2203 in
510 2164 688 2204 Graecia
713 2173 817 2212 erat,
844 2171 1132 2217 pervenerunt.
1193 2162 1291 2202 item
1316 2177 1367 2201 ex
1394 2161 1536 2201 Sicilia

186 2224 459 2277 Sardiniaque
502 2226 642 2280 magni
684 2235 939 2266 commeatus
978 2233 1018 2264 et
1055 2224 1301 2264 vestimenta
1339 2223 1535 2263 exercitui

183 2285 323 2326 missa.
386 2286 571 2326 Siciliam
607 2287 668 2327 M.
702 2287 948 2334 Marcellus,
988 2285 1222 2325 Sardiniam
1260 2284 1322 2324 M.
1359 2284 1532 2324 Porcius
1560 2298 1579 2327 3

186 2346 292 2387 Cato
325 2347 554 2396 obtinebat,
593 2359 759 2388 sanctus
793 2357 833 2388 et
862 2348 1079 2395 innocens,
1117 2346 1301 2400 asperior
1332 2355 1469 2386 tamen
1493 2346 1534 2385 in

184 2409 352 2449 faenore
378 2410 605 2450 coercendo
630 2410 809 2449 habitus.
871 2409 1084 2462 fugatique
1111 2423 1161 2448 ex
1187 2407 1322 2447 insula
1346 2407 1533 2447 faenera-
1558 2421 1578 2448 4

184 2478 292 2510 tores
319 2477 359 2510 et
385 2478 592 2524 sumptus,
632 2486 733 2523 quos
760 2471 801 2510 in
827 2471 981 2511 cultum
1006 2479 1243 2524 praetorum
1268 2469 1369 2510 socii
1398 2468 1535 2508 facere

185 2532 293 2572 soliti
319 2539 446 2581 erant,
474 2533 703 2573 circumcisi
729 2542 798 2572 aut
824 2532 986 2573 sublati.

271 2592 369 2634 Sex.
385 2594 531 2634 Aelius
553 2594 696 2635 consul
717 2610 767 2635 cx
782 2594 918 2635 Gallia
945 2593 1199 2634 comitiorum
1220 2606 1345 2632 causa
1357 2591 1534 2632 Romam
1561 2603 1580 2632 5

1563 2051 1581 2080 [ὦ
