1799 2900
516 107 669 142 LIBER
693 108 920 152 XXXVIII,
947 108 978 142 1.
1007 110 1055 152 [a.
1072 107 1110 143 e.
1126 108 1206 152 189]
1454 96 1538 139 315

183 209 361 256 pecuniae
375 209 502 253 regiae
517 208 703 252 apparuit,
726 209 791 242 sed
805 220 1042 254 nequaquam
1058 213 1202 244 tantum
1218 209 1408 243 redactum
1424 219 1538 253 quan-

184 267 243 294 tae
258 269 421 293 summae
442 264 521 293 erat
542 259 752 294 damnatus.
805 261 994 294 conlatam
1014 272 1036 295 a
1051 260 1222 304 cognatis
1236 263 1274 294 et
1292 260 1420 294 amicis
1434 260 1538 292 innu-

182 311 396 345 merabilem
409 310 607 354 pecuniam
622 310 794 355 accipere
815 311 954 355 noluit3
982 322 1077 356 quae
1091 310 1304 346 necessaria
1318 311 1352 345 ei
1373 313 1479 345 erant
1491 309 1540 344 ad

184 362 334 405 cultum,
360 361 582 405 redempta]

672 640 843 693 TITI
875 642 1054 694 LIVI

510 744 594 781 AB
649 745 828 782 VRBE
885 744 1207 784 CONDITA

637 868 805 906 LIBER
834 869 1080 905 XXXVIII.

266 956 301 996 I.
338 955 454 995 Dum
479 955 520 995 in
541 955 646 996 Asia
672 956 825 996 bellum
851 954 1019 1009 geritur,
1047 970 1098 995 ne
1123 955 1164 994 in
1180 954 1348 996 Aetolia
1375 955 1540 1008 quidem

183 1017 346 1070 quietae
376 1032 443 1057 res
476 1017 659 1066 fuerant,
697 1017 898 1071 principio
925 1032 949 1056 a
974 1024 1098 1070 gente
1123 1016 1411 1056 Athamanum
1436 1024 1539 1057 orto.

182 1078 438 1119 Athamania
464 1093 512 1118 ea
545 1085 790 1132 tempestate
823 1077 943 1132 pulso
970 1078 1244 1131 Amynandro
1272 1079 1349 1118 sub
1380 1079 1542 1132 praefe-

184 1140 259 1179 ctis
278 1139 463 1193 Philippi
487 1140 602 1193 regio
628 1141 846 1180 tenebatur
870 1139 1091 1194 praesidio,
1119 1140 1188 1191 qui
1215 1141 1392 1193 superbo
1420 1148 1542 1192 atque

183 1200 389 1241 inmodico
414 1201 588 1255 imperio
616 1201 867 1241 desiderium
893 1201 1157 1254 Amynandri
1183 1201 1380 1242 fecerant.
1442 1216 1542 1242 exu-

182 1262 284 1302 lanti
309 1270 396 1319 tum
414 1263 691 1317 Amynandro
717 1264 760 1303 in
780 1263 949 1303 Aetolia
973 1263 1120 1303 litteris
1149 1278 1330 1311 suorum,
1357 1263 1542 1303 indican-

183 1324 287 1364 tium
324 1332 479 1364 statum
508 1325 809 1374 Athamaniae,
849 1340 944 1379 spes
983 1325 1253 1379 recuperandi
1285 1325 1403 1379 regni
1433 1325 1544 1365 facta

184 1394 258 1428 est.
318 1386 564 1439 remissique
590 1387 709 1427 nunti
742 1388 793 1427 ab
820 1402 868 1428 eo
895 1387 947 1427 ad
978 1387 1186 1442 principes
1211 1387 1463 1441 Argitheam
1487 1411 1543 1416 —

182 1447 226 1488 id
251 1448 360 1489 enim
387 1458 509 1503 caput
524 1450 804 1490 Athamaniae
832 1458 918 1490 erat
944 1474 1011 1498 -—‚
1039 1450 1073 1490 si
1098 1450 1361 1504 popularium
1381 1450 1541 1491 animos

185 1511 285 1552 satis
317 1520 560 1566 perspectos
593 1512 776 1560 haberet,
810 1512 1028 1566 impetrato
1055 1513 1107 1552 ab
1133 1513 1296 1554 Aetolis
1324 1512 1476 1552 auxilio
1501 1512 1543 1551 in

184 1573 484 1614 Athamaniam
510 1589 553 1614 se
579 1583 799 1614 venturum
817 1573 844 1628 [.
862 1574 947 1628 agit
967 1572 1133 1628 deinde]
1152 1589 1245 1614 cum
1271 1574 1441 1614 delectis
1456 1575 1544 1614 Ac-

186 1635 364 1676 tolorum
388 1660 421 1664 —
446 1636 556 1689 quod
583 1636 801 1677 consilium
827 1646 890 1677 est
915 1637 1052 1691 gentis
1078 1661 1111 1664 —
1137 1645 1176 1676 et
1189 1636 1398 1677 Nicandro
1423 1651 1543 1691 prae-

186 1707 286 1738 tore.
352 1713 455 1751 quos
491 1699 562 1739 ubi
600 1699 652 1739 ad
688 1699 826 1740 omnia
861 1707 1028 1753 paratos
1063 1713 1156 1739 esse
1186 1698 1308 1747 vidit,
1347 1699 1540 1739 certiores

186 1759 360 1800 subinde
386 1760 503 1810 facit,
531 1775 611 1814 quo
638 1760 703 1801 die
730 1775 823 1801 cum
849 1761 1033 1801 exercitu
1058 1760 1358 1801 Athamaniam
1383 1761 1543 1814 ingres—

186 1837 306 1862 surus
344 1830 468 1863 esset,
539 1830 735 1876 quattuor
769 1823 903 1878 primo
946 1815 1062 1863 fuere
1100 1822 1300 1863 coniurati
1343 1823 1542 1863 adversus

183 1883 468 1924 Blacedonum
493 1884 760 1938 praesidium.
820 1885 862 1924 hi
888 1899 1011 1925 senos
1039 1885 1117 1925 sibi
1143 1885 1351 1924 adiutores
1378 1884 1433 1924 ad
1455 1899 1543 1924 rem

185 1945 412 1999 gerendam
431 1946 771 2001 adsumpserunt3
799 1946 893 1988 dein
913 1946 1119 2002 paucitate
1139 1961 1286 2002 parum
1305 1946 1411 1995 freti,
1439 1960 1543 1998 quae

185 2007 382 2048 celandae
406 2008 466 2048 rei
491 2023 615 2062 quam
641 2009 827 2063 agendae
853 2010 986 2063 aptior
1011 2016 1117 2057 erat,
1151 2024 1294 2063 parem
1319 2008 1444 2063 priori
1469 2023 1544 2047 nu-

186 2085 345 2110 merum
372 2071 624 2112 adiecerunt.
672 2073 730 2112 ita
756 2072 837 2112 duo
863 2081 904 2112 et
929 2071 1229 2126 quinquaginta
1254 2071 1353 2111 facti
1379 2071 1543 2123 quadri-

187 2132 335 2172 fariam
362 2147 405 2173 se
432 2133 679 2174 diviserunt:
710 2149 806 2188 pars
841 2149 922 2174 una
947 2134 1216 2182 Heracleam,
1243 2133 1372 2174 altera
1397 2132 1544 2172 Tetra-

187 2194 373 2249 phyliam
403 2195 526 2250 petit,
564 2196 636 2235 ubi
668 2196 856 2237 custodia
885 2196 1025 2250 regiae
1062 2196 1261 2250 pecuniae
1299 2209 1391 2236 esse
1424 2194 1544 2234 solita

189 2264 294 2305 erat,
334 2257 453 2298 tertia
489 2258 790 2307 Theudoriam,
829 2266 975 2311 quarta
1010 2258 1274 2312 Argitheam.
1345 2257 1403 2297 ita
1436 2257 1543 2297 inter

189 2319 322 2359 omnis
349 2320 560 2368 convenit,
597 2327 643 2359 ut
672 2320 805 2374 primo
831 2319 975 2372 quieti,
1015 2320 1126 2360 velut
1151 2320 1203 2360 ad
1228 2319 1432 2374 privatam
1455 2333 1543 2359 rem

189 2381 395 2435 agendam
420 2381 644 2430 venissent,
670 2381 712 2421 in
738 2381 828 2421 foro
853 2382 1184 2429 obversarentur,
1212 2381 1277 2421 dic
1303 2390 1414 2421 certa
1438 2380 1544 2420 mul-

189 2442 405 2484 titudinem
437 2458 603 2484 omnem
635 2450 911 2484 convocarent
945 2443 999 2483 ad
1030 2443 1237 2497 praesidia
1261 2443 1543 2483 Macedonum

189 2505 352 2546 arcibus
385 2505 643 2560 expellenda.
705 2505 774 2546 ubi
804 2520 854 2546 ea
884 2505 971 2546 dics
1005 2505 1171 2546 advenit
1203 2516 1244 2546 et
1268 2505 1542 2559 Amynander

189 2581 282 2608 cum
308 2567 419 2608 mille
444 2567 609 2609 Aetolis
635 2567 677 2607 in
701 2567 853 2608 finibus
880 2574 984 2617 erat,
1018 2582 1069 2608 ex
1095 2567 1323 2622 composito
1349 2574 1542 2620 quattuor

1568 1093 1586 1122 NJ

1567 1404 1587 1432 4

1569 2516 1586 2545 9
