<?xml version="1.0" encoding="UTF-8"?>
<!DOCTYPE html PUBLIC "-//W3C//DTD XHTML 1.0 Transitional//EN"
    "http://www.w3.org/TR/xhtml1/DTD/xhtml1-transitional.dtd">
<html xmlns="http://www.w3.org/1999/xhtml" xml:lang="en" lang="en">
 <head>
  <title>
</title>
<meta http-equiv="Content-Type" content="text/html;charset=utf-8" />
  <meta name='ocr-system' content='tesseract 3.04.00' />
  <meta name='ocr-capabilities' content='ocr_page ocr_carea ocr_par ocr_line ocrx_word'/>
</head>
<body>
  <div class='ocr_page' id='page_1' title='image "./aburbeconditalib03livyuoft_0344.png"; bbox 0 0 1799 2900; ppageno 0'>
   <div class='ocr_carea' id='block_1_1' title="bbox 243 143 1270 197">
    <p class='ocr_par' dir='ltr' id='par_1_1' title="bbox 243 143 1270 197">
     <span class='ocr_line' id='line_1_1' title="bbox 243 143 1270 197; baseline 0.001 -13"><span class='ocrx_word' id='word_1_1' title='bbox 243 143 325 184; x_wconf 75' lang='lat'>264</span> <span class='ocrx_word' id='word_1_2' title='bbox 569 151 720 185; x_wconf 71' lang='lat' dir='ltr'>LIBER</span> <span class='ocrx_word' id='word_1_3' title='bbox 745 150 949 196; x_wconf 78' lang='lat' dir='ltr'>XXXVII,</span> <span class='ocrx_word' id='word_1_4' title='bbox 976 153 1005 187; x_wconf 74' lang='grc' dir='ltr'>τ.</span> <span class='ocrx_word' id='word_1_5' title='bbox 1034 155 1174 196; x_wconf 71' lang='lat' dir='ltr'>[:1.u.c.</span> <span class='ocrx_word' id='word_1_6' title='bbox 1190 153 1270 197; x_wconf 67' lang='lat'>56-1]</span> 
     </span>
    </p>
   </div>
   <div class='ocr_carea' id='block_1_2' title="bbox 170 255 1596 2667">
    <p class='ocr_par' dir='ltr' id='par_1_2' title="bbox 170 255 1596 2667">
     <span class='ocr_line' id='line_1_2' title="bbox 242 255 1594 310; baseline 0.003 -14"><span class='ocrx_word' id='word_1_7' title='bbox 242 255 501 310; x_wconf 83' lang='lat' dir='ltr'>pedicbatur3</span> <span class='ocrx_word' id='word_1_8' title='bbox 529 269 625 294; x_wconf 89' lang='lat' dir='ltr'>nam</span> <span class='ocrx_word' id='word_1_9' title='bbox 651 269 785 308; x_wconf 85' lang='lat' dir='ltr'>neque</span> <span class='ocrx_word' id='word_1_10' title='bbox 811 256 920 296; x_wconf 87' lang='lat' dir='ltr'>unde</span> <span class='ocrx_word' id='word_1_11' title='bbox 946 255 1055 296; x_wconf 91' lang='lat' dir='ltr'>mille</span> <span class='ocrx_word' id='word_1_12' title='bbox 1083 256 1282 297; x_wconf 74' lang='lat' dir='ltr'>talentum</span> <span class='ocrx_word' id='word_1_13' title='bbox 1304 257 1469 299; x_wconf 88' lang='lat' dir='ltr'>daretur</span> <span class='ocrx_word' id='word_1_14' title='bbox 1495 265 1594 309; x_wconf 84' lang='lat' dir='ltr'>erat,</span> 
     </span>
     <span class='ocr_line' id='line_1_3' title="bbox 243 316 1594 373; baseline 0.002 -15"><span class='ocrx_word' id='word_1_15' title='bbox 243 325 283 358; x_wconf 88' lang='lat' dir='ltr'>et</span> <span class='ocrx_word' id='word_1_16' title='bbox 308 316 511 372; x_wconf 83' lang='lat' dir='ltr'>permisso</span> <span class='ocrx_word' id='word_1_17' title='bbox 536 316 665 358; x_wconf 87' lang='lat' dir='ltr'>libero</span> <span class='ocrx_word' id='word_1_18' title='bbox 692 317 878 366; x_wconf 89' lang='lat' dir='ltr'>arbitrio,</span> <span class='ocrx_word' id='word_1_19' title='bbox 911 333 962 359; x_wconf 88' lang='lat' dir='ltr'>ne</span> <span class='ocrx_word' id='word_1_20' title='bbox 988 319 1030 359; x_wconf 89' lang='lat' dir='ltr'>in</span> <span class='ocrx_word' id='word_1_21' title='bbox 1055 332 1227 373; x_wconf 88' lang='lat' dir='ltr'>corpora</span> <span class='ocrx_word' id='word_1_22' title='bbox 1253 335 1328 361; x_wconf 89' lang='lat' dir='ltr'>sua</span> <span class='ocrx_word' id='word_1_23' title='bbox 1354 320 1594 370; x_wconf 80' lang='lat' dir='ltr'>saeviretur,</span> 
     </span>
     <span class='ocr_line' id='line_1_4' title="bbox 199 379 1593 436; baseline 0.001 -14"><span class='ocrx_word' id='word_1_24' title='bbox 199 393 217 422; x_wconf 82' lang='lat'><strong>2</strong></span> <span class='ocrx_word' id='word_1_25' title='bbox 244 379 494 419; x_wconf 78' lang='lat' dir='ltr'><strong>metuebant.</strong></span> <span class='ocrx_word' id='word_1_26' title='bbox 538 379 671 420; x_wconf 90' lang='lat' dir='ltr'>redire</span> <span class='ocrx_word' id='word_1_27' title='bbox 696 379 832 432; x_wconf 85' lang='lat' dir='ltr'>itaque</span> <span class='ocrx_word' id='word_1_28' title='bbox 859 381 1029 421; x_wconf 88' lang='lat' dir='ltr'>eosdem</span> <span class='ocrx_word' id='word_1_29' title='bbox 1054 381 1214 436; x_wconf 83' lang='lat' dir='ltr'>legatos</span> <span class='ocrx_word' id='word_1_30' title='bbox 1241 382 1294 423; x_wconf 86' lang='lat' dir='ltr'>ad</span> <span class='ocrx_word' id='word_1_31' title='bbox 1319 383 1531 424; x_wconf 89' lang='lat' dir='ltr'>consulem</span> <span class='ocrx_word' id='word_1_32' title='bbox 1556 390 1593 425; x_wconf 89' lang='lat' dir='ltr'>et</span> 
     </span>
     <span class='ocr_line' id='line_1_5' title="bbox 241 441 1594 500; baseline 0.003 -19"><span class='ocrx_word' id='word_1_33' title='bbox 241 441 489 481; x_wconf 78' lang='lat' dir='ltr'>Africanum</span> <span class='ocrx_word' id='word_1_34' title='bbox 520 441 730 481; x_wconf 88' lang='lat' dir='ltr'>iusserunt</span> <span class='ocrx_word' id='word_1_35' title='bbox 761 449 799 482; x_wconf 88' lang='lat' dir='ltr'>et</span> <span class='ocrx_word' id='word_1_36' title='bbox 825 450 984 497; x_wconf 89' lang='lat' dir='ltr'>petere,</span> <span class='ocrx_word' id='word_1_37' title='bbox 1022 450 1085 492; x_wconf 84' lang='lat' dir='ltr'>ut,</span> <span class='ocrx_word' id='word_1_38' title='bbox 1125 443 1159 484; x_wconf 90' lang='lat' dir='ltr'>si</span> <span class='ocrx_word' id='word_1_39' title='bbox 1185 444 1282 485; x_wconf 88' lang='lat' dir='ltr'>darc</span> <span class='ocrx_word' id='word_1_40' title='bbox 1309 460 1405 486; x_wconf 77' lang='lat' dir='ltr'>vere</span> <span class='ocrx_word' id='word_1_41' title='bbox 1435 459 1594 500; x_wconf 81' lang='lat' dir='ltr'>pacem,</span> 
     </span>
     <span class='ocr_line' id='line_1_6' title="bbox 241 504 1595 560; baseline 0.004 -17"><span class='ocrx_word' id='word_1_42' title='bbox 241 520 324 544; x_wconf 90' lang='lat' dir='ltr'>non</span> <span class='ocrx_word' id='word_1_43' title='bbox 355 510 513 544; x_wconf 88' lang='lat' dir='ltr'>tantum</span> <span class='ocrx_word' id='word_1_44' title='bbox 545 504 763 545; x_wconf 80' lang='lat' dir='ltr'><strong>ostendere</strong></span> <span class='ocrx_word' id='word_1_45' title='bbox 796 504 1042 546; x_wconf 82' lang='lat' dir='ltr'>frustrantes</span> <span class='ocrx_word' id='word_1_46' title='bbox 1076 521 1193 560; x_wconf 91' lang='lat' dir='ltr'>spem</span> <span class='ocrx_word' id='word_1_47' title='bbox 1228 507 1472 549; x_wconf 88' lang='lat' dir='ltr'>miscrorum</span> <span class='ocrx_word' id='word_1_48' title='bbox 1511 507 1595 548; x_wconf 82' lang='lat' dir='ltr'>vel-</span> 
     </span>
     <span class='ocr_line' id='line_1_7' title="bbox 240 566 1594 625; baseline 0.004 -19"><span class='ocrx_word' id='word_1_49' title='bbox 240 566 338 615; x_wconf 83' lang='lat' dir='ltr'>lent,</span> <span class='ocrx_word' id='word_1_50' title='bbox 366 573 435 607; x_wconf 87' lang='lat' dir='ltr'>aut</span> <span class='ocrx_word' id='word_1_51' title='bbox 454 581 505 607; x_wconf 85' lang='lat' dir='ltr'>ex</span> <span class='ocrx_word' id='word_1_52' title='bbox 526 582 688 607; x_wconf 88' lang='lat' dir='ltr'>summa</span> <span class='ocrx_word' id='word_1_53' title='bbox 707 567 906 622; x_wconf 88' lang='lat' dir='ltr'>pecuniae</span> <span class='ocrx_word' id='word_1_54' title='bbox 930 569 1155 618; x_wconf 86' lang='lat' dir='ltr'>demerent,</span> <span class='ocrx_word' id='word_1_55' title='bbox 1182 578 1252 610; x_wconf 87' lang='lat' dir='ltr'>aut</span> <span class='ocrx_word' id='word_1_56' title='bbox 1279 571 1594 625; x_wconf 75' lang='lat' dir='ltr'>permissionem</span> 
     </span>
     <span class='ocr_line' id='line_1_8' title="bbox 197 628 1594 686; baseline 0.004 -19"><span class='ocrx_word' id='word_1_57' title='bbox 197 640 214 667; x_wconf 77' lang='grc'>3</span> <span class='ocrx_word' id='word_1_58' title='bbox 241 636 358 669; x_wconf 79' lang='lat' dir='ltr'>extra</span> <span class='ocrx_word' id='word_1_59' title='bbox 383 628 532 668; x_wconf 90' lang='lat' dir='ltr'>civium</span> <span class='ocrx_word' id='word_1_60' title='bbox 559 643 732 684; x_wconf 88' lang='lat' dir='ltr'>corpora</span> <span class='ocrx_word' id='word_1_61' title='bbox 756 629 844 678; x_wconf 81' lang='lat' dir='ltr'>fieri</span> <span class='ocrx_word' id='word_1_62' title='bbox 868 630 1070 671; x_wconf 87' lang='lat' dir='ltr'>iuberent.</span> <span class='ocrx_word' id='word_1_63' title='bbox 1130 631 1231 671; x_wconf 83' lang='lat' dir='ltr'>nihil</span> <span class='ocrx_word' id='word_1_64' title='bbox 1262 631 1526 686; x_wconf 87' lang='lat' dir='ltr'>impetratum</span> <span class='ocrx_word' id='word_1_65' title='bbox 1551 642 1594 673; x_wconf 91' lang='lat' dir='ltr'>ut</span> 
     </span>
     <span class='ocr_line' id='line_1_9' title="bbox 240 691 1594 747; baseline 0.004 -17"><span class='ocrx_word' id='word_1_66' title='bbox 240 698 418 731; x_wconf 86' lang='lat' dir='ltr'>mutaret</span> <span class='ocrx_word' id='word_1_67' title='bbox 449 691 613 739; x_wconf 89' lang='lat' dir='ltr'>consul,</span> <span class='ocrx_word' id='word_1_68' title='bbox 653 699 693 731; x_wconf 91' lang='lat' dir='ltr'>et</span> <span class='ocrx_word' id='word_1_69' title='bbox 718 706 767 732; x_wconf 88' lang='lat' dir='ltr'>ea</span> <span class='ocrx_word' id='word_1_70' title='bbox 799 706 961 745; x_wconf 89' lang='lat' dir='ltr'>quoque</span> <span class='ocrx_word' id='word_1_71' title='bbox 993 692 1106 732; x_wconf 89' lang='lat' dir='ltr'>irrita</span> <span class='ocrx_word' id='word_1_72' title='bbox 1136 692 1288 747; x_wconf 82' lang='lat' dir='ltr'>legatio</span> <span class='ocrx_word' id='word_1_73' title='bbox 1323 694 1495 735; x_wconf 89' lang='lat' dir='ltr'>dimissa</span> <span class='ocrx_word' id='word_1_74' title='bbox 1519 704 1594 736; x_wconf 89' lang='lat' dir='ltr'>cst.</span> 
     </span>
     <span class='ocr_line' id='line_1_10' title="bbox 201 752 1595 809; baseline 0.003 -17"><span class='ocrx_word' id='word_1_75' title='bbox 201 763 214 792; x_wconf 75' lang='lat'>1</span> <span class='ocrx_word' id='word_1_76' title='bbox 244 752 374 792; x_wconf 90' lang='lat' dir='ltr'>secuti</span> <span class='ocrx_word' id='word_1_77' title='bbox 400 758 441 792; x_wconf 91' lang='lat' dir='ltr'>et</span> <span class='ocrx_word' id='word_1_78' title='bbox 463 752 747 794; x_wconf 83' lang='lat' dir='ltr'>Athenienses</span> <span class='ocrx_word' id='word_1_79' title='bbox 775 761 888 803; x_wconf 86' lang='lat' dir='ltr'>sunt3</span> <span class='ocrx_word' id='word_1_80' title='bbox 927 762 967 794; x_wconf 89' lang='lat' dir='ltr'>ct</span> <span class='ocrx_word' id='word_1_81' title='bbox 991 754 1183 809; x_wconf 90' lang='lat' dir='ltr'>princeps</span> <span class='ocrx_word' id='word_1_82' title='bbox 1210 755 1428 809; x_wconf 83' lang='lat' dir='ltr'>legationis</span> <span class='ocrx_word' id='word_1_83' title='bbox 1455 771 1595 797; x_wconf 87' lang='lat' dir='ltr'>eorum</span> 
     </span>
     <span class='ocr_line' id='line_1_11' title="bbox 238 813 1595 872; baseline 0.004 -19"><span class='ocrx_word' id='word_1_84' title='bbox 238 813 506 855; x_wconf 80' lang='lat' dir='ltr'>Echedemus</span> <span class='ocrx_word' id='word_1_85' title='bbox 533 814 730 869; x_wconf 83' lang='lat' dir='ltr'>fatigatos</span> <span class='ocrx_word' id='word_1_86' title='bbox 758 824 818 856; x_wconf 86' lang='lat' dir='ltr'>tot</span> <span class='ocrx_word' id='word_1_87' title='bbox 841 816 1018 870; x_wconf 84' lang='lat' dir='ltr'>repulsis</span> <span class='ocrx_word' id='word_1_88' title='bbox 1033 816 1210 857; x_wconf 83' lang='lat' dir='ltr'>Aetolos</span> <span class='ocrx_word' id='word_1_89' title='bbox 1238 824 1279 857; x_wconf 88' lang='lat' dir='ltr'>ct</span> <span class='ocrx_word' id='word_1_90' title='bbox 1303 817 1595 872; x_wconf 82' lang='lat' dir='ltr'>complorantis</span> 
     </span>
     <span class='ocr_line' id='line_1_12' title="bbox 239 876 1596 933; baseline 0.004 -18"><span class='ocrx_word' id='word_1_91' title='bbox 239 876 372 916; x_wconf 89' lang='lat' dir='ltr'>inutili</span> <span class='ocrx_word' id='word_1_92' title='bbox 404 877 699 918; x_wconf 82' lang='lat' dir='ltr'>lamentatione</span> <span class='ocrx_word' id='word_1_93' title='bbox 730 877 940 919; x_wconf 90' lang='lat' dir='ltr'>fortunam</span> <span class='ocrx_word' id='word_1_94' title='bbox 971 878 1108 933; x_wconf 83' lang='lat' dir='ltr'>gentis</span> <span class='ocrx_word' id='word_1_95' title='bbox 1143 879 1195 920; x_wconf 84' lang='lat' dir='ltr'>ad</span> <span class='ocrx_word' id='word_1_96' title='bbox 1232 894 1349 933; x_wconf 90' lang='lat' dir='ltr'>spem</span> <span class='ocrx_word' id='word_1_97' title='bbox 1385 881 1596 922; x_wconf 77' lang='lat' dir='ltr'>revocavit</span> 
     </span>
     <span class='ocr_line' id='line_1_13' title="bbox 241 938 1596 996; baseline 0.004 -19"><span class='ocrx_word' id='word_1_98' title='bbox 241 947 381 979; x_wconf 77' lang='lat' dir='ltr'>auctor</span> <span class='ocrx_word' id='word_1_99' title='bbox 406 938 585 980; x_wconf 86' lang='lat' dir='ltr'>indutias</span> <span class='ocrx_word' id='word_1_100' title='bbox 613 955 687 980; x_wconf 82' lang='lat' dir='ltr'>sex</span> <span class='ocrx_word' id='word_1_101' title='bbox 711 941 919 981; x_wconf 89' lang='lat' dir='ltr'>mensium</span> <span class='ocrx_word' id='word_1_102' title='bbox 943 941 1129 996; x_wconf 88' lang='lat' dir='ltr'>petendi,</span> <span class='ocrx_word' id='word_1_103' title='bbox 1156 949 1200 982; x_wconf 89' lang='lat' dir='ltr'>ut</span> <span class='ocrx_word' id='word_1_104' title='bbox 1230 942 1390 996; x_wconf 83' lang='lat' dir='ltr'>legatos</span> <span class='ocrx_word' id='word_1_105' title='bbox 1416 942 1596 983; x_wconf 84' lang='lat' dir='ltr'>Romam</span> 
     </span>
     <span class='ocr_line' id='line_1_14' title="bbox 196 1000 1595 1058; baseline 0.004 -19"><span class='ocrx_word' id='word_1_106' title='bbox 196 1010 214 1038; x_wconf 78' lang='grc' dir='ltr'>ῦ</span> <span class='ocrx_word' id='word_1_107' title='bbox 239 1000 401 1041; x_wconf 88' lang='lat' dir='ltr'>mittere</span> <span class='ocrx_word' id='word_1_108' title='bbox 442 1008 633 1055; x_wconf 86' lang='lat' dir='ltr'>possent:</span> <span class='ocrx_word' id='word_1_109' title='bbox 683 1002 922 1046; x_wconf 85' lang='lat' dir='ltr'>dilationem</span> <span class='ocrx_word' id='word_1_110' title='bbox 965 1003 1067 1044; x_wconf 89' lang='lat' dir='ltr'>nihil</span> <span class='ocrx_word' id='word_1_111' title='bbox 1109 1004 1162 1044; x_wconf 86' lang='lat' dir='ltr'>ad</span> <span class='ocrx_word' id='word_1_112' title='bbox 1202 1004 1439 1058; x_wconf 89' lang='lat' dir='ltr'>praesentia</span> <span class='ocrx_word' id='word_1_113' title='bbox 1473 1005 1595 1053; x_wconf 86' lang='lat' dir='ltr'>mala,</span> 
     </span>
     <span class='ocr_line' id='line_1_15' title="bbox 240 1062 1596 1122; baseline 0.004 -21"><span class='ocrx_word' id='word_1_114' title='bbox 240 1062 392 1117; x_wconf 85' lang='lat' dir='ltr'>quippe</span> <span class='ocrx_word' id='word_1_115' title='bbox 425 1077 529 1116; x_wconf 87' lang='lat' dir='ltr'>quae</span> <span class='ocrx_word' id='word_1_116' title='bbox 561 1064 706 1106; x_wconf 90' lang='lat' dir='ltr'>ultima</span> <span class='ocrx_word' id='word_1_117' title='bbox 736 1072 895 1115; x_wconf 86' lang='lat' dir='ltr'>essent,</span> <span class='ocrx_word' id='word_1_118' title='bbox 930 1066 1202 1115; x_wconf 85' lang='lat' dir='ltr'>adiecturam3</span> <span class='ocrx_word' id='word_1_119' title='bbox 1240 1066 1369 1107; x_wconf 79' lang='lat' dir='ltr'>levari</span> <span class='ocrx_word' id='word_1_120' title='bbox 1393 1082 1468 1122; x_wconf 89' lang='lat' dir='ltr'>per</span> <span class='ocrx_word' id='word_1_121' title='bbox 1492 1067 1596 1107; x_wconf 89' lang='lat' dir='ltr'>mul-</span> 
     </span>
     <span class='ocr_line' id='line_1_16' title="bbox 240 1127 1593 1184; baseline 0.004 -20"><span class='ocrx_word' id='word_1_122' title='bbox 240 1133 303 1165; x_wconf 90' lang='lat' dir='ltr'>tos</span> <span class='ocrx_word' id='word_1_123' title='bbox 342 1139 462 1177; x_wconf 86' lang='lat' dir='ltr'>casus</span> <span class='ocrx_word' id='word_1_124' title='bbox 500 1134 685 1181; x_wconf 86' lang='lat' dir='ltr'>tempore</span> <span class='ocrx_word' id='word_1_125' title='bbox 722 1127 965 1182; x_wconf 88' lang='lat' dir='ltr'>interposito</span> <span class='ocrx_word' id='word_1_126' title='bbox 1002 1129 1232 1183; x_wconf 87' lang='lat' dir='ltr'>praesentis</span> <span class='ocrx_word' id='word_1_127' title='bbox 1273 1129 1410 1170; x_wconf 88' lang='lat' dir='ltr'>clades</span> <span class='ocrx_word' id='word_1_128' title='bbox 1455 1144 1593 1184; x_wconf 87' lang='lat' dir='ltr'>posse.</span> 
     </span>
     <span class='ocr_line' id='line_1_17' title="bbox 196 1188 1595 1245; baseline 0.005 -21"><span class='ocrx_word' id='word_1_129' title='bbox 196 1194 214 1223; x_wconf 75' lang='grc'>6</span> <span class='ocrx_word' id='word_1_130' title='bbox 241 1194 406 1227; x_wconf 88' lang='lat' dir='ltr'>auctore</span> <span class='ocrx_word' id='word_1_131' title='bbox 436 1188 679 1229; x_wconf 87' lang='lat' dir='ltr'>Echedemo</span> <span class='ocrx_word' id='word_1_132' title='bbox 716 1189 826 1230; x_wconf 85' lang='lat' dir='ltr'>idem</span> <span class='ocrx_word' id='word_1_133' title='bbox 864 1189 999 1239; x_wconf 88' lang='lat' dir='ltr'>missi,</span> <span class='ocrx_word' id='word_1_134' title='bbox 1037 1190 1151 1245; x_wconf 88' lang='lat' dir='ltr'>prius</span> <span class='ocrx_word' id='word_1_135' title='bbox 1181 1190 1232 1231; x_wconf 86' lang='lat' dir='ltr'>P.</span> <span class='ocrx_word' id='word_1_136' title='bbox 1266 1188 1461 1244; x_wconf 85' lang='lat' dir='ltr'>Scipione</span> <span class='ocrx_word' id='word_1_137' title='bbox 1499 1205 1595 1232; x_wconf 90' lang='lat' dir='ltr'>con-</span> 
     </span>
     <span class='ocr_line' id='line_1_18' title="bbox 240 1251 1593 1307; baseline 0.004 -19"><span class='ocrx_word' id='word_1_138' title='bbox 240 1257 382 1297; x_wconf 79' lang='lat' dir='ltr'>vent03</span> <span class='ocrx_word' id='word_1_139' title='bbox 415 1265 488 1304; x_wconf 89' lang='lat' dir='ltr'>per</span> <span class='ocrx_word' id='word_1_140' title='bbox 514 1265 607 1290; x_wconf 88' lang='lat' dir='ltr'>eum</span> <span class='ocrx_word' id='word_1_141' title='bbox 632 1251 812 1292; x_wconf 85' lang='lat' dir='ltr'>indutias</span> <span class='ocrx_word' id='word_1_142' title='bbox 847 1252 1044 1306; x_wconf 88' lang='lat' dir='ltr'>temporis</span> <span class='ocrx_word' id='word_1_143' title='bbox 1071 1252 1158 1292; x_wconf 88' lang='lat' dir='ltr'>cius</span> <span class='ocrx_word' id='word_1_144' title='bbox 1186 1252 1296 1304; x_wconf 88' lang='lat' dir='ltr'>quod</span> <span class='ocrx_word' id='word_1_145' title='bbox 1320 1253 1516 1307; x_wconf 90' lang='lat' dir='ltr'>petebant</span> <span class='ocrx_word' id='word_1_146' title='bbox 1542 1254 1593 1294; x_wconf 86' lang='lat' dir='ltr'>ab</span> 
     </span>
     <span class='ocr_line' id='line_1_19' title="bbox 197 1311 1594 1369; baseline 0.005 -20"><span class='ocrx_word' id='word_1_147' title='bbox 197 1320 212 1348; x_wconf 86' lang='grc'>7</span> <span class='ocrx_word' id='word_1_148' title='bbox 240 1311 409 1351; x_wconf 88' lang='lat' dir='ltr'>consule</span> <span class='ocrx_word' id='word_1_149' title='bbox 441 1311 779 1366; x_wconf 77' lang='lat' dir='ltr'>impetraverunt.</span> <span class='ocrx_word' id='word_1_150' title='bbox 841 1321 882 1354; x_wconf 88' lang='lat' dir='ltr'>et</span> <span class='ocrx_word' id='word_1_151' title='bbox 918 1313 1054 1354; x_wconf 86' lang='lat' dir='ltr'>soluta</span> <span class='ocrx_word' id='word_1_152' title='bbox 1091 1313 1306 1354; x_wconf 86' lang='lat' dir='ltr'>obsidione</span> <span class='ocrx_word' id='word_1_153' title='bbox 1338 1314 1594 1369; x_wconf 86' lang='lat' dir='ltr'>Amphissae</span> 
     </span>
     <span class='ocr_line' id='line_1_20' title="bbox 238 1371 1596 1429; baseline 0.004 -17"><span class='ocrx_word' id='word_1_154' title='bbox 238 1371 315 1413; x_wconf 87' lang='grc' dir='ltr'>Μ’.</span> <span class='ocrx_word' id='word_1_155' title='bbox 341 1373 503 1414; x_wconf 89' lang='lat' dir='ltr'>Acilius</span> <span class='ocrx_word' id='word_1_156' title='bbox 531 1374 679 1415; x_wconf 85' lang='lat' dir='ltr'>tradito</span> <span class='ocrx_word' id='word_1_157' title='bbox 706 1375 865 1415; x_wconf 83' lang='lat' dir='ltr'>consuli</span> <span class='ocrx_word' id='word_1_158' title='bbox 891 1375 1072 1416; x_wconf 81' lang='lat' dir='ltr'>exercitu</span> <span class='ocrx_word' id='word_1_159' title='bbox 1098 1375 1311 1429; x_wconf 84' lang='lat' dir='ltr'>provincia</span> <span class='ocrx_word' id='word_1_160' title='bbox 1336 1376 1527 1425; x_wconf 84' lang='lat' dir='ltr'>decessit,</span> <span class='ocrx_word' id='word_1_161' title='bbox 1555 1384 1596 1417; x_wconf 89' lang='lat' dir='ltr'>et</span> 
     </span>
     <span class='ocr_line' id='line_1_21' title="bbox 239 1434 1594 1492; baseline 0.004 -19"><span class='ocrx_word' id='word_1_162' title='bbox 239 1434 383 1474; x_wconf 88' lang='lat' dir='ltr'>consul</span> <span class='ocrx_word' id='word_1_163' title='bbox 409 1436 461 1475; x_wconf 89' lang='lat' dir='ltr'>ab</span> <span class='ocrx_word' id='word_1_164' title='bbox 487 1436 718 1490; x_wconf 82' lang='lat' dir='ltr'>Amphissa</span> <span class='ocrx_word' id='word_1_165' title='bbox 744 1436 1009 1477; x_wconf 84' lang='lat' dir='ltr'>Thessaliam</span> <span class='ocrx_word' id='word_1_166' title='bbox 1032 1437 1200 1491; x_wconf 88' lang='lat' dir='ltr'>repetit,</span> <span class='ocrx_word' id='word_1_167' title='bbox 1226 1444 1271 1477; x_wconf 92' lang='lat' dir='ltr'>ut</span> <span class='ocrx_word' id='word_1_168' title='bbox 1295 1452 1368 1492; x_wconf 90' lang='lat' dir='ltr'>per</span> <span class='ocrx_word' id='word_1_169' title='bbox 1393 1437 1594 1479; x_wconf 61' lang='lat' dir='ltr'>Blacedo-</span> 
     </span>
     <span class='ocr_line' id='line_1_22' title="bbox 238 1496 1152 1551; baseline 0.004 -16"><span class='ocrx_word' id='word_1_170' title='bbox 238 1496 349 1536; x_wconf 90' lang='lat' dir='ltr'>niam</span> <span class='ocrx_word' id='word_1_171' title='bbox 375 1496 704 1551; x_wconf 83' lang='lat' dir='ltr'>Thraeciamque</span> <span class='ocrx_word' id='word_1_172' title='bbox 730 1499 898 1539; x_wconf 86' lang='lat' dir='ltr'>duceret</span> <span class='ocrx_word' id='word_1_173' title='bbox 922 1499 965 1539; x_wconf 91' lang='lat' dir='ltr'>in</span> <span class='ocrx_word' id='word_1_174' title='bbox 989 1500 1026 1539; x_wconf 85' lang='lat' dir='ltr'>A</span> <span class='ocrx_word' id='word_1_175' title='bbox 1036 1498 1152 1540; x_wconf 87' lang='lat' dir='ltr'>siam.</span> 
     </span>
     <span class='ocr_line' id='line_1_23' title="bbox 193 1558 1592 1617; baseline 0.004 -20"><span class='ocrx_word' id='word_1_176' title='bbox 193 1571 212 1597; x_wconf 68' lang='lat' dir='ltr'>s</span> <span class='ocrx_word' id='word_1_177' title='bbox 323 1558 433 1598; x_wconf 90' lang='lat' dir='ltr'>Tum</span> <span class='ocrx_word' id='word_1_178' title='bbox 463 1559 690 1600; x_wconf 87' lang='lat' dir='ltr'>Africanus</span> <span class='ocrx_word' id='word_1_179' title='bbox 725 1560 841 1601; x_wconf 89' lang='lat' dir='ltr'>fratri</span> <span class='ocrx_word' id='word_1_180' title='bbox 879 1560 975 1601; x_wconf 87' lang='lat' dir='ltr'>‘iter</span> <span class='ocrx_word' id='word_1_181' title='bbox 1004 1561 1116 1614; x_wconf 85' lang='lat' dir='ltr'>quod</span> <span class='ocrx_word' id='word_1_182' title='bbox 1147 1561 1323 1609; x_wconf 86' lang='lat' dir='ltr'>insistis,</span> <span class='ocrx_word' id='word_1_183' title='bbox 1354 1561 1408 1602; x_wconf 90' lang='lat' dir='ltr'>L.</span> <span class='ocrx_word' id='word_1_184' title='bbox 1438 1561 1592 1617; x_wconf 86' lang='lat' dir='ltr'>Scipio,</span> 
     </span>
     <span class='ocr_line' id='line_1_24' title="bbox 238 1622 1592 1676; baseline 0.004 -16"><span class='ocrx_word' id='word_1_185' title='bbox 238 1636 316 1674; x_wconf 71' lang='lat' dir='ltr'>ego</span> <span class='ocrx_word' id='word_1_186' title='bbox 348 1635 511 1674; x_wconf 79' lang='lat' dir='ltr'>quoque</span> <span class='ocrx_word' id='word_1_187' title='bbox 543 1622 747 1676; x_wconf 82' lang='lat' dir='ltr'>adprobo3</span> <span class='ocrx_word' id='word_1_188' title='bbox 781 1623 854 1663; x_wconf 90' lang='lat' dir='ltr'>sed</span> <span class='ocrx_word' id='word_1_189' title='bbox 886 1630 1019 1664; x_wconf 86' lang='lat' dir='ltr'>totum</span> <span class='ocrx_word' id='word_1_190' title='bbox 1043 1623 1085 1663; x_wconf 89' lang='lat' dir='ltr'>id</span> <span class='ocrx_word' id='word_1_191' title='bbox 1112 1623 1282 1664; x_wconf 85' lang='lat' dir='ltr'>vertitur</span> <span class='ocrx_word' id='word_1_192' title='bbox 1313 1623 1355 1664; x_wconf 90' lang='lat' dir='ltr'>in</span> <span class='ocrx_word' id='word_1_193' title='bbox 1381 1625 1592 1665; x_wconf 87' lang='lat' dir='ltr'>voluntate</span> 
     </span>
     <span class='ocr_line' id='line_1_25' title="bbox 193 1682 1593 1738; baseline 0.004 -17"><span class='ocrx_word' id='word_1_194' title='bbox 193 1694 209 1721; x_wconf 74' lang='lat' dir='ltr'>u</span> <span class='ocrx_word' id='word_1_195' title='bbox 236 1682 434 1737; x_wconf 72' lang='lat' dir='ltr'>Philippi,</span> <span class='ocrx_word' id='word_1_196' title='bbox 461 1683 530 1736; x_wconf 86' lang='lat' dir='ltr'>qui</span> <span class='ocrx_word' id='word_1_197' title='bbox 558 1683 592 1723; x_wconf 88' lang='lat' dir='ltr'>si</span> <span class='ocrx_word' id='word_1_198' title='bbox 617 1683 789 1738; x_wconf 89' lang='lat' dir='ltr'>imperio</span> <span class='ocrx_word' id='word_1_199' title='bbox 815 1691 958 1725; x_wconf 90' lang='lat' dir='ltr'>nostro</span> <span class='ocrx_word' id='word_1_200' title='bbox 984 1685 1118 1726; x_wconf 90' lang='lat' dir='ltr'>fidelis</span> <span class='ocrx_word' id='word_1_201' title='bbox 1145 1693 1220 1734; x_wconf 87' lang='lat' dir='ltr'>est,</span> <span class='ocrx_word' id='word_1_202' title='bbox 1248 1693 1289 1726; x_wconf 91' lang='lat' dir='ltr'>et</span> <span class='ocrx_word' id='word_1_203' title='bbox 1313 1685 1390 1726; x_wconf 90' lang='lat' dir='ltr'>iter</span> <span class='ocrx_word' id='word_1_204' title='bbox 1416 1694 1455 1727; x_wconf 90' lang='lat' dir='ltr'>et</span> <span class='ocrx_word' id='word_1_205' title='bbox 1481 1700 1593 1727; x_wconf 88' lang='lat' dir='ltr'>com-</span> 
     </span>
     <span class='ocr_line' id='line_1_26' title="bbox 236 1746 1595 1802; baseline 0.003 -18"><span class='ocrx_word' id='word_1_206' title='bbox 236 1752 397 1785; x_wconf 88' lang='lat' dir='ltr'>meatus</span> <span class='ocrx_word' id='word_1_207' title='bbox 428 1752 469 1785; x_wconf 87' lang='lat' dir='ltr'>et</span> <span class='ocrx_word' id='word_1_208' title='bbox 501 1746 657 1794; x_wconf 89' lang='lat' dir='ltr'>omnia,</span> <span class='ocrx_word' id='word_1_209' title='bbox 695 1760 801 1799; x_wconf 87' lang='lat' dir='ltr'>quae</span> <span class='ocrx_word' id='word_1_210' title='bbox 832 1746 874 1786; x_wconf 91' lang='lat' dir='ltr'>in</span> <span class='ocrx_word' id='word_1_211' title='bbox 904 1747 1030 1802; x_wconf 80' lang='lat' dir='ltr'>longo</span> <span class='ocrx_word' id='word_1_212' title='bbox 1061 1747 1207 1788; x_wconf 86' lang='lat' dir='ltr'>itinere</span> <span class='ocrx_word' id='word_1_213' title='bbox 1241 1748 1446 1788; x_wconf 87' lang='lat' dir='ltr'>exercitus</span> <span class='ocrx_word' id='word_1_214' title='bbox 1479 1748 1595 1789; x_wconf 87' lang='lat' dir='ltr'>alunt</span> 
     </span>
     <span class='ocr_line' id='line_1_27' title="bbox 236 1806 1594 1864; baseline 0.003 -18"><span class='ocrx_word' id='word_1_215' title='bbox 236 1806 479 1859; x_wconf 81' lang='lat' dir='ltr'>iuvantque,</span> <span class='ocrx_word' id='word_1_216' title='bbox 516 1807 636 1848; x_wconf 92' lang='lat' dir='ltr'>nobis</span> <span class='ocrx_word' id='word_1_217' title='bbox 664 1808 958 1863; x_wconf 85' lang='lat' dir='ltr'>suppeditabit.</span> <span class='ocrx_word' id='word_1_218' title='bbox 1019 1808 1053 1850; x_wconf 91' lang='lat' dir='ltr'>si</span> <span class='ocrx_word' id='word_1_219' title='bbox 1077 1809 1112 1850; x_wconf 90' lang='lat' dir='ltr'>is</span> <span class='ocrx_word' id='word_1_220' title='bbox 1140 1809 1355 1859; x_wconf 85' lang='lat' dir='ltr'>destituat,</span> <span class='ocrx_word' id='word_1_221' title='bbox 1394 1809 1495 1850; x_wconf 89' lang='lat' dir='ltr'>nihil</span> <span class='ocrx_word' id='word_1_222' title='bbox 1520 1825 1594 1864; x_wconf 90' lang='lat' dir='ltr'>per</span> 
     </span>
     <span class='ocr_line' id='line_1_28' title="bbox 173 1868 1592 1926; baseline 0.003 -18"><span class='ocrx_word' id='word_1_223' title='bbox 173 1879 211 1908; x_wconf 82' lang='lat'>10</span> <span class='ocrx_word' id='word_1_224' title='bbox 237 1868 457 1909; x_wconf 82' lang='lat' dir='ltr'>Thraciam</span> <span class='ocrx_word' id='word_1_225' title='bbox 480 1869 578 1910; x_wconf 88' lang='lat' dir='ltr'>satis</span> <span class='ocrx_word' id='word_1_226' title='bbox 605 1877 739 1910; x_wconf 88' lang='lat' dir='ltr'>tutum</span> <span class='ocrx_word' id='word_1_227' title='bbox 765 1871 951 1912; x_wconf 88' lang='lat' dir='ltr'>habebis.</span> <span class='ocrx_word' id='word_1_228' title='bbox 983 1871 1121 1924; x_wconf 85' lang='lat' dir='ltr'>itaque</span> <span class='ocrx_word' id='word_1_229' title='bbox 1146 1872 1259 1926; x_wconf 89' lang='lat' dir='ltr'>prius</span> <span class='ocrx_word' id='word_1_230' title='bbox 1279 1872 1390 1926; x_wconf 84' lang='lat' dir='ltr'>regis</span> <span class='ocrx_word' id='word_1_231' title='bbox 1411 1872 1592 1913; x_wconf 87' lang='lat' dir='ltr'>animum</span> 
     </span>
     <span class='ocr_line' id='line_1_29' title="bbox 237 1931 1593 1988; baseline 0.003 -18"><span class='ocrx_word' id='word_1_232' title='bbox 237 1931 440 1985; x_wconf 83' lang='lat' dir='ltr'>explorari</span> <span class='ocrx_word' id='word_1_233' title='bbox 473 1931 621 1986; x_wconf 87' lang='lat' dir='ltr'>placet.</span> <span class='ocrx_word' id='word_1_234' title='bbox 682 1933 837 1987; x_wconf 87' lang='lat' dir='ltr'>optime</span> <span class='ocrx_word' id='word_1_235' title='bbox 870 1933 1171 1988; x_wconf 65' lang='lat' dir='ltr'>explorabitur,</span> <span class='ocrx_word' id='word_1_236' title='bbox 1206 1933 1239 1974; x_wconf 87' lang='lat' dir='ltr'>si</span> <span class='ocrx_word' id='word_1_237' title='bbox 1264 1934 1366 1974; x_wconf 91' lang='lat' dir='ltr'>nihil</span> <span class='ocrx_word' id='word_1_238' title='bbox 1392 1949 1443 1974; x_wconf 84' lang='lat' dir='ltr'>ex</span> <span class='ocrx_word' id='word_1_239' title='bbox 1474 1949 1593 1988; x_wconf 89' lang='lat' dir='ltr'>prae-</span> 
     </span>
     <span class='ocr_line' id='line_1_30' title="bbox 172 1995 1591 2050; baseline 0.002 -17"><span class='ocrx_word' id='word_1_240' title='bbox 172 2004 205 2033; x_wconf 78' lang='lat'>11</span> <span class='ocrx_word' id='word_1_241' title='bbox 237 2000 381 2047; x_wconf 88' lang='lat' dir='ltr'>parato</span> <span class='ocrx_word' id='word_1_242' title='bbox 407 2001 601 2048; x_wconf 76' lang='lat' dir='ltr'>agentem</span> <span class='ocrx_word' id='word_1_243' title='bbox 627 1995 832 2049; x_wconf 90' lang='lat' dir='ltr'>obprimet</span> <span class='ocrx_word' id='word_1_244' title='bbox 857 1996 928 2049; x_wconf 86' lang='lat' dir='ltr'>qui</span> <span class='ocrx_word' id='word_1_245' title='bbox 951 1995 1162 2036; x_wconf 53' lang='lat' dir='ltr'>mittetur?</span> <span class='ocrx_word' id='word_1_246' title='bbox 1224 1995 1289 2036; x_wconf 89' lang='lat' dir='ltr'>Ti.</span> <span class='ocrx_word' id='word_1_247' title='bbox 1318 1995 1591 2050; x_wconf 81' lang='lat' dir='ltr'>Sempronius</span> 
     </span>
     <span class='ocr_line' id='line_1_31' title="bbox 237 2054 1590 2111; baseline 0.002 -16"><span class='ocrx_word' id='word_1_248' title='bbox 237 2054 474 2104; x_wconf 85' lang='lat' dir='ltr'>Gracchus,</span> <span class='ocrx_word' id='word_1_249' title='bbox 506 2056 629 2111; x_wconf 82' lang='lat' dir='ltr'>longe</span> <span class='ocrx_word' id='word_1_250' title='bbox 656 2064 742 2097; x_wconf 90' lang='lat' dir='ltr'>tum</span> <span class='ocrx_word' id='word_1_251' title='bbox 769 2057 992 2098; x_wconf 88' lang='lat' dir='ltr'>acerrimus</span> <span class='ocrx_word' id='word_1_252' title='bbox 1020 2057 1233 2105; x_wconf 86' lang='lat' dir='ltr'>iuvenum,</span> <span class='ocrx_word' id='word_1_253' title='bbox 1260 2058 1314 2097; x_wconf 88' lang='lat' dir='ltr'>ad</span> <span class='ocrx_word' id='word_1_254' title='bbox 1339 2057 1381 2097; x_wconf 86' lang='lat' dir='ltr'>id</span> <span class='ocrx_word' id='word_1_255' title='bbox 1407 2057 1590 2098; x_wconf 90' lang='lat' dir='ltr'>delectus</span> 
     </span>
     <span class='ocr_line' id='line_1_32' title="bbox 235 2117 1591 2174; baseline 0.002 -18"><span class='ocrx_word' id='word_1_256' title='bbox 235 2132 309 2171; x_wconf 90' lang='lat' dir='ltr'>per</span> <span class='ocrx_word' id='word_1_257' title='bbox 342 2117 565 2172; x_wconf 86' lang='lat' dir='ltr'>dispositos</span> <span class='ocrx_word' id='word_1_258' title='bbox 592 2133 721 2172; x_wconf 86' lang='lat' dir='ltr'>equos</span> <span class='ocrx_word' id='word_1_259' title='bbox 752 2134 881 2174; x_wconf 89' lang='lat' dir='ltr'>prope</span> <span class='ocrx_word' id='word_1_260' title='bbox 912 2119 1143 2160; x_wconf 90' lang='lat' dir='ltr'>incredibili</span> <span class='ocrx_word' id='word_1_261' title='bbox 1175 2119 1384 2160; x_wconf 89' lang='lat' dir='ltr'>celeritate</span> <span class='ocrx_word' id='word_1_262' title='bbox 1410 2120 1461 2159; x_wconf 87' lang='lat' dir='ltr'>ab</span> <span class='ocrx_word' id='word_1_263' title='bbox 1486 2120 1591 2159; x_wconf 88' lang='lat' dir='ltr'>Am-</span> 
     </span>
     <span class='ocr_line' id='line_1_33' title="bbox 234 2179 1592 2236; baseline 0.003 -18"><span class='ocrx_word' id='word_1_264' title='bbox 234 2179 557 2232; x_wconf 66' lang='lat' dir='ltr'>phissa—inde</span> <span class='ocrx_word' id='word_1_265' title='bbox 584 2180 692 2221; x_wconf 90' lang='lat' dir='ltr'>enim</span> <span class='ocrx_word' id='word_1_266' title='bbox 719 2189 783 2222; x_wconf 87' lang='lat' dir='ltr'>est</span> <span class='ocrx_word' id='word_1_267' title='bbox 808 2181 1002 2221; x_wconf 87' lang='lat' dir='ltr'>dimissus</span> <span class='ocrx_word' id='word_1_268' title='bbox 1019 2206 1072 2210; x_wconf 91' lang='lat'><strong>—</strong></span> <span class='ocrx_word' id='word_1_269' title='bbox 1088 2182 1153 2221; x_wconf 89' lang='lat' dir='ltr'>die</span> <span class='ocrx_word' id='word_1_270' title='bbox 1178 2181 1298 2222; x_wconf 90' lang='lat' dir='ltr'>tertio</span> <span class='ocrx_word' id='word_1_271' title='bbox 1311 2181 1474 2222; x_wconf 88' lang='lat' dir='ltr'>Pellam</span> <span class='ocrx_word' id='word_1_272' title='bbox 1499 2196 1592 2236; x_wconf 90' lang='lat' dir='ltr'>per-</span> 
     </span>
     <span class='ocr_line' id='line_1_34' title="bbox 170 2241 1591 2297; baseline 0.003 -17"><span class='ocrx_word' id='word_1_273' title='bbox 170 2253 207 2281; x_wconf 79' lang='lat'>12</span> <span class='ocrx_word' id='word_1_274' title='bbox 235 2241 358 2281; x_wconf 74' lang='lat' dir='ltr'>venit.</span> <span class='ocrx_word' id='word_1_275' title='bbox 390 2242 432 2281; x_wconf 93' lang='lat' dir='ltr'>in</span> <span class='ocrx_word' id='word_1_276' title='bbox 458 2242 647 2283; x_wconf 81' lang='lat' dir='ltr'>convivio</span> <span class='ocrx_word' id='word_1_277' title='bbox 668 2258 740 2283; x_wconf 84' lang='lat' dir='ltr'>rex</span> <span class='ocrx_word' id='word_1_278' title='bbox 766 2252 853 2284; x_wconf 86' lang='lat' dir='ltr'>erat</span> <span class='ocrx_word' id='word_1_279' title='bbox 874 2256 915 2284; x_wconf 90' lang='lat' dir='ltr'>et</span> <span class='ocrx_word' id='word_1_280' title='bbox 939 2243 980 2283; x_wconf 89' lang='lat' dir='ltr'>in</span> <span class='ocrx_word' id='word_1_281' title='bbox 1005 2243 1180 2283; x_wconf 87' lang='lat' dir='ltr'>multum</span> <span class='ocrx_word' id='word_1_282' title='bbox 1201 2243 1285 2283; x_wconf 78' lang='lat' dir='ltr'>vini</span> <span class='ocrx_word' id='word_1_283' title='bbox 1310 2250 1591 2297; x_wconf 85' lang='lat' dir='ltr'>processerat;</span> 
     </span>
     <span class='ocr_line' id='line_1_35' title="bbox 235 2303 1591 2360; baseline 0.001 -18"><span class='ocrx_word' id='word_1_284' title='bbox 235 2318 283 2343; x_wconf 90' lang='lat' dir='ltr'>ea</span> <span class='ocrx_word' id='word_1_285' title='bbox 313 2303 405 2357; x_wconf 89' lang='lat' dir='ltr'>ipsa</span> <span class='ocrx_word' id='word_1_286' title='bbox 436 2304 625 2345; x_wconf 87' lang='lat' dir='ltr'>remissio</span> <span class='ocrx_word' id='word_1_287' title='bbox 652 2305 777 2345; x_wconf 88' lang='lat' dir='ltr'>animi</span> <span class='ocrx_word' id='word_1_288' title='bbox 810 2305 1082 2360; x_wconf 90' lang='lat' dir='ltr'>suspitionem</span> <span class='ocrx_word' id='word_1_289' title='bbox 1111 2306 1290 2360; x_wconf 87' lang='lat' dir='ltr'>dempsit</span> <span class='ocrx_word' id='word_1_290' title='bbox 1318 2320 1471 2346; x_wconf 78' lang='lat' dir='ltr'>novare</span> <span class='ocrx_word' id='word_1_291' title='bbox 1497 2320 1591 2346; x_wconf 85' lang='lat' dir='ltr'>eum</span> 
     </span>
     <span class='ocr_line' id='line_1_36' title="bbox 171 2365 1591 2422; baseline 0.003 -19"><span class='ocrx_word' id='word_1_292' title='bbox 171 2374 209 2403; x_wconf 86' lang='lat'>13</span> <span class='ocrx_word' id='word_1_293' title='bbox 236 2365 455 2418; x_wconf 83' lang='lat' dir='ltr'>quicquam</span> <span class='ocrx_word' id='word_1_294' title='bbox 481 2366 600 2407; x_wconf 80' lang='lat' dir='ltr'>velle.</span> <span class='ocrx_word' id='word_1_295' title='bbox 639 2374 680 2407; x_wconf 86' lang='lat' dir='ltr'>et</span> <span class='ocrx_word' id='word_1_296' title='bbox 704 2375 791 2407; x_wconf 88' lang='lat' dir='ltr'>tum</span> <span class='ocrx_word' id='word_1_297' title='bbox 817 2368 983 2421; x_wconf 89' lang='lat' dir='ltr'>quidem</span> <span class='ocrx_word' id='word_1_298' title='bbox 1010 2368 1184 2409; x_wconf 88' lang='lat' dir='ltr'>comiter</span> <span class='ocrx_word' id='word_1_299' title='bbox 1210 2375 1403 2422; x_wconf 88' lang='lat' dir='ltr'>acceptus</span> <span class='ocrx_word' id='word_1_300' title='bbox 1424 2368 1591 2422; x_wconf 89' lang='lat' dir='ltr'>hospes,</span> 
     </span>
     <span class='ocr_line' id='line_1_37' title="bbox 234 2428 1591 2484; baseline 0.002 -18"><span class='ocrx_word' id='word_1_301' title='bbox 234 2434 399 2478; x_wconf 88' lang='lat' dir='ltr'>postero</span> <span class='ocrx_word' id='word_1_302' title='bbox 426 2428 491 2467; x_wconf 87' lang='lat' dir='ltr'>die</span> <span class='ocrx_word' id='word_1_303' title='bbox 518 2436 771 2469; x_wconf 90' lang='lat' dir='ltr'>commeatus</span> <span class='ocrx_word' id='word_1_304' title='bbox 799 2429 997 2470; x_wconf 81' lang='lat' dir='ltr'>exercitui</span> <span class='ocrx_word' id='word_1_305' title='bbox 1022 2437 1190 2484; x_wconf 88' lang='lat' dir='ltr'>paratos</span> <span class='ocrx_word' id='word_1_306' title='bbox 1216 2430 1416 2484; x_wconf 82' lang='lat' dir='ltr'>benigne,</span> <span class='ocrx_word' id='word_1_307' title='bbox 1443 2437 1591 2484; x_wconf 84' lang='lat' dir='ltr'>pontes</span> 
     </span>
     <span class='ocr_line' id='line_1_38' title="bbox 234 2486 1589 2540; baseline 0.004 -15"><span class='ocrx_word' id='word_1_308' title='bbox 234 2486 275 2525; x_wconf 88' lang='lat' dir='ltr'>in</span> <span class='ocrx_word' id='word_1_309' title='bbox 305 2488 542 2530; x_wconf 89' lang='lat' dir='ltr'>fluminibus</span> <span class='ocrx_word' id='word_1_310' title='bbox 575 2490 727 2540; x_wconf 87' lang='lat' dir='ltr'>factos,</span> <span class='ocrx_word' id='word_1_311' title='bbox 765 2491 873 2540; x_wconf 88' lang='lat' dir='ltr'>vias,</span> <span class='ocrx_word' id='word_1_312' title='bbox 910 2491 981 2532; x_wconf 89' lang='lat' dir='ltr'>ubi</span> <span class='ocrx_word' id='word_1_313' title='bbox 1012 2491 1210 2533; x_wconf 87' lang='lat' dir='ltr'>transitus</span> <span class='ocrx_word' id='word_1_314' title='bbox 1244 2491 1433 2532; x_wconf 80' lang='lat' dir='ltr'>difficiles</span> <span class='ocrx_word' id='word_1_315' title='bbox 1461 2497 1589 2539; x_wconf 88' lang='lat' dir='ltr'>erant,</span> 
     </span>
     <span class='ocr_line' id='line_1_39' title="bbox 171 2548 1588 2607; baseline 0.002 -18"><span class='ocrx_word' id='word_1_316' title='bbox 171 2560 209 2589; x_wconf 69' lang='lat'>14</span> <span class='ocrx_word' id='word_1_317' title='bbox 236 2548 413 2589; x_wconf 88' lang='lat' dir='ltr'>munitas</span> <span class='ocrx_word' id='word_1_318' title='bbox 441 2550 554 2591; x_wconf 80' lang='lat' dir='ltr'>vidit.</span> <span class='ocrx_word' id='word_1_319' title='bbox 616 2552 718 2593; x_wconf 85' lang='lat' dir='ltr'>haec</span> <span class='ocrx_word' id='word_1_320' title='bbox 749 2553 933 2594; x_wconf 85' lang='lat' dir='ltr'>referens</span> <span class='ocrx_word' id='word_1_321' title='bbox 960 2554 1106 2594; x_wconf 84' lang='lat' dir='ltr'>eadem</span> <span class='ocrx_word' id='word_1_322' title='bbox 1140 2569 1221 2607; x_wconf 87' lang='lat' dir='ltr'>qua</span> <span class='ocrx_word' id='word_1_323' title='bbox 1250 2554 1354 2594; x_wconf 88' lang='lat' dir='ltr'>ierat</span> <span class='ocrx_word' id='word_1_324' title='bbox 1380 2554 1588 2594; x_wconf 88' lang='lat' dir='ltr'>celeritate</span> 
     </span>
     <span class='ocr_line' id='line_1_40' title="bbox 234 2608 1589 2667; baseline 0.003 -19"><span class='ocrx_word' id='word_1_325' title='bbox 234 2608 486 2651; x_wconf 80' lang='lat' dir='ltr'>Thamnacis</span> <span class='ocrx_word' id='word_1_326' title='bbox 508 2612 689 2653; x_wconf 86' lang='lat' dir='ltr'>obcurrit</span> <span class='ocrx_word' id='word_1_327' title='bbox 715 2614 885 2655; x_wconf 74' lang='lat' dir='ltr'>consuli„</span> <span class='ocrx_word' id='word_1_328' title='bbox 946 2615 1042 2655; x_wconf 88' lang='lat' dir='ltr'>inde</span> <span class='ocrx_word' id='word_1_329' title='bbox 1069 2615 1240 2655; x_wconf 85' lang='lat' dir='ltr'>certiore</span> <span class='ocrx_word' id='word_1_330' title='bbox 1267 2623 1303 2655; x_wconf 90' lang='lat' dir='ltr'>et</span> <span class='ocrx_word' id='word_1_331' title='bbox 1337 2615 1490 2655; x_wconf 83' lang='lat' dir='ltr'>maiore</span> <span class='ocrx_word' id='word_1_332' title='bbox 1516 2627 1589 2667; x_wconf 86' lang='lat' dir='ltr'>spe</span> 
     </span>
    </p>
   </div>
  </div>
 </body>
</html>
