1799 2900
485 192 639 226 LIBER
664 193 812 235 XXXI,
840 193 939 226 2-4.
968 191 1168 236 [a.e.<201]
1478 182 1504 224 3

146 297 350 339 sociorum
388 295 540 345 factas,
584 296 744 336 duabus
782 296 1016 351 legionibus
1054 295 1263 336 subitariis
1301 294 1501 334 tumultus

145 360 234 400 eius
261 373 388 399 causa
419 358 582 412 scriptis
610 358 843 411 additisque
870 360 922 399 ad.
947 374 1017 400 eas
1044 365 1238 411 quattuor
1264 356 1502 398 cohortibus

145 422 196 462 de
227 421 411 462 exercitu
444 435 518 461 suo
546 419 596 461 C.
622 421 823 474 Ampium
854 422 1111 476 praefectum
1143 420 1303 461 socium
1333 419 1411 459 hae
1441 426 1505 458 tu-

145 483 365 524 multuaria
406 498 532 522 manu
574 498 648 537 per
683 483 923 532 Umbriam,
975 498 1055 536 qua
1096 483 1248 523 tribum
1287 480 1503 536 Sapiniam

146 553 306 595 vocant,
335 560 480 600 agrum
494 544 693 585 Boiorum
713 545 908 586 invadere
928 545 1067 594 iussit;
1094 545 1184 599 ipse
1201 544 1346 585 eodem
1361 550 1502 598 aperto

145 608 290 648 itinere
325 623 399 662 per
442 615 606 648 montes
645 607 773 648 duxit.
844 607 1024 662 Ampius
1067 607 1283 662 ingressus
1321 605 1502 646 hostium

144 671 248 711 fines
290 670 424 725 primo
465 669 756 724 populationes
804 669 903 710 satis
946 684 1144 724 prospere
1181 682 1230 709 ac
1267 675 1354 708 tuto
1391 667 1502 707 fecit.

145 732 305 773 delecto
338 732 486 772 deinde
513 732 565 772 ad
591 740 774 772 castrum
801 731 999 771 Mutilum
1034 731 1132 772 satis
1160 731 1309 771 idoneo
1334 730 1425 770 loco
1452 729 1505 768 ad

146 794 394 835 demetenda
424 795 631 834 frumenta
654 819 711 823 —
735 794 817 835 iam
843 794 951 835 enim
983 802 1169 834 maturae
1196 799 1314 833 erant
1339 798 1503 846 segetes

145 881 200 885 —-
224 857 435 911 profectus
467 870 602 909 neque
636 857 848 911 explorato
875 856 983 896 circa
1014 870 1090 896 nec
1123 854 1370 895 stationibus
1404 852 1503 893 satis

146 920 292 969 firmis,
332 935 436 973 quae
467 929 649 960 armatae
686 920 854 960 inermis
888 926 1010 971 atque
1042 918 1156 973 operi
1186 917 1367 957 intentos
1400 923 1507 955 tuta-

145 992 303 1031 rentur,
340 982 486 1036 positis
517 983 729 1037 inproviso
765 982 908 1036 inpetu
941 981 1158 1021 Gallorum
1195 994 1289 1019 cum
1325 980 1507 1018 frumen-

146 1045 347 1084 tatoribus
386 1052 449 1084 est
487 1044 807 1084 circumventus.
867 1043 963 1083 inde
994 1057 1125 1097 pavor
1160 1042 1344 1094 fugaque
1382 1040 1505 1080 etiam

147 1115 326 1147 armatos
354 1105 473 1159 cepit.
536 1105 588 1145 ad
614 1114 773 1159 septem
800 1105 912 1144 milia
937 1104 1151 1144 hominum
1177 1103 1317 1157 palata
1341 1116 1414 1156 per
1442 1115 1506 1141 se-

146 1176 262 1223 getes
291 1174 386 1207 sunt
412 1181 552 1215 caesa,
589 1166 695 1207 inter
721 1180 823 1219 quos
855 1166 945 1220 ipse
972 1164 1021 1206 C.
1048 1164 1230 1219 Ampius
1255 1163 1505 1218 praefectus,

147 1230 272 1271 ceteri
308 1229 351 1268 in
389 1239 525 1269 castra
560 1236 673 1269 metu
711 1227 927 1283 compulsi.
992 1227 1088 1268 inde
1126 1226 1214 1267 sine
1253 1233 1364 1266 certo
1402 1224 1506 1264 duce

147 1306 354 1333 consensu
386 1290 554 1330 militari
583 1290 774 1345 proxima
803 1300 924 1331 nocte
949 1289 1092 1330 relicta
1118 1303 1271 1342 magna
1302 1293 1418 1342 parte
1443 1300 1508 1326 re-

146 1369 237 1394 rum
263 1369 431 1394 suarum
457 1353 509 1394 ad
541 1353 755 1393 consulem
785 1367 858 1407 per
886 1352 1014 1393 saltus
1046 1366 1175 1406 prope
1201 1350 1335 1390 invios
1361 1363 1507 1404 perve-

146 1431 257 1457 nere.
319 1415 389 1469 qui
419 1415 500 1456 nisi
525 1416 636 1469 quod
661 1416 884 1471 populatus
911 1415 1201 1462 esttssoiorum
1225 1413 1319 1453 finis
1346 1421 1386 1453 et
1412 1427 1505 1452 cum

147 1478 347 1533 Ingaunis
374 1478 603 1533 Liguribus
636 1478 784 1519 foedus
810 1478 899 1527 icit,
937 1477 1037 1518 nihil
1070 1477 1182 1530 quod
1207 1484 1319 1517 esset
1350 1490 1506 1516 memo-

146 1541 276 1581 rabile
302 1541 415 1581 aliud
438 1540 480 1580 in
505 1540 718 1595 provinc-ia
744 1556 837 1581 cum
863 1540 1084 1595 gessisset,
1112 1540 1291 1580 Romam
1316 1538 1450 1579 rediit.

233 1602 315 1642 HI.
366 1601 476 1643 Cum
506 1603 685 1657 primum
718 1610 909 1643 senatum
940 1601 1083 1642 habuit
1119 1600 1326 1641 universis
1364 1608 1507 1654 postu-

149 1664 348 1712 lantibus,
376 1679 427 1704 ne
453 1678 577 1717 quam
602 1665 715 1719 prius
742 1680 829 1705 rem
855 1680 980 1717 quam
1006 1664 1056 1704 de
1081 1663 1277 1718 Philippo
1305 1676 1352 1702 ae
1378 1661 1510 1702 socio-

149 1742 241 1767 rum
266 1726 459 1779 querellis
493 1735 653 1780 ageret,
686 1727 861 1767 relatum
889 1726 1097 1780 extemplo
1130 1733 1211 1773 est,
1244 1724 1508 1776 decrevitque

151 1789 345 1841 frequens
373 1795 560 1836 senatus,
592 1796 637 1827 ut
661 1789 711 1829 P.
738 1789 886 1828 Aelius
914 1788 1058 1828 consul
1084 1802 1207 1840 quem
1236 1787 1446 1826 videretur
1472 1784 1509 1825 ei

151 1865 246 1890 cum
270 1850 442 1905 imperio
468 1850 662 1899 mitteret,
690 1850 759 1903 qui
785 1850 918 1891 classe
939 1856 1121 1903 accepta,
1149 1863 1275 1901 quam
1295 1863 1346 1888 ex
1367 1846 1510 1887 Sicilia

152 1911 231 1953 Cn.
248 1911 450 1953 Octavius
476 1913 703 1961 reduceret,
730 1912 770 1953 in
785 1911 1080 1952 Macedoniam
1104 1911 1308 1951 traiceret.
1345 1910 1407 1950 M.
1421 1910 1509 1951 Va-

151 1974 275 2015 lerius
302 1974 516 2015 Laevinus
542 1982 785 2029 propraetor
810 1975 962 2015 missus
989 1974 1097 2014 circa
1116 1973 1326 2015 Vibonem
1353 1971 1508 2012 duode-

151 2037 427 2092 quadraginta
457 2037 633 2078 navibus
668 2038 719 2078 ab
751 2037 830 2079 Cn.
865 2037 1045 2078 Octavio
1078 2035 1258 2090 acceptis
1291 2035 1332 2075 in
1363 2035 1510 2074 Mace—

152 2099 319 2140 doniam
354 2099 594 2140 transmisit.
658 2100 710 2140 ad
741 2115 863 2153 quem
896 2114 990 2140 cum
1020 2099 1082 2139 M.
1117 2097 1315 2138 Aurelius
1346 2096 1508 2150 legatus

152 2161 336 2202 venisset
366 2161 684 2215 edocuissetque
710 2177 823 2207 euin,
851 2169 1026 2214 quantos
1055 2160 1281 2207 exereitus,
1308 2165 1508 2211 quantum

151 2223 319 2263 navium
341 2238 555 2264 numerum
577 2233 860 2278 comparasset
884 2239 970 2271 rex,
998 2238 1119 2276 quem
1139 2222 1192 2262 ad
1210 2221 1380 2261 modum
1400 2220 1509 2260 circa

153 2286 287 2326 omnis
312 2301 397 2327 non
417 2286 663 2327 continentis
684 2287 809 2327 modo
829 2287 966 2334 urbes,
995 2285 1069 2326 sed
1088 2285 1212 2325 etiam
1232 2283 1389 2323 insulas
1414 2297 1509 2336 par-

150 2348 226 2387 tim
251 2347 341 2401 ipse
362 2347 564 2397 adeundo,
589 2348 739 2403 partim
759 2363 832 2402 per
857 2349 1016 2402 legatos
1044 2346 1223 2387 conciret
1248 2344 1436 2385 homines
1459 2344 1511 2384 ad

154 2424 286 2457 arma,
324 2409 479 2450 maiore
517 2417 667 2450 conatu
696 2409 898 2450 Romanis
936 2409 977 2448 id
1015 2407 1318 2462 capessendum
1354 2405 1508 2446 bellum

154 2486 260 2519 esse,
286 2486 338 2511 ne
365 2471 652 2511 cunctantibus
677 2471 727 2511 iis
754 2471 923 2511 auderet
947 2470 1188 2524 Philippus,
1215 2469 1325 2522 quod
1349 2468 1509 2522 Pyrrus

153 2533 266 2588 prius
294 2547 419 2573 ausus
446 2547 497 2573 ex
522 2533 733 2586 aliquanto
758 2533 916 2574 minore
941 2547 1070 2587 regno
1097 2539 1220 2572 esset.
1281 2531 1383 2571 haec
1409 2529 1510 2570 seri-

156 2598 250 2636 bere
276 2595 423 2635 eadem
448 2595 667 2635 Aurelium
694 2595 931 2636 consulibus
959 2593 1202 2646 senatuique
1226 2592 1394 2647 placuit.

240 2658 344 2698 IIII.
393 2657 521 2697 Exitu
553 2657 674 2697 huius
709 2657 803 2698 anni
836 2671 928 2697 cum
962 2657 1012 2697 de
1045 2656 1155 2710 agris
1188 2664 1372 2695 veterum
1404 2654 1509 2694 mili-

1233 2722 1276 2754 1*

1529 307 1547 336 6

1530 620 1545 648 *q

1537 1238 1574 1266 10

1535 1426 1571 1454 11

1537 1613 1549 1641 1

1535 1736 1553 1765 2

1535 1920 1552 1949 3

1535 2108 1553 2135 4

1535 2232 1553 2260 5

1535 2417 1552 2447 6

1539 2669 1554 2696 *l
