<?xml version="1.0" encoding="UTF-8"?>
<!DOCTYPE html PUBLIC "-//W3C//DTD XHTML 1.0 Transitional//EN"
    "http://www.w3.org/TR/xhtml1/DTD/xhtml1-transitional.dtd">
<html xmlns="http://www.w3.org/1999/xhtml" xml:lang="en" lang="en">
 <head>
  <title>
</title>
<meta http-equiv="Content-Type" content="text/html;charset=utf-8" />
  <meta name='ocr-system' content='tesseract 3.04.00' />
  <meta name='ocr-capabilities' content='ocr_page ocr_carea ocr_par ocr_line ocrx_word'/>
</head>
<body>
  <div class='ocr_page' id='page_1' title='image "./aburbeconditalib03livyuoft_0369.png"; bbox 0 0 1799 2900; ppageno 0'>
   <div class='ocr_carea' id='block_1_1' title="bbox 443 135 1504 193">
    <p class='ocr_par' dir='ltr' id='par_1_1' title="bbox 443 135 1504 193">
     <span class='ocr_line' id='line_1_1' title="bbox 443 135 1504 193; baseline -0.006 -10"><span class='ocrx_word' id='word_1_1' title='bbox 443 149 597 183; x_wconf 80' lang='lat' dir='ltr'><strong>LIBER</strong></span> <span class='ocrx_word' id='word_1_2' title='bbox 621 148 828 193; x_wconf 77' lang='lat' dir='ltr'>XXXVII,</span> <span class='ocrx_word' id='word_1_3' title='bbox 853 147 908 183; x_wconf 82' lang='lat'>34.</span> <span class='ocrx_word' id='word_1_4' title='bbox 928 147 983 182; x_wconf 88' lang='lat'>35.</span> <span class='ocrx_word' id='word_1_5' title='bbox 1010 147 1208 191; x_wconf 81' lang='lat' dir='ltr'>[a.o.193]</span> <span class='ocrx_word' id='word_1_6' title='bbox 1421 135 1504 178; x_wconf 80' lang='lat'>289</span> 
     </span>
    </p>
   </div>
   <div class='ocr_carea' id='block_1_2' title="bbox 144 252 1552 2599">
    <p class='ocr_par' dir='ltr' id='par_1_2' title="bbox 144 252 1549 1113">
     <span class='ocr_line' id='line_1_2' title="bbox 144 252 1549 311; baseline -0.003 -14"><span class='ocrx_word' id='word_1_7' title='bbox 144 261 349 311; x_wconf 80' lang='lat' dir='ltr'>potestate</span> <span class='ocrx_word' id='word_1_8' title='bbox 374 252 484 307; x_wconf 82' lang='lat' dir='ltr'>regis</span> <span class='ocrx_word' id='word_1_9' title='bbox 511 261 610 294; x_wconf 88' lang='lat' dir='ltr'>erat.</span> <span class='ocrx_word' id='word_1_10' title='bbox 659 253 694 294; x_wconf 86' lang='lat' dir='ltr'>is</span> <span class='ocrx_word' id='word_1_11' title='bbox 720 253 791 294; x_wconf 88' lang='lat' dir='ltr'>ubi</span> <span class='ocrx_word' id='word_1_12' title='bbox 816 260 856 294; x_wconf 86' lang='lat' dir='ltr'>et</span> <span class='ocrx_word' id='word_1_13' title='bbox 882 252 1047 306; x_wconf 88' lang='lat' dir='ltr'>quando</span> <span class='ocrx_word' id='word_1_14' title='bbox 1072 258 1113 292; x_wconf 87' lang='lat' dir='ltr'>et</span> <span class='ocrx_word' id='word_1_15' title='bbox 1137 265 1218 305; x_wconf 90' lang='lat' dir='ltr'>quo</span> <span class='ocrx_word' id='word_1_16' title='bbox 1240 264 1338 291; x_wconf 88' lang='lat' dir='ltr'>casu</span> <span class='ocrx_word' id='word_1_17' title='bbox 1359 256 1502 304; x_wconf 86' lang='lat' dir='ltr'>captus</span> <span class='ocrx_word' id='word_1_18' title='bbox 1529 263 1549 293; x_wconf 86' lang='lat'>5</span> 
     </span>
     <span class='ocr_line' id='line_1_3' title="bbox 146 310 1505 370; baseline -0.004 -13"><span class='ocrx_word' id='word_1_19' title='bbox 146 318 210 366; x_wconf 86' lang='lat' dir='ltr'>sit,</span> <span class='ocrx_word' id='word_1_20' title='bbox 238 316 343 356; x_wconf 87' lang='lat' dir='ltr'>sicut</span> <span class='ocrx_word' id='word_1_21' title='bbox 367 315 564 370; x_wconf 80' lang='lat' dir='ltr'>pleraque</span> <span class='ocrx_word' id='word_1_22' title='bbox 591 315 682 364; x_wconf 85' lang='lat' dir='ltr'>alia,</span> <span class='ocrx_word' id='word_1_23' title='bbox 709 331 854 369; x_wconf 91' lang='lat' dir='ltr'>parum</span> <span class='ocrx_word' id='word_1_24' title='bbox 879 315 985 356; x_wconf 91' lang='lat' dir='ltr'>inter</span> <span class='ocrx_word' id='word_1_25' title='bbox 1005 320 1191 355; x_wconf 82' lang='lat' dir='ltr'>auctores</span> <span class='ocrx_word' id='word_1_26' title='bbox 1213 318 1387 353; x_wconf 85' lang='lat' dir='ltr'>constat.</span> <span class='ocrx_word' id='word_1_27' title='bbox 1436 310 1505 351; x_wconf 86' lang='lat' dir='ltr'>alii</span> 
     </span>
     <span class='ocr_line' id='line_1_4' title="bbox 144 375 1506 434; baseline -0.004 -15"><span class='ocrx_word' id='word_1_28' title='bbox 144 378 345 434; x_wconf 87' lang='lat' dir='ltr'>principio</span> <span class='ocrx_word' id='word_1_29' title='bbox 370 377 487 426; x_wconf 88' lang='lat' dir='ltr'>belli,</span> <span class='ocrx_word' id='word_1_30' title='bbox 527 393 550 418; x_wconf 86' lang='lat' dir='ltr'>a</span> <span class='ocrx_word' id='word_1_31' title='bbox 576 376 777 418; x_wconf 83' lang='lat' dir='ltr'>Chalcide</span> <span class='ocrx_word' id='word_1_32' title='bbox 805 377 963 418; x_wconf 88' lang='lat' dir='ltr'>Oreum</span> <span class='ocrx_word' id='word_1_33' title='bbox 988 384 1217 431; x_wconf 89' lang='lat' dir='ltr'>petentem,</span> <span class='ocrx_word' id='word_1_34' title='bbox 1250 375 1506 415; x_wconf 83' lang='lat' dir='ltr'>circumven-</span> 
     </span>
     <span class='ocr_line' id='line_1_5' title="bbox 145 436 1548 494; baseline -0.001 -13"><span class='ocrx_word' id='word_1_35' title='bbox 145 450 232 481; x_wconf 86' lang='lat' dir='ltr'>tum</span> <span class='ocrx_word' id='word_1_36' title='bbox 257 441 309 480; x_wconf 91' lang='lat' dir='ltr'>ab</span> <span class='ocrx_word' id='word_1_37' title='bbox 334 439 460 494; x_wconf 85' lang='lat' dir='ltr'>regiis</span> <span class='ocrx_word' id='word_1_38' title='bbox 486 439 662 480; x_wconf 79' lang='lat' dir='ltr'>navibus</span> <span class='ocrx_word' id='word_1_39' title='bbox 689 440 874 488; x_wconf 89' lang='lat' dir='ltr'>tradunt,</span> <span class='ocrx_word' id='word_1_40' title='bbox 915 439 999 488; x_wconf 84' lang='lat' dir='ltr'>alii,</span> <span class='ocrx_word' id='word_1_41' title='bbox 1038 446 1260 493; x_wconf 79' lang='lat' dir='ltr'>postquam</span> <span class='ocrx_word' id='word_1_42' title='bbox 1284 436 1504 478; x_wconf 84' lang='lat' dir='ltr'>transitum</span> <span class='ocrx_word' id='word_1_43' title='bbox 1530 449 1548 479; x_wconf 88' lang='lat'>6</span> 
     </span>
     <span class='ocr_line' id='line_1_6' title="bbox 145 500 1506 556; baseline -0.002 -14"><span class='ocrx_word' id='word_1_44' title='bbox 145 502 187 542; x_wconf 90' lang='lat' dir='ltr'>in</span> <span class='ocrx_word' id='word_1_45' title='bbox 211 502 362 542; x_wconf 84' lang='lat' dir='ltr'>Asiam</span> <span class='ocrx_word' id='word_1_46' title='bbox 387 509 469 550; x_wconf 86' lang='lat' dir='ltr'>est,</span> <span class='ocrx_word' id='word_1_47' title='bbox 497 515 589 542; x_wconf 88' lang='lat' dir='ltr'>cum</span> <span class='ocrx_word' id='word_1_48' title='bbox 615 510 750 542; x_wconf 86' lang='lat' dir='ltr'>turma</span> <span class='ocrx_word' id='word_1_49' title='bbox 773 502 1024 556; x_wconf 83' lang='lat' dir='ltr'>Fregellana</span> <span class='ocrx_word' id='word_1_50' title='bbox 1048 501 1221 542; x_wconf 90' lang='lat' dir='ltr'>missum</span> <span class='ocrx_word' id='word_1_51' title='bbox 1247 500 1506 555; x_wconf 79' lang='lat' dir='ltr'>exploratum</span> 
     </span>
     <span class='ocr_line' id='line_1_7' title="bbox 146 561 1507 618; baseline -0.002 -14"><span class='ocrx_word' id='word_1_52' title='bbox 146 564 199 605; x_wconf 88' lang='lat' dir='ltr'>ad</span> <span class='ocrx_word' id='word_1_53' title='bbox 233 564 349 618; x_wconf 80' lang='lat' dir='ltr'>regia</span> <span class='ocrx_word' id='word_1_54' title='bbox 386 571 539 612; x_wconf 88' lang='lat' dir='ltr'>castra,</span> <span class='ocrx_word' id='word_1_55' title='bbox 577 563 711 604; x_wconf 88' lang='lat' dir='ltr'>effuso</span> <span class='ocrx_word' id='word_1_56' title='bbox 751 564 917 604; x_wconf 69' lang='lat' dir='ltr'>obviam</span> <span class='ocrx_word' id='word_1_57' title='bbox 954 563 1138 616; x_wconf 90' lang='lat' dir='ltr'>equitatu</span> <span class='ocrx_word' id='word_1_58' title='bbox 1175 577 1269 603; x_wconf 88' lang='lat' dir='ltr'>cum</span> <span class='ocrx_word' id='word_1_59' title='bbox 1304 561 1507 616; x_wconf 85' lang='lat' dir='ltr'>reciperet</span> 
     </span>
     <span class='ocr_line' id='line_1_8' title="bbox 146 622 1506 681; baseline -0.004 -14"><span class='ocrx_word' id='word_1_60' title='bbox 146 642 257 676; x_wconf 89' lang='lat' dir='ltr'>sese,</span> <span class='ocrx_word' id='word_1_61' title='bbox 284 626 327 666; x_wconf 90' lang='lat' dir='ltr'>in</span> <span class='ocrx_word' id='word_1_62' title='bbox 352 641 400 667; x_wconf 92' lang='lat' dir='ltr'>eo</span> <span class='ocrx_word' id='word_1_63' title='bbox 427 626 644 681; x_wconf 89' lang='lat' dir='ltr'>delapsum</span> <span class='ocrx_word' id='word_1_64' title='bbox 668 627 847 666; x_wconf 86' lang='lat' dir='ltr'>tumultu</span> <span class='ocrx_word' id='word_1_65' title='bbox 873 642 923 667; x_wconf 83' lang='lat' dir='ltr'>ex</span> <span class='ocrx_word' id='word_1_66' title='bbox 949 640 1069 679; x_wconf 90' lang='lat' dir='ltr'>equo,</span> <span class='ocrx_word' id='word_1_67' title='bbox 1096 639 1188 665; x_wconf 89' lang='lat' dir='ltr'>cum</span> <span class='ocrx_word' id='word_1_68' title='bbox 1209 625 1371 665; x_wconf 89' lang='lat' dir='ltr'>duobus</span> <span class='ocrx_word' id='word_1_69' title='bbox 1393 622 1506 676; x_wconf 91' lang='lat' dir='ltr'>equi-</span> 
     </span>
     <span class='ocr_line' id='line_1_9' title="bbox 146 685 1548 758; baseline -0.002 -29"><span class='ocrx_word' id='word_1_70' title='bbox 146 690 254 730; x_wconf 88' lang='lat' dir='ltr'>tibus</span> <span class='ocrx_word' id='word_1_71' title='bbox 282 689 545 758; x_wconf 72' lang='lat' dir='ltr'>obpressum,</span> <span class='ocrx_word' id='word_1_72' title='bbox 571 688 629 729; x_wconf 88' lang='lat' dir='ltr'>ita</span> <span class='ocrx_word' id='word_1_73' title='bbox 654 688 706 728; x_wconf 89' lang='lat' dir='ltr'>ad</span> <span class='ocrx_word' id='word_1_74' title='bbox 730 703 871 742; x_wconf 76' lang='lat' dir='ltr'>regem</span> <span class='ocrx_word' id='word_1_75' title='bbox 897 688 1120 728; x_wconf 86' lang='lat' dir='ltr'>deductum</span> <span class='ocrx_word' id='word_1_76' title='bbox 1142 701 1246 727; x_wconf 89' lang='lat' dir='ltr'>esse.</span> <span class='ocrx_word' id='word_1_77' title='bbox 1284 686 1384 726; x_wconf 88' lang='lat' dir='ltr'>illud</span> <span class='ocrx_word' id='word_1_78' title='bbox 1404 685 1504 726; x_wconf 89' lang='lat' dir='ltr'>satis</span> <span class='ocrx_word' id='word_1_79' title='bbox 1532 698 1548 726; x_wconf 86' lang='lat'><em>7</em></span> 
     </span>
     <span class='ocr_line' id='line_1_10' title="bbox 147 747 1505 805; baseline -0.004 -14"><span class='ocrx_word' id='word_1_80' title='bbox 147 758 325 799; x_wconf 91' lang='lat' dir='ltr'>constat,</span> <span class='ocrx_word' id='word_1_81' title='bbox 365 750 400 790; x_wconf 89' lang='lat' dir='ltr'>si</span> <span class='ocrx_word' id='word_1_82' title='bbox 429 765 512 805; x_wconf 85' lang='lat' dir='ltr'>pax</span> <span class='ocrx_word' id='word_1_83' title='bbox 539 765 632 790; x_wconf 89' lang='lat' dir='ltr'>cum</span> <span class='ocrx_word' id='word_1_84' title='bbox 656 750 810 804; x_wconf 89' lang='lat' dir='ltr'>populo</span> <span class='ocrx_word' id='word_1_85' title='bbox 835 750 1026 790; x_wconf 83' lang='lat' dir='ltr'>Romano</span> <span class='ocrx_word' id='word_1_86' title='bbox 1051 755 1236 789; x_wconf 85' lang='lat' dir='ltr'>maneret</span> <span class='ocrx_word' id='word_1_87' title='bbox 1260 747 1505 801; x_wconf 89' lang='lat' dir='ltr'>hospitium-</span> 
     </span>
     <span class='ocr_line' id='line_1_11' title="bbox 146 808 1504 867; baseline -0.002 -16"><span class='ocrx_word' id='word_1_88' title='bbox 146 827 224 866; x_wconf 86' lang='lat' dir='ltr'>que</span> <span class='ocrx_word' id='word_1_89' title='bbox 249 812 340 867; x_wconf 80' lang='lat' dir='ltr'>priv</span> <span class='ocrx_word' id='word_1_90' title='bbox 344 812 440 852; x_wconf 88' lang='lat' dir='ltr'>atim</span> <span class='ocrx_word' id='word_1_91' title='bbox 466 812 555 866; x_wconf 73' lang='lat' dir='ltr'>regi</span> <span class='ocrx_word' id='word_1_92' title='bbox 581 826 675 852; x_wconf 89' lang='lat' dir='ltr'>cum</span> <span class='ocrx_word' id='word_1_93' title='bbox 695 811 959 866; x_wconf 79' lang='lat' dir='ltr'>Scipionibus</span> <span class='ocrx_word' id='word_1_94' title='bbox 986 818 1116 859; x_wconf 89' lang='lat' dir='ltr'>esset,</span> <span class='ocrx_word' id='word_1_95' title='bbox 1141 824 1275 862; x_wconf 90' lang='lat' dir='ltr'>neque</span> <span class='ocrx_word' id='word_1_96' title='bbox 1294 808 1504 849; x_wconf 83' lang='lat' dir='ltr'>liberalius</span> 
     </span>
     <span class='ocr_line' id='line_1_12' title="bbox 145 870 1506 928; baseline -0.004 -14"><span class='ocrx_word' id='word_1_97' title='bbox 145 888 279 927; x_wconf 88' lang='lat' dir='ltr'>neque</span> <span class='ocrx_word' id='word_1_98' title='bbox 304 873 525 928; x_wconf 76' lang='lat' dir='ltr'>benignius</span> <span class='ocrx_word' id='word_1_99' title='bbox 551 873 696 914; x_wconf 88' lang='lat' dir='ltr'>haberi</span> <span class='ocrx_word' id='word_1_100' title='bbox 721 873 880 926; x_wconf 82' lang='lat' dir='ltr'>colique</span> <span class='ocrx_word' id='word_1_101' title='bbox 907 873 1232 918; x_wconf 82' lang='lat' dir='ltr'>adolescentem,</span> <span class='ocrx_word' id='word_1_102' title='bbox 1271 885 1395 924; x_wconf 89' lang='lat' dir='ltr'>quam</span> <span class='ocrx_word' id='word_1_103' title='bbox 1420 870 1506 910; x_wconf 89' lang='lat' dir='ltr'>cul-</span> 
     </span>
     <span class='ocr_line' id='line_1_13' title="bbox 146 931 1549 990; baseline -0.002 -14"><span class='ocrx_word' id='word_1_104' title='bbox 146 944 211 976; x_wconf 90' lang='lat' dir='ltr'>tus</span> <span class='ocrx_word' id='word_1_105' title='bbox 244 943 324 985; x_wconf 86' lang='lat' dir='ltr'>est,</span> <span class='ocrx_word' id='word_1_106' title='bbox 361 935 561 990; x_wconf 88' lang='lat' dir='ltr'>potuisse.</span> <span class='ocrx_word' id='word_1_107' title='bbox 621 935 674 976; x_wconf 92' lang='lat' dir='ltr'>ob</span> <span class='ocrx_word' id='word_1_108' title='bbox 706 934 808 975; x_wconf 90' lang='lat' dir='ltr'>haec</span> <span class='ocrx_word' id='word_1_109' title='bbox 841 949 934 974; x_wconf 91' lang='lat' dir='ltr'>cum</span> <span class='ocrx_word' id='word_1_110' title='bbox 966 934 1191 974; x_wconf 76' lang='lat' dir='ltr'>adventum</span> <span class='ocrx_word' id='word_1_111' title='bbox 1214 933 1265 973; x_wconf 87' lang='lat' dir='ltr'>P.</span> <span class='ocrx_word' id='word_1_112' title='bbox 1294 931 1502 987; x_wconf 81' lang='lat' dir='ltr'>Scipionis</span> <span class='ocrx_word' id='word_1_113' title='bbox 1529 943 1549 973; x_wconf 88' lang='lat'><em>8</em></span> 
     </span>
     <span class='ocr_line' id='line_1_14' title="bbox 145 994 1506 1053; baseline -0.003 -15"><span class='ocrx_word' id='word_1_114' title='bbox 145 998 307 1053; x_wconf 85' lang='lat' dir='ltr'>legatus</span> <span class='ocrx_word' id='word_1_115' title='bbox 340 1005 643 1052; x_wconf 79' lang='lat' dir='ltr'>exspectasset,</span> <span class='ocrx_word' id='word_1_116' title='bbox 682 997 751 1037; x_wconf 90' lang='lat' dir='ltr'>ubi</span> <span class='ocrx_word' id='word_1_117' title='bbox 782 997 817 1037; x_wconf 89' lang='lat' dir='ltr'>is</span> <span class='ocrx_word' id='word_1_118' title='bbox 850 996 981 1045; x_wconf 73' lang='lat' dir='ltr'>venit,</span> <span class='ocrx_word' id='word_1_119' title='bbox 1019 995 1232 1036; x_wconf 87' lang='lat' dir='ltr'>consulem</span> <span class='ocrx_word' id='word_1_120' title='bbox 1269 995 1355 1034; x_wconf 86' lang='lat' dir='ltr'>adit</span> <span class='ocrx_word' id='word_1_121' title='bbox 1384 994 1506 1049; x_wconf 89' lang='lat' dir='ltr'>petit-</span> 
     </span>
     <span class='ocr_line' id='line_1_15' title="bbox 147 1058 735 1113; baseline -0.002 -13"><span class='ocrx_word' id='word_1_122' title='bbox 147 1074 245 1113; x_wconf 88' lang='lat' dir='ltr'>que,</span> <span class='ocrx_word' id='word_1_123' title='bbox 271 1067 315 1099; x_wconf 90' lang='lat' dir='ltr'>ut</span> <span class='ocrx_word' id='word_1_124' title='bbox 338 1059 536 1099; x_wconf 86' lang='lat' dir='ltr'>mandata</span> <span class='ocrx_word' id='word_1_125' title='bbox 562 1058 735 1099; x_wconf 85' lang='lat' dir='ltr'>audiret.</span> 
     </span>
    </p>

    <p class='ocr_par' dir='ltr' id='par_1_3' title="bbox 147 1116 1552 2599">
     <span class='ocr_line' id='line_1_16' title="bbox 230 1116 1545 1172; baseline -0.002 -12"><span class='ocrx_word' id='word_1_126' title='bbox 230 1120 432 1162; x_wconf 85' lang='lat' dir='ltr'>XXXV.</span> <span class='ocrx_word' id='word_1_127' title='bbox 491 1121 712 1161; x_wconf 76' lang='lat' dir='ltr'>Advocato</span> <span class='ocrx_word' id='word_1_128' title='bbox 753 1119 960 1172; x_wconf 85' lang='lat' dir='ltr'>frequenti</span> <span class='ocrx_word' id='word_1_129' title='bbox 1003 1117 1174 1159; x_wconf 88' lang='lat' dir='ltr'>consilio</span> <span class='ocrx_word' id='word_1_130' title='bbox 1215 1116 1343 1171; x_wconf 80' lang='lat' dir='ltr'>legati</span> <span class='ocrx_word' id='word_1_131' title='bbox 1380 1117 1507 1158; x_wconf 83' lang='lat' dir='ltr'>verba</span> <span class='ocrx_word' id='word_1_132' title='bbox 1535 1130 1545 1157; x_wconf 94' lang='lat'>1</span> 
     </span>
     <span class='ocr_line' id='line_1_17' title="bbox 148 1179 1549 1235; baseline -0.002 -13"><span class='ocrx_word' id='word_1_133' title='bbox 148 1189 243 1223; x_wconf 87' lang='lat' dir='ltr'>sunt</span> <span class='ocrx_word' id='word_1_134' title='bbox 268 1182 421 1222; x_wconf 87' lang='lat' dir='ltr'>audita.</span> <span class='ocrx_word' id='word_1_135' title='bbox 469 1182 524 1231; x_wconf 90' lang='lat' dir='ltr'>is,</span> <span class='ocrx_word' id='word_1_136' title='bbox 550 1182 690 1222; x_wconf 86' lang='lat' dir='ltr'>multis</span> <span class='ocrx_word' id='word_1_137' title='bbox 717 1189 810 1222; x_wconf 89' lang='lat' dir='ltr'>ante</span> <span class='ocrx_word' id='word_1_138' title='bbox 831 1181 1108 1235; x_wconf 72' lang='lat' dir='ltr'>legationibus</span> <span class='ocrx_word' id='word_1_139' title='bbox 1130 1179 1380 1233; x_wconf 86' lang='lat' dir='ltr'>nequiquam</span> <span class='ocrx_word' id='word_1_140' title='bbox 1399 1179 1505 1220; x_wconf 91' lang='lat' dir='ltr'>ultro</span> <span class='ocrx_word' id='word_1_141' title='bbox 1531 1191 1549 1220; x_wconf 85' lang='lat'>2</span> 
     </span>
     <span class='ocr_line' id='line_1_18' title="bbox 147 1241 1507 1298; baseline -0.003 -14"><span class='ocrx_word' id='word_1_142' title='bbox 147 1244 331 1296; x_wconf 88' lang='lat' dir='ltr'>citroque</span> <span class='ocrx_word' id='word_1_143' title='bbox 357 1243 407 1283; x_wconf 90' lang='lat' dir='ltr'>de</span> <span class='ocrx_word' id='word_1_144' title='bbox 432 1257 534 1298; x_wconf 90' lang='lat' dir='ltr'>pace</span> <span class='ocrx_word' id='word_1_145' title='bbox 560 1243 718 1292; x_wconf 84' lang='lat' dir='ltr'>missis,</span> <span class='ocrx_word' id='word_1_146' title='bbox 756 1258 846 1284; x_wconf 90' lang='lat' dir='ltr'>eam</span> <span class='ocrx_word' id='word_1_147' title='bbox 877 1243 1010 1297; x_wconf 82' lang='lat' dir='ltr'>ipsam</span> <span class='ocrx_word' id='word_1_148' title='bbox 1036 1242 1230 1282; x_wconf 88' lang='lat' dir='ltr'>fiduciam</span> <span class='ocrx_word' id='word_1_149' title='bbox 1259 1241 1507 1296; x_wconf 87' lang='lat' dir='ltr'>impetrandi</span> 
     </span>
     <span class='ocr_line' id='line_1_19' title="bbox 148 1303 1506 1360; baseline -0.002 -15"><span class='ocrx_word' id='word_1_150' title='bbox 148 1305 226 1346; x_wconf 85' lang='lat' dir='ltr'>sibi</span> <span class='ocrx_word' id='word_1_151' title='bbox 262 1320 355 1346; x_wconf 90' lang='lat' dir='ltr'>esse</span> <span class='ocrx_word' id='word_1_152' title='bbox 392 1305 512 1354; x_wconf 80' lang='lat' dir='ltr'>dixit,</span> <span class='ocrx_word' id='word_1_153' title='bbox 556 1305 666 1358; x_wconf 90' lang='lat' dir='ltr'>quod</span> <span class='ocrx_word' id='word_1_154' title='bbox 702 1305 858 1360; x_wconf 85' lang='lat' dir='ltr'>priores</span> <span class='ocrx_word' id='word_1_155' title='bbox 894 1304 1021 1359; x_wconf 77' lang='lat' dir='ltr'>legati</span> <span class='ocrx_word' id='word_1_156' title='bbox 1056 1303 1159 1344; x_wconf 91' lang='lat' dir='ltr'>nihil</span> <span class='ocrx_word' id='word_1_157' title='bbox 1195 1303 1506 1358; x_wconf 85' lang='lat' dir='ltr'>impetrassent:</span> 
     </span>
     <span class='ocr_line' id='line_1_20' title="bbox 150 1364 1506 1422; baseline -0.004 -14"><span class='ocrx_word' id='word_1_158' title='bbox 150 1367 374 1421; x_wconf 76' lang='lat' dir='ltr'>Smyrnam</span> <span class='ocrx_word' id='word_1_159' title='bbox 399 1367 508 1407; x_wconf 90' lang='lat' dir='ltr'>enim</span> <span class='ocrx_word' id='word_1_160' title='bbox 533 1375 574 1407; x_wconf 87' lang='lat' dir='ltr'>et</span> <span class='ocrx_word' id='word_1_161' title='bbox 598 1367 883 1422; x_wconf 83' lang='lat' dir='ltr'>Lampsacum</span> <span class='ocrx_word' id='word_1_162' title='bbox 908 1374 949 1407; x_wconf 86' lang='lat' dir='ltr'>et</span> <span class='ocrx_word' id='word_1_163' title='bbox 975 1365 1273 1407; x_wconf 79' lang='lat' dir='ltr'>Alexandriam</span> <span class='ocrx_word' id='word_1_164' title='bbox 1297 1364 1506 1405; x_wconf 88' lang='lat' dir='ltr'>Troadem</span> 
     </span>
     <span class='ocr_line' id='line_1_21' title="bbox 149 1426 1508 1483; baseline -0.002 -14"><span class='ocrx_word' id='word_1_165' title='bbox 149 1437 189 1470; x_wconf 89' lang='lat' dir='ltr'>et</span> <span class='ocrx_word' id='word_1_166' title='bbox 212 1429 525 1483; x_wconf 81' lang='lat' dir='ltr'>Lysimachiam</span> <span class='ocrx_word' id='word_1_167' title='bbox 550 1428 592 1469; x_wconf 89' lang='lat' dir='ltr'>in</span> <span class='ocrx_word' id='word_1_168' title='bbox 617 1429 787 1483; x_wconf 87' lang='lat' dir='ltr'>Europa</span> <span class='ocrx_word' id='word_1_169' title='bbox 816 1428 989 1469; x_wconf 86' lang='lat' dir='ltr'>iactatas</span> <span class='ocrx_word' id='word_1_170' title='bbox 1021 1429 1065 1468; x_wconf 91' lang='lat' dir='ltr'>in</span> <span class='ocrx_word' id='word_1_171' title='bbox 1089 1428 1171 1468; x_wconf 87' lang='lat' dir='ltr'>illis</span> <span class='ocrx_word' id='word_1_172' title='bbox 1198 1426 1508 1481; x_wconf 88' lang='lat' dir='ltr'>disceptationi-</span> 
     </span>
     <span class='ocr_line' id='line_1_22' title="bbox 151 1490 1551 1544; baseline -0.003 -13"><span class='ocrx_word' id='word_1_173' title='bbox 151 1493 226 1531; x_wconf 86' lang='lat' dir='ltr'>bus</span> <span class='ocrx_word' id='word_1_174' title='bbox 258 1505 364 1532; x_wconf 89' lang='lat' dir='ltr'>esse.</span> <span class='ocrx_word' id='word_1_175' title='bbox 425 1505 599 1544; x_wconf 87' lang='lat' dir='ltr'>quarum</span> <span class='ocrx_word' id='word_1_176' title='bbox 623 1490 895 1544; x_wconf 83' lang='lat' dir='ltr'>Lysimachia</span> <span class='ocrx_word' id='word_1_177' title='bbox 923 1491 1006 1531; x_wconf 91' lang='lat' dir='ltr'>iam</span> <span class='ocrx_word' id='word_1_178' title='bbox 1043 1490 1221 1531; x_wconf 85' lang='lat' dir='ltr'>cessisse</span> <span class='ocrx_word' id='word_1_179' title='bbox 1251 1504 1412 1544; x_wconf 83' lang='lat' dir='ltr'>regem,</span> <span class='ocrx_word' id='word_1_180' title='bbox 1454 1502 1506 1528; x_wconf 88' lang='lat' dir='ltr'>nc</span> <span class='ocrx_word' id='word_1_181' title='bbox 1533 1500 1551 1528; x_wconf 87' lang='lat'><strong>3</strong></span> 
     </span>
     <span class='ocr_line' id='line_1_23' title="bbox 150 1549 1507 1606; baseline -0.003 -13"><span class='ocrx_word' id='word_1_182' title='bbox 150 1553 250 1606; x_wconf 85' lang='lat' dir='ltr'>quid</span> <span class='ocrx_word' id='word_1_183' title='bbox 280 1553 432 1593; x_wconf 88' lang='lat' dir='ltr'>habere</span> <span class='ocrx_word' id='word_1_184' title='bbox 465 1568 560 1592; x_wconf 89' lang='lat' dir='ltr'>eum</span> <span class='ocrx_word' id='word_1_185' title='bbox 589 1552 632 1592; x_wconf 92' lang='lat' dir='ltr'>in</span> <span class='ocrx_word' id='word_1_186' title='bbox 655 1553 827 1606; x_wconf 89' lang='lat' dir='ltr'>Europa</span> <span class='ocrx_word' id='word_1_187' title='bbox 859 1552 1060 1601; x_wconf 85' lang='lat' dir='ltr'>dicerent3</span> <span class='ocrx_word' id='word_1_188' title='bbox 1094 1567 1163 1592; x_wconf 88' lang='lat' dir='ltr'>eas</span> <span class='ocrx_word' id='word_1_189' title='bbox 1197 1565 1301 1605; x_wconf 90' lang='lat' dir='ltr'>quae</span> <span class='ocrx_word' id='word_1_190' title='bbox 1333 1550 1375 1590; x_wconf 90' lang='lat' dir='ltr'>in</span> <span class='ocrx_word' id='word_1_191' title='bbox 1400 1549 1507 1590; x_wconf 84' lang='lat' dir='ltr'>Asia</span> 
     </span>
     <span class='ocr_line' id='line_1_24' title="bbox 151 1612 1508 1669; baseline -0.002 -14"><span class='ocrx_word' id='word_1_192' title='bbox 151 1616 231 1655; x_wconf 83' lang='lat' dir='ltr'>sint</span> <span class='ocrx_word' id='word_1_193' title='bbox 263 1615 449 1655; x_wconf 73' lang='lat' dir='ltr'>civitates</span> <span class='ocrx_word' id='word_1_194' title='bbox 481 1615 642 1655; x_wconf 85' lang='lat' dir='ltr'>tradere</span> <span class='ocrx_word' id='word_1_195' title='bbox 678 1624 867 1669; x_wconf 89' lang='lat' dir='ltr'>paratum</span> <span class='ocrx_word' id='word_1_196' title='bbox 899 1629 991 1655; x_wconf 87' lang='lat' dir='ltr'>esse</span> <span class='ocrx_word' id='word_1_197' title='bbox 1023 1622 1063 1655; x_wconf 89' lang='lat' dir='ltr'>et</span> <span class='ocrx_word' id='word_1_198' title='bbox 1094 1614 1129 1655; x_wconf 93' lang='lat' dir='ltr'>si</span> <span class='ocrx_word' id='word_1_199' title='bbox 1160 1629 1262 1667; x_wconf 88' lang='lat' dir='ltr'>quas</span> <span class='ocrx_word' id='word_1_200' title='bbox 1294 1613 1395 1653; x_wconf 89' lang='lat' dir='ltr'>alias</span> <span class='ocrx_word' id='word_1_201' title='bbox 1421 1612 1508 1652; x_wconf 86' lang='lat' dir='ltr'>Ro-</span> 
     </span>
     <span class='ocr_line' id='line_1_25' title="bbox 151 1673 1508 1730; baseline -0.003 -13"><span class='ocrx_word' id='word_1_202' title='bbox 151 1677 280 1725; x_wconf 86' lang='lat' dir='ltr'>mani,</span> <span class='ocrx_word' id='word_1_203' title='bbox 320 1692 421 1730; x_wconf 90' lang='lat' dir='ltr'>quas</span> <span class='ocrx_word' id='word_1_204' title='bbox 455 1692 623 1717; x_wconf 88' lang='lat' dir='ltr'>suarum</span> <span class='ocrx_word' id='word_1_205' title='bbox 655 1676 832 1730; x_wconf 86' lang='lat' dir='ltr'>partium</span> <span class='ocrx_word' id='word_1_206' title='bbox 859 1676 1081 1725; x_wconf 85' lang='lat' dir='ltr'>ediderint,</span> <span class='ocrx_word' id='word_1_207' title='bbox 1119 1675 1328 1716; x_wconf 76' lang='lat' dir='ltr'>vindicare</span> <span class='ocrx_word' id='word_1_208' title='bbox 1354 1674 1406 1714; x_wconf 89' lang='lat' dir='ltr'>ab</span> <span class='ocrx_word' id='word_1_209' title='bbox 1432 1673 1508 1713; x_wconf 87' lang='lat' dir='ltr'>im-</span> 
     </span>
     <span class='ocr_line' id='line_1_26' title="bbox 151 1735 1552 1794; baseline -0.003 -15"><span class='ocrx_word' id='word_1_210' title='bbox 151 1740 264 1794; x_wconf 87' lang='lat' dir='ltr'>perio</span> <span class='ocrx_word' id='word_1_211' title='bbox 301 1739 415 1792; x_wconf 79' lang='lat' dir='ltr'>regio</span> <span class='ocrx_word' id='word_1_212' title='bbox 453 1738 591 1778; x_wconf 82' lang='lat' dir='ltr'>velint.</span> <span class='ocrx_word' id='word_1_213' title='bbox 663 1738 863 1792; x_wconf 86' lang='lat' dir='ltr'>inpensae</span> <span class='ocrx_word' id='word_1_214' title='bbox 901 1752 1064 1791; x_wconf 90' lang='lat' dir='ltr'>quoque</span> <span class='ocrx_word' id='word_1_215' title='bbox 1101 1737 1143 1777; x_wconf 93' lang='lat' dir='ltr'>in</span> <span class='ocrx_word' id='word_1_216' title='bbox 1180 1736 1335 1777; x_wconf 89' lang='lat' dir='ltr'>bellum</span> <span class='ocrx_word' id='word_1_217' title='bbox 1372 1735 1506 1776; x_wconf 85' lang='lat' dir='ltr'>factae</span> <span class='ocrx_word' id='word_1_218' title='bbox 1532 1748 1552 1776; x_wconf 82' lang='lat'>4</span> 
     </span>
     <span class='ocr_line' id='line_1_27' title="bbox 152 1798 1506 1855; baseline -0.002 -14"><span class='ocrx_word' id='word_1_219' title='bbox 152 1808 311 1855; x_wconf 89' lang='lat' dir='ltr'>partem</span> <span class='ocrx_word' id='word_1_220' title='bbox 349 1800 560 1840; x_wconf 86' lang='lat' dir='ltr'>dimidiam</span> <span class='ocrx_word' id='word_1_221' title='bbox 596 1815 738 1854; x_wconf 83' lang='lat' dir='ltr'>regem</span> <span class='ocrx_word' id='word_1_222' title='bbox 773 1806 1080 1854; x_wconf 87' lang='lat' dir='ltr'>praestaturum</span> <span class='ocrx_word' id='word_1_223' title='bbox 1115 1799 1270 1853; x_wconf 89' lang='lat' dir='ltr'>populo</span> <span class='ocrx_word' id='word_1_224' title='bbox 1299 1798 1506 1839; x_wconf 83' lang='lat' dir='ltr'>Romano.</span> 
     </span>
     <span class='ocr_line' id='line_1_28' title="bbox 152 1860 1551 1916; baseline -0.002 -14"><span class='ocrx_word' id='word_1_225' title='bbox 152 1863 229 1904; x_wconf 90' lang='lat' dir='ltr'>hae</span> <span class='ocrx_word' id='word_1_226' title='bbox 262 1862 525 1903; x_wconf 88' lang='lat' dir='ltr'>condiciones</span> <span class='ocrx_word' id='word_1_227' title='bbox 557 1871 673 1903; x_wconf 87' lang='lat' dir='ltr'>erant</span> <span class='ocrx_word' id='word_1_228' title='bbox 704 1862 839 1916; x_wconf 86' lang='lat' dir='ltr'>pacis3</span> <span class='ocrx_word' id='word_1_229' title='bbox 872 1862 1031 1914; x_wconf 87' lang='lat' dir='ltr'>reliqua</span> <span class='ocrx_word' id='word_1_230' title='bbox 1062 1861 1191 1902; x_wconf 86' lang='lat' dir='ltr'>oratio</span> <span class='ocrx_word' id='word_1_231' title='bbox 1223 1860 1319 1909; x_wconf 82' lang='lat' dir='ltr'>fuit,</span> <span class='ocrx_word' id='word_1_232' title='bbox 1351 1867 1394 1900; x_wconf 88' lang='lat' dir='ltr'>ut</span> <span class='ocrx_word' id='word_1_233' title='bbox 1421 1874 1507 1900; x_wconf 86' lang='lat' dir='ltr'>me-</span> <span class='ocrx_word' id='word_1_234' title='bbox 1533 1871 1551 1900; x_wconf 91' lang='lat'>5</span> 
     </span>
     <span class='ocr_line' id='line_1_29' title="bbox 151 1922 1508 1966; baseline -0.004 -1"><span class='ocrx_word' id='word_1_235' title='bbox 151 1940 287 1966; x_wconf 88' lang='lat' dir='ltr'>mores</span> <span class='ocrx_word' id='word_1_236' title='bbox 313 1940 450 1965; x_wconf 92' lang='lat' dir='ltr'>rerum</span> <span class='ocrx_word' id='word_1_237' title='bbox 482 1925 755 1964; x_wconf 88' lang='lat' dir='ltr'>humanarum</span> <span class='ocrx_word' id='word_1_238' title='bbox 781 1931 822 1964; x_wconf 89' lang='lat' dir='ltr'>et</span> <span class='ocrx_word' id='word_1_239' title='bbox 855 1938 954 1964; x_wconf 91' lang='lat' dir='ltr'>suae</span> <span class='ocrx_word' id='word_1_240' title='bbox 980 1924 1170 1963; x_wconf 84' lang='lat' dir='ltr'>fortunae</span> <span class='ocrx_word' id='word_1_241' title='bbox 1196 1922 1508 1962; x_wconf 86' lang='lat' dir='ltr'>moderarentur</span> 
     </span>
     <span class='ocr_line' id='line_1_30' title="bbox 153 1982 1551 2040; baseline -0.004 -13"><span class='ocrx_word' id='word_1_242' title='bbox 153 1994 193 2028; x_wconf 83' lang='lat' dir='ltr'>et</span> <span class='ocrx_word' id='word_1_243' title='bbox 231 1987 407 2027; x_wconf 86' lang='lat' dir='ltr'>alienam</span> <span class='ocrx_word' id='word_1_244' title='bbox 444 2001 495 2026; x_wconf 92' lang='lat' dir='ltr'>ne</span> <span class='ocrx_word' id='word_1_245' title='bbox 530 1994 745 2040; x_wconf 80' lang='lat' dir='ltr'>urgerent:</span> <span class='ocrx_word' id='word_1_246' title='bbox 782 1984 947 2025; x_wconf 86' lang='lat' dir='ltr'>finirent</span> <span class='ocrx_word' id='word_1_247' title='bbox 981 1986 1154 2038; x_wconf 86' lang='lat' dir='ltr'>Europa</span> <span class='ocrx_word' id='word_1_248' title='bbox 1189 1983 1427 2037; x_wconf 82' lang='lat' dir='ltr'>imperium3</span> <span class='ocrx_word' id='word_1_249' title='bbox 1465 1982 1507 2022; x_wconf 87' lang='lat' dir='ltr'>id</span> <span class='ocrx_word' id='word_1_250' title='bbox 1534 1994 1551 2023; x_wconf 85' lang='lat'>6</span> 
     </span>
     <span class='ocr_line' id='line_1_31' title="bbox 153 2043 1508 2102; baseline -0.003 -14"><span class='ocrx_word' id='word_1_251' title='bbox 153 2063 316 2101; x_wconf 88' lang='lat' dir='ltr'>quoque</span> <span class='ocrx_word' id='word_1_252' title='bbox 342 2048 577 2088; x_wconf 88' lang='lat' dir='ltr'>inmensum</span> <span class='ocrx_word' id='word_1_253' title='bbox 603 2062 716 2096; x_wconf 91' lang='lat' dir='ltr'>esse,</span> <span class='ocrx_word' id='word_1_254' title='bbox 751 2054 789 2088; x_wconf 91' lang='lat' dir='ltr'>et</span> <span class='ocrx_word' id='word_1_255' title='bbox 814 2046 951 2102; x_wconf 87' lang='lat' dir='ltr'>parari</span> <span class='ocrx_word' id='word_1_256' title='bbox 978 2046 1142 2101; x_wconf 80' lang='lat' dir='ltr'>singula</span> <span class='ocrx_word' id='word_1_257' title='bbox 1167 2045 1421 2099; x_wconf 89' lang='lat' dir='ltr'>adquirendo</span> <span class='ocrx_word' id='word_1_258' title='bbox 1446 2043 1508 2084; x_wconf 88' lang='lat' dir='ltr'>fa-</span> 
     </span>
     <span class='ocr_line' id='line_1_32' title="bbox 154 2105 1550 2164; baseline -0.002 -14"><span class='ocrx_word' id='word_1_259' title='bbox 154 2110 270 2151; x_wconf 88' lang='lat' dir='ltr'>cilius</span> <span class='ocrx_word' id='word_1_260' title='bbox 296 2110 482 2164; x_wconf 87' lang='lat' dir='ltr'>potuisse</span> <span class='ocrx_word' id='word_1_261' title='bbox 509 2125 633 2163; x_wconf 85' lang='lat' dir='ltr'>quam</span> <span class='ocrx_word' id='word_1_262' title='bbox 658 2109 854 2150; x_wconf 82' lang='lat' dir='ltr'>universa</span> <span class='ocrx_word' id='word_1_263' title='bbox 878 2108 1008 2149; x_wconf 90' lang='lat' dir='ltr'>teneri</span> <span class='ocrx_word' id='word_1_264' title='bbox 1033 2123 1176 2162; x_wconf 83' lang='lat' dir='ltr'>posse3</span> <span class='ocrx_word' id='word_1_265' title='bbox 1205 2106 1352 2160; x_wconf 86' lang='lat' dir='ltr'>quodsi</span> <span class='ocrx_word' id='word_1_266' title='bbox 1375 2105 1506 2146; x_wconf 86' lang='lat' dir='ltr'>Asiae</span> <span class='ocrx_word' id='word_1_267' title='bbox 1534 2119 1550 2147; x_wconf 82' lang='lat'><em>7</em></span> 
     </span>
     <span class='ocr_line' id='line_1_33' title="bbox 154 2168 1507 2226; baseline -0.004 -13"><span class='ocrx_word' id='word_1_268' title='bbox 154 2187 316 2225; x_wconf 88' lang='lat' dir='ltr'>quoque</span> <span class='ocrx_word' id='word_1_269' title='bbox 341 2181 501 2226; x_wconf 87' lang='lat' dir='ltr'>partem</span> <span class='ocrx_word' id='word_1_270' title='bbox 527 2172 706 2224; x_wconf 86' lang='lat' dir='ltr'>aliquam</span> <span class='ocrx_word' id='word_1_271' title='bbox 732 2171 971 2212; x_wconf 80' lang='lat' dir='ltr'>abstrahere</span> <span class='ocrx_word' id='word_1_272' title='bbox 997 2170 1141 2218; x_wconf 73' lang='lat' dir='ltr'>velint,</span> <span class='ocrx_word' id='word_1_273' title='bbox 1175 2168 1398 2209; x_wconf 88' lang='lat' dir='ltr'>dummodo</span> <span class='ocrx_word' id='word_1_274' title='bbox 1423 2182 1507 2207; x_wconf 88' lang='lat' dir='ltr'>non</span> 
     </span>
     <span class='ocr_line' id='line_1_34' title="bbox 155 2229 1508 2288; baseline -0.004 -14"><span class='ocrx_word' id='word_1_275' title='bbox 155 2235 290 2275; x_wconf 87' lang='lat' dir='ltr'>dubiis</span> <span class='ocrx_word' id='word_1_276' title='bbox 322 2235 561 2288; x_wconf 83' lang='lat' dir='ltr'>regionibus</span> <span class='ocrx_word' id='word_1_277' title='bbox 593 2234 756 2282; x_wconf 91' lang='lat' dir='ltr'>finiant,</span> <span class='ocrx_word' id='word_1_278' title='bbox 795 2233 904 2273; x_wconf 84' lang='lat' dir='ltr'>vinci</span> <span class='ocrx_word' id='word_1_279' title='bbox 936 2248 1054 2273; x_wconf 87' lang='lat' dir='ltr'>suam</span> <span class='ocrx_word' id='word_1_280' title='bbox 1083 2230 1395 2286; x_wconf 85' lang='lat' dir='ltr'>temperantiam</span> <span class='ocrx_word' id='word_1_281' title='bbox 1422 2229 1508 2270; x_wconf 85' lang='lat' dir='ltr'>Ro-</span> 
     </span>
     <span class='ocr_line' id='line_1_35' title="bbox 154 2294 1508 2350; baseline -0.004 -14"><span class='ocrx_word' id='word_1_282' title='bbox 154 2312 277 2337; x_wconf 85' lang='lat' dir='ltr'>mana</span> <span class='ocrx_word' id='word_1_283' title='bbox 303 2296 524 2350; x_wconf 85' lang='lat' dir='ltr'>cupiditate</span> <span class='ocrx_word' id='word_1_284' title='bbox 550 2296 664 2350; x_wconf 85' lang='lat' dir='ltr'>pacis</span> <span class='ocrx_word' id='word_1_285' title='bbox 696 2302 737 2335; x_wconf 85' lang='lat' dir='ltr'>et</span> <span class='ocrx_word' id='word_1_286' title='bbox 768 2294 1012 2335; x_wconf 86' lang='lat' dir='ltr'>concordiae</span> <span class='ocrx_word' id='word_1_287' title='bbox 1038 2308 1163 2333; x_wconf 89' lang='lat' dir='ltr'>causa</span> <span class='ocrx_word' id='word_1_288' title='bbox 1186 2307 1330 2346; x_wconf 82' lang='lat' dir='ltr'>regem</span> <span class='ocrx_word' id='word_1_289' title='bbox 1359 2305 1508 2346; x_wconf 90' lang='lat' dir='ltr'>passu-</span> 
     </span>
     <span class='ocr_line' id='line_1_36' title="bbox 153 2352 1508 2411; baseline -0.004 -13"><span class='ocrx_word' id='word_1_290' title='bbox 153 2374 257 2399; x_wconf 85' lang='lat' dir='ltr'>rum.</span> <span class='ocrx_word' id='word_1_291' title='bbox 295 2373 343 2398; x_wconf 85' lang='lat' dir='ltr'>ea</span> <span class='ocrx_word' id='word_1_292' title='bbox 363 2372 467 2410; x_wconf 88' lang='lat' dir='ltr'>quae</span> <span class='ocrx_word' id='word_1_293' title='bbox 492 2357 629 2411; x_wconf 80' lang='lat' dir='ltr'>legato</span> <span class='ocrx_word' id='word_1_294' title='bbox 650 2371 802 2410; x_wconf 80' lang='lat' dir='ltr'>magna</span> <span class='ocrx_word' id='word_1_295' title='bbox 827 2355 880 2395; x_wconf 89' lang='lat' dir='ltr'>ad</span> <span class='ocrx_word' id='word_1_296' title='bbox 903 2370 1049 2410; x_wconf 88' lang='lat' dir='ltr'>pacem</span> <span class='ocrx_word' id='word_1_297' title='bbox 1073 2353 1375 2408; x_wconf 84' lang='lat' dir='ltr'>impetrandam</span> <span class='ocrx_word' id='word_1_298' title='bbox 1394 2352 1508 2393; x_wconf 82' lang='lat' dir='ltr'>vide-</span> 
     </span>
     <span class='ocr_line' id='line_1_37' title="bbox 154 2413 1551 2474; baseline -0.005 -13"><span class='ocrx_word' id='word_1_299' title='bbox 154 2422 321 2469; x_wconf 88' lang='lat' dir='ltr'>bantur,</span> <span class='ocrx_word' id='word_1_300' title='bbox 355 2435 484 2474; x_wconf 79' lang='lat' dir='ltr'>parva</span> <span class='ocrx_word' id='word_1_301' title='bbox 508 2418 709 2460; x_wconf 81' lang='lat' dir='ltr'>Romanis</span> <span class='ocrx_word' id='word_1_302' title='bbox 741 2417 848 2465; x_wconf 71' lang='lat' dir='ltr'>visa3</span> <span class='ocrx_word' id='word_1_303' title='bbox 880 2432 976 2457; x_wconf 87' lang='lat' dir='ltr'>nam</span> <span class='ocrx_word' id='word_1_304' title='bbox 1001 2424 1041 2457; x_wconf 87' lang='lat' dir='ltr'>et</span> <span class='ocrx_word' id='word_1_305' title='bbox 1066 2416 1302 2470; x_wconf 88' lang='lat' dir='ltr'>inpensam,</span> <span class='ocrx_word' id='word_1_306' title='bbox 1334 2429 1440 2468; x_wconf 88' lang='lat' dir='ltr'>quae</span> <span class='ocrx_word' id='word_1_307' title='bbox 1464 2413 1506 2454; x_wconf 91' lang='lat' dir='ltr'>in</span> <span class='ocrx_word' id='word_1_308' title='bbox 1531 2428 1551 2458; x_wconf 83' lang='lat'>8</span> 
     </span>
     <span class='ocr_line' id='line_1_38' title="bbox 154 2484 1507 2534; baseline -0.007 -9"><span class='ocrx_word' id='word_1_309' title='bbox 154 2484 308 2526; x_wconf 85' lang='lat' dir='ltr'>bellum</span> <span class='ocrx_word' id='word_1_310' title='bbox 334 2484 444 2523; x_wconf 85' lang='lat' dir='ltr'>facta</span> <span class='ocrx_word' id='word_1_311' title='bbox 469 2489 592 2531; x_wconf 88' lang='lat' dir='ltr'>esset,</span> <span class='ocrx_word' id='word_1_312' title='bbox 619 2495 783 2522; x_wconf 88' lang='lat' dir='ltr'>omnem</span> <span class='ocrx_word' id='word_1_313' title='bbox 808 2487 1018 2534; x_wconf 85' lang='lat' dir='ltr'>praestare</span> <span class='ocrx_word' id='word_1_314' title='bbox 1042 2493 1185 2532; x_wconf 81' lang='lat' dir='ltr'>regem</span> <span class='ocrx_word' id='word_1_315' title='bbox 1209 2491 1386 2530; x_wconf 88' lang='lat' dir='ltr'>aequum</span> <span class='ocrx_word' id='word_1_316' title='bbox 1412 2491 1507 2517; x_wconf 91' lang='lat' dir='ltr'>cen-</span> 
     </span>
     <span class='ocr_line' id='line_1_39' title="bbox 155 2537 1548 2599; baseline -0.007 -12"><span class='ocrx_word' id='word_1_317' title='bbox 155 2547 314 2595; x_wconf 87' lang='lat' dir='ltr'>sebant,</span> <span class='ocrx_word' id='word_1_318' title='bbox 342 2545 457 2586; x_wconf 89' lang='lat' dir='ltr'>cuius</span> <span class='ocrx_word' id='word_1_319' title='bbox 484 2544 605 2599; x_wconf 88' lang='lat' dir='ltr'>culpa</span> <span class='ocrx_word' id='word_1_320' title='bbox 628 2543 783 2584; x_wconf 89' lang='lat' dir='ltr'>bellum</span> <span class='ocrx_word' id='word_1_321' title='bbox 809 2542 1032 2583; x_wconf 75' lang='lat' dir='ltr'>excitatum</span> <span class='ocrx_word' id='word_1_322' title='bbox 1057 2547 1187 2588; x_wconf 90' lang='lat' dir='ltr'>esset,</span> <span class='ocrx_word' id='word_1_323' title='bbox 1214 2547 1253 2580; x_wconf 90' lang='lat' dir='ltr'>et</span> <span class='ocrx_word' id='word_1_324' title='bbox 1279 2554 1362 2579; x_wconf 90' lang='lat' dir='ltr'>non</span> <span class='ocrx_word' id='word_1_325' title='bbox 1386 2537 1505 2579; x_wconf 84' lang='lat' dir='ltr'>Ionia</span> <span class='ocrx_word' id='word_1_326' title='bbox 1531 2552 1548 2582; x_wconf 80' lang='grc'><strong>9</strong></span> 
     </span>
    </p>
   </div>
   <div class='ocr_carea' id='block_1_3' title="bbox 154 2601 1573 2702">
    <p class='ocr_par' dir='ltr' id='par_1_4' title="bbox 154 2601 1573 2702">
     <span class='ocr_line' id='line_1_40' title="bbox 154 2601 1573 2661; baseline -0.004 -13"><span class='ocrx_word' id='word_1_327' title='bbox 154 2609 278 2650; x_wconf 89' lang='lat' dir='ltr'>modo</span> <span class='ocrx_word' id='word_1_328' title='bbox 309 2617 431 2661; x_wconf 89' lang='lat' dir='ltr'>atque</span> <span class='ocrx_word' id='word_1_329' title='bbox 462 2606 640 2648; x_wconf 82' lang='lat' dir='ltr'>Aeolide</span> <span class='ocrx_word' id='word_1_330' title='bbox 671 2604 820 2646; x_wconf 88' lang='lat' dir='ltr'>deduci</span> <span class='ocrx_word' id='word_1_331' title='bbox 850 2604 1000 2645; x_wconf 87' lang='lat' dir='ltr'>debere</span> <span class='ocrx_word' id='word_1_332' title='bbox 1030 2603 1146 2658; x_wconf 82' lang='lat' dir='ltr'>regia</span> <span class='ocrx_word' id='word_1_333' title='bbox 1179 2601 1405 2658; x_wconf 88' lang='lat' dir='ltr'>praesidia,</span> <span class='ocrx_word' id='word_1_334' title='bbox 1443 2606 1505 2642; x_wconf 89' lang='lat' dir='ltr'>set</span> <span class='ocrx_word' id='word_1_335' title='bbox 1532 2611 1573 2642; x_wconf 86' lang='lat'>10</span> 
     </span>
     <span class='ocr_line' id='line_1_41' title="bbox 225 2667 1284 2702; baseline -0.008 0"><span class='ocrx_word' id='word_1_336' title='bbox 225 2675 285 2702; x_wconf 74' lang='lat' dir='ltr'>Livi</span> <span class='ocrx_word' id='word_1_337' title='bbox 300 2675 354 2702; x_wconf 75' lang='lat' dir='ltr'>vol.</span> <span class='ocrx_word' id='word_1_338' title='bbox 372 2673 419 2701; x_wconf 77' lang='lat' dir='ltr'>nl.</span> <span class='ocrx_word' id='word_1_339' title='bbox 1241 2667 1284 2701; x_wconf 80' lang='lat'>19</span> 
     </span>
    </p>
   </div>
  </div>
 </body>
</html>
