1799 2900
484 103 638 137 LIBER
662 103 886 148 XXXVIII,
913 104 944 138 5.
965 104 996 138 6.
1024 103 1224 148 [30139]
1450 96 1532 138 319

177 206 357 263 3110010111
382 214 422 248 et
453 207 506 246 ad
535 207 641 247 ictus
671 207 882 248 moenium
913 222 1006 248 cum
1032 208 1199 248 terribili
1234 208 1370 249 sonitu
1402 208 1533 250 editos

174 284 303 325 pavor
329 283 376 308 ac
401 268 621 323 trepidatio
648 269 768 323 cepit.
830 270 998 319 deinde,
1024 276 1070 310 ut
1093 277 1257 324 praeter
1283 285 1399 326 spem
1426 278 1533 311 stare

174 346 314 371 muros
351 331 562 380 viderunt,
601 331 798 372 conlectis
836 347 978 372 1··1113113
1019 331 1166 372 animis
1197 332 1241 372 in
1272 333 1420 374 arietes
1457 333 1534 373 tol-

175 393 393 434 lenonibus
424 393 670 434 libramenta
700 394 858 448 plumbi
897 402 967 434 aut
998 409 1194 435 saxorum
1226 395 1439 449 stipitesve
1469 410 1535 436 ro-

174 456 319 496 bustos
340 454 608 504 incutiebant,
629 455 757 496 falces
780 456 940 497 ancoris
962 457 1106 497 ferreis
1126 456 1286 497 iniectis
1307 457 1349 497 in
1369 457 1535 499 interio-

173 532 260 558 rem
292 524 452 571 partem
483 518 589 557 muri
620 518 831 559 trahentes
865 534 1048 559 asserem
1084 519 1443 574 praefringebant,
1482 520 1533 560 ad

174 579 253 620 hoc
278 579 562 634 eruptionibus
588 580 801 621 nocturnis
827 580 868 620 in
895 580 1104 621 custodias
1125 596 1296 635 operum
1317 589 1357 622 et
1378 582 1533 622 diurnis

173 640 214 681 in
240 642 439 682 stationes
466 642 573 684 ultro
599 651 798 683 terrorem
824 643 1069 683 inferebant.

257 704 308 744 In
334 703 411 744 hoc
439 711 548 744 statu
573 720 638 745 res
666 705 718 745 ad
743 705 1011 745 Ambraciam
1037 719 1130 744 011111
1156 711 1314 754 essent,
1340 705 1423 745 iam
1448 705 1534 746 Ae-

173 766 243 806 toli
281 782 304 806 a
340 767 605 821 populatione
637 767 900 808 Acarnaniae
935 766 1121 808 Stratum
1158 767 1378 808 redierant.
1436 767 1533 808 inde

173 827 378 868 Nicander
402 836 567 883 praetor
595 844 711 883 spem
736 837 881 869 nactus
904 829 1128 870 solvendae
1154 829 1320 884 incepto
1339 829 1436 870 forti
1461 830 1534 870 ob-

173 889 362 939 sidionis,
408 891 684 931 Nicodamum
722 892 929 945 quendam
966 906 1059 931 011111
1093 892 1256 933 Aetolis
1295 892 1532 946 quingentis

172 952 441 993 Ambraciam
467 953 713 994 intromittit.
768 963 930 994 noctem
958 962 1112 994 certam
1140 963 1384 1008 tempusque
1411 953 1534 994 etiam

171 1014 303 1055 noctis
330 1015 562 1063 constituit,
590 1029 671 1067 quo
699 1023 737 1055 et
763 1016 820 1055 illi
847 1017 898 1056 ab
925 1016 1025 1055 urbe
1052 1031 1177 1069 opera
1202 1015 1401 1064 hostium,
1429 1030 1534 1068 quae

170 1076 370 1116 adversus
384 1077 619 1130 Pyrrheum
640 1083 769 1123 erant,
792 1077 1129 1131 adgrederentur,
1157 1084 1198 1117 et
1216 1076 1305 1130 ipse
1326 1077 1380 1116 ad
1399 1084 1534 1117 castra

170 1138 359 1179 Romana
386 1147 584 1179 teir·oiem
609 1139 778 1188 faceret,
805 1153 929 1193 posse
955 1148 1068 1179 ratus
1097 1138 1264 1192 ancipiti
1290 1139 1468 1179 tumultu
1494 1146 1534 1178 et

171 1207 289 1240 noete
316 1208 493 1254 auoente
518 1216 598 1255 pax
603 1216 717 1241 010111
742 1201 1054 1241 memorabilem
1079 1215 1166 1240 rem
1194 1201 1383 1251 00·11.οῒ
1408 1199 1533 1240 Nico-

171 1263 316 1303 damus
343 1262 592 1317 intempesta
624 1271 763 1312 nocte,
802 1278 894 1303 cum
927 1262 1027 1303 alias
1059 1245 1268 1303 custodias
1301 1261 1531 1310 fefellisset,

170 1340 242 1380 pel
271 1325 372 1365 alias
404 1325 548 1379 inpetu
579 1325 785 1366 constanti
811 1325 1032 1379 erupisset,
1073 1333 1266 1379 superato
1296 1324 1502 1364 brachio
1492 1339 1534 1363 111

170 1388 313 1428 urbem
336 1394 538 1442 penetrat,
566 1387 773 1440 animique
794 1387 1093 1441 aliquantulum
1113 1387 1166 1427 ad
1185 1386 1322 1427 omnia
1343 1385 1535 1426 audenda

171 1456 211 1490 et
236 1449 324 1504 spei
351 1449 534 1490 obsessis
560 1449 709 1490 adiecit
734 1457 793 1498 et,
821 1449 941 1490 simul
968 1449 1191 1489 constituta
1215 1464 1298 1489 nox
1323 1447 1453 1496 venit,
1481 1463 1533 1487 ex

171 1511 400 1566 composito
426 1519 595 1566 repente
622 1526 748 1565 opera
773 1520 836 1552 est
862 1512 1100 1566 adgressus.
1160 1510 1201 1550 id
1227 1510 1437 1564 inceptum
1464 1523 1532 1550 00-

170 1580 270 1613 natu
301 1587 424 1626 quam
455 1574 606 1614 effectu
637 1573 805 1627 gravius
838 1573 934 1621 fuit,
972 1572 1068 1625 quia
1099 1572 1212 1612 nulla
1245 1573 1295 1612 ab
1329 1571 1531 1612 exteriore

170 1643 288 1689 parte
314 1635 376 1676 vis
404 1635 572 1675 admota
596 1644 677 1683 est,
716 1649 790 1675 seu
820 1643 933 1675 metu
959 1634 1154 1674 deterrito
1185 1642 1374 1688 praetore
1400 1633 1532 1673 Aeto—

170 1697 322 1746 lorum,
355 1712 428 1737 seu
454 1697 550 1750 quia
573 1697 710 1751 potius
737 1696 874 1737 visum
902 1703 963 1736 est
988 1695 1281 1750 Amphilochis
1313 1710 1445 1750 nuper
1469 1709 1533 1735 re-

171 1758 301 1812 ceptis
335 1758 442 1799 ferre
477 1774 617 1813 opem,
657 1773 759 1812 quos
791 1758 973 1799 Perseus
998 1757 1185 1812 Philippi
1214 1757 1342 1805 filius,
1378 1756 1532 1797 missus

171 1820 224 1859 ad
243 1820 469 1875 Dolopiam
489 1820 876 1875 Amphilochosque
901 1819 1180 1874 recipiendOS,
1209 1833 1370 1860 summa
1395 1818 1435 1858 vi
1461 1818 1533 1859 ob-

170 1883 398 1937 pugnabat.

255 1945 332 1987 VI.
371 1945 524 1986 Tribus
550 1945 671 1994 locis,
699 1944 805 1985 sicut
830 1952 924 1985 ante
945 1943 1099 1983 dictum
1119 1950 1200 1991 est,
1227 1942 1278 1982 ad
1298 1940 1533 1996 Pyrrheum

172 2020 297 2060 opera
310 2006 501 2048 Romana
522 2017 649 2055 erant,
677 2021 781 2060 quae
808 2006 945 2047 onmia
971 2006 1104 2054 simul,
1132 2005 1206 2045 scd
1230 2018 1307 2045 1100
1332 2004 1532 2058 adparatu

1560 531 1579 560 5

1560 964 1575 992 x]

1560 1646 1599 1676 10

1560 1955 1575 1984 1

172 2081 249 2107 nee
273 2068 315 2108 vi
341 2068 483 2117 simili,
522 2069 663 2109 Aetoli
696 2069 885 2123 adgressi
911 2075 1019 2108 sunt.
1081 2067 1147 2107 alii
1173 2081 1266 2106 011111
1292 2065 1530 2106 ardentibus
1557 2078 1576 2107 ‘2

173 2128 353 2178 facibus,
381 2130 449 2170 alii
475 2137 669 2185 stuppam
694 2130 911 2185 picemque
937 2137 975 2170 et
1001 2128 1214 2170 malleolos
1241 2128 1420 2168 ferentes
1447 2134 1532 2168 tota

175 2191 415 2232 conlucente
447 2192 625 2233 flammis
657 2193 743 2233 acie
777 2193 995 2233 advenere.
1056 2191 1206 2231 multos
1233 2190 1364 2245 primo
1390 2190 1532 2244 inpetu

175 2252 367 2292 custodes
402 2254 716 2308 obpresserunt3
755 2255 850 2294 dein
881 2263 1102 2308 postquam
1134 2253 1288 2293 clamor
1312 2252 1531 2292 tumultus-
1556 2264 1574 2293 3

175 2328 254 2367 que
284 2313 326 2354 in
363 2324 499 2355 castra
535 2323 599 2356 est
627 2316 810 2369 perlatus
842 2316 1065 2368 datumque
1097 2331 1121 2355 a
1152 2314 1321 2354 consule
1353 2313 1530 2368 signum,

175 2390 289 2416 arma
316 2376 482 2430 capiunt
508 2384 549 2417 et
573 2377 764 2417 omnibus
790 2377 920 2431 portis
948 2377 999 2416 ad
1025 2391 1145 2430 opem
1163 2376 1379 2416 serendam
1399 2375 1528 2415 effun-

175 2437 339 2478 duntur.
399 2453 482 2479 uno
506 2438 549 2478 in
573 2438 663 2479 loco
688 2438 797 2479 ferro
822 2438 990 2492 ignique
1017 2446 1136 2491 gesta
1160 2452 1244 2486 res3
1284 2438 1335 2478 ab
1368 2436 1528 2477 duobus
1556 2451 1573 2478 4

174 2498 286 2539 irrito
311 2499 494 2554 incepto,
522 2515 616 2541 eum
641 2507 915 2556 temptassent
934 2501 1067 2555 magis
1094 2515 1219 2553 quam
1243 2500 1420 2540 inissent
1443 2513 1528 2540 cer-

173 2568 330 2610 tamen,
368 2562 509 2603 Aetoli
547 2563 850 2604 abscesserunt.
913 2570 1029 2603 atrox
1066 2577 1206 2617 pugna
1237 2562 1278 2602 in
1308 2576 1437 2602 unum
1467 2562 1530 2601 in-
1556 2575 1574 2603 5
