1799 2900
147 403 186 430 14

148 526 185 554 15

169 834 187 862 te

177 1821 193 1850 *l

160 2377 197 2406 10

159 2560 195 2589 ll

210 150 292 192 228
507 156 657 190 LIBER
684 155 867 198 xxxvl,
894 156 925 189 9.
945 155 998 189 10.
1027 158 1124 199 [au.
1143 156 1268 200 e.563]

211 264 309 303 dum
334 274 478 301 recens
512 268 641 299 terror
667 266 797 307 esset,
832 257 1052 300 Scotusam
1084 259 1208 299 misit.
1269 274 1345 300 nec
1371 259 1425 299 ibi
1450 274 1567 300 mora

212 321 432 364 deditionis
465 328 529 361 est
559 321 689 368 facta,
724 321 986 361 cernentibus
1012 321 1295 362 Pheraeorum
1325 336 1468 362 recens
1496 336 1567 361 ex-

213 386 412 440 emplum,
457 383 526 436 qui
564 383 675 436 quod
717 383 980 437 pertinaciter
1022 383 1154 438 primo
1193 384 1421 424 abnuerant
1457 383 1565 423 malo

212 446 355 488 domiti
392 445 560 485 tandem
597 444 809 485 fecissent.
886 459 979 485 cum
1015 446 1107 500 ipsa
1142 446 1243 486 urbe
1275 445 1564 500 Hippolochus

213 508 592 559 Larisaeorumque
619 506 804 547 deditum
825 514 888 547 est
912 507 1177 562 praesidium.
1211 507 1370 547 dimissi
1397 508 1448 548 ab
1469 522 1566 561 rege

212 569 396 610 inviolati
425 583 588 617 omnes,
621 569 733 621 quod
763 584 854 608 eam
885 584 972 609 rem
998 569 1138 623 magni
1164 569 1362 610 momenti
1387 570 1566 609 suturam

212 648 285 673 rex
312 632 362 672 ad
389 631 670 672 conciliandos
697 631 995 672 Larisaeorum
1022 632 1181 671 animos
1209 632 1414 672 credebat.

297 693 357 734 X.
406 694 523 733 Intra
560 693 768 733 decimum
804 693 913 733 diem
945 708 1069 746 quam
1100 693 1260 733 Pheras
1300 702 1468 733 venerat
1505 692 1568 733 his

213 755 408 811 perfectis
444 753 681 795 Cranonem
720 755 932 809 profectus
968 769 1064 795 cum
1102 762 1187 795 toto
1225 754 1406 794 exercitu
1438 755 1571 808 primo

214 817 396 858 adventu
433 817 555 871 cepit.
622 816 718 857 inde
752 815 935 858 Cicriam
972 826 1011 857 et
1042 816 1314 870 Metropolim
1345 823 1385 856 et
1414 816 1464 856 iis
1496 816 1573 855 cir-

213 879 416 919 cumiecta
453 879 625 919 castella
660 878 835 934 recepit,
879 879 1098 932 omniaque
1140 879 1222 919 iam
1265 878 1446 933 regionis
1485 878 1572 918 eius

214 952 379 997 practer
410 943 609 982 Atracem
641 950 681 982 et
709 940 942 995 Gyrtonem
977 941 1018 981 in
1049 949 1255 996 potestate
1287 950 1416 981 erant.
1476 948 1575 980 tunc

216 1005 387 1059 adgredi
414 1004 610 1045 Larisam
643 1005 877 1055 constituit,
915 1013 1028 1045 ratus
1063 1004 1128 1044 vel
1159 1012 1313 1045 terrore
1345 1011 1573 1044 ceterarum

215 1076 547 1121 expugnatarum
572 1067 638 1107 vel
664 1067 865 1108 beneficio
890 1066 1086 1121 praesidii
1113 1066 1272 1107 dimissi
1298 1065 1363 1106 vel
1384 1064 1574 1119 exemplo

215 1137 274 1169 tot
295 1128 521 1169 civitatium
543 1128 782 1169 dedentium
804 1144 896 1170 sese
917 1144 1000 1169 non
1021 1128 1129 1168 ultra
1147 1128 1189 1168 in
1215 1127 1441 1182 pertinacia
1460 1141 1576 1166 man-

217 1205 348 1230 suros
415 1190 646 1244 elephantis
686 1191 754 1245 agi
791 1201 885 1231 ante
925 1191 1044 1245 signa
1081 1190 1249 1230 terroris
1288 1203 1414 1229 causa
1449 1187 1573 1228 iussis

216 1252 416 1305 quadrato
444 1252 608 1306 agmine
630 1252 682 1292 ad
709 1253 855 1292 urbem
880 1252 1062 1300 incessit,
1089 1260 1132 1292 ut
1159 1251 1303 1292 incerti
1328 1251 1575 1290 fluctuaren-

218 1324 282 1354 tur
308 1313 433 1354 animi
459 1329 635 1368 magnae
662 1314 790 1369 partis
816 1314 1112 1354 Larisaeorum
1144 1314 1250 1353 inter
1276 1321 1431 1353 metum
1457 1327 1576 1366 prae-

219 1386 379 1416 sentem
408 1375 589 1416 hostium
616 1384 656 1416 et
681 1376 972 1416 verecundiam
998 1376 1231 1416 absentium
1254 1375 1471 1415 sociorum.
1503 1388 1576 1428 per

220 1438 391 1478 eosdem
425 1438 513 1478 dies
540 1439 813 1491 Amynander
841 1453 935 1478 cum
959 1438 1245 1478 Athamanum
1271 1437 1483 1476 iuventute
1509 1450 1577 1476 oc-

219 1510 341 1554 cupat
366 1499 644 1548 Pellinaeum,
672 1509 712 1540 et
735 1492 963 1554 Blenipp’us
991 1514 1085 1539 cum
1110 1499 1243 1539 tribus
1269 1498 1434 1538 milibus
1461 1497 1575 1552 pedi-

217 1569 306 1601 tum
319 1561 566 1601 Aetolorum
592 1569 633 1602 et
658 1561 844 1602 ducentis
872 1561 1079 1614 equitibus
1105 1560 1147 1600 in
1160 1559 1458 1600 Perrhaebiam
1484 1574 1578 1612 pro-

219 1623 352 1663 fectus
374 1622 602 1663 Malloeam
629 1631 669 1664 et
690 1622 882 1677 Cyretias
910 1623 949 1663 vi
975 1623 1084 1678 cepit
1113 1620 1190 1677 [et]
1219 1621 1495 1676 depopulatus
1516 1627 1580 1660 est

220 1699 366 1738 agrum
380 1683 699 1738 Tripolitanum.
726 1685 789 1725 his
805 1685 955 1740 raptim
968 1685 1147 1739 peractis
1162 1684 1356 1724 Larisam
1372 1683 1423 1723 ad
1436 1696 1579 1736 regem

219 1746 411 1795 redeunt3
444 1747 714 1796 consultanti,
741 1747 939 1800 quidnam
965 1747 1174 1801 agendum
1200 1746 1250 1786 de
1276 1745 1429 1786 Larisa
1454 1752 1578 1791 esset,

221 1816 562 1862 supervenerunt.
600 1808 657 1849 ibi
682 1809 724 1849 in
746 1809 957 1850 diversum
983 1807 1212 1850 sententiae
1239 1807 1464 1848 tendebant
1489 1806 1579 1846 aliis

220 1869 303 1909 vim
334 1869 613 1911 adhibendam
651 1880 691 1912 et
729 1887 812 1912 non
846 1871 1123 1912 differendum
1156 1869 1443 1917 censentibus,
1481 1868 1579 1921 quin

220 1932 414 1986 operibus
441 1947 488 1972 ac
514 1933 716 1974 machinis
753 1934 876 1974 simul
907 1933 1088 1985 undique
1114 1932 1278 1973 moenia
1304 1930 1581 1985 adgrederen-

220 2003 285 2033 tur
310 1993 424 2034 urbis
452 1994 554 2035 sitae
579 1994 622 2034 in
646 1995 787 2049 plano,
815 2004 982 2050 apertae
1004 1994 1225 2049 campestri
1250 1993 1431 2045 undique
1453 1991 1579 2039 aditu,

221 2055 310 2095 aliis
337 2070 447 2095 nunc
468 2056 575 2097 vires
602 2057 716 2097 urbis
743 2071 1006 2110 nequaquam
1019 2055 1169 2096 Pheris
1196 2054 1473 2095 conferendae
1493 2067 1581 2093 me-

222 2117 497 2167 morantibus,
530 2132 639 2158 nunc
672 2118 851 2159 hiemem
877 2128 917 2158 et
949 2126 1112 2172 tempus
1148 2116 1243 2157 anni
1274 2116 1375 2156 nulli
1404 2114 1579 2157 bellicae

220 2179 291 2227 rei,
319 2179 488 2220 minime
513 2180 719 2221 obsidioni
752 2188 874 2234 atque
901 2179 1200 2235 obpugnationi
1232 2178 1397 2219 urbium
1425 2185 1580 2232 aptum.

222 2240 377 2282 incerto
402 2242 492 2296 regi
517 2242 623 2283 inter
649 2258 768 2298 spem
792 2252 1031 2295 metumque
1057 2242 1184 2296 legati
1211 2257 1234 2282 a
1257 2241 1485 2288 Pharsalo,
1512 2239 1580 2293 qui

221 2302 273 2341 ad
299 2302 532 2343 dedendam
566 2305 712 2345 urbem
739 2320 856 2345 suam
888 2305 994 2345 forte
1020 2311 1239 2351 venerant,
1270 2303 1429 2343 animos
1457 2315 1582 2341 auxe-

222 2372 329 2404 runt.
366 2364 428 2405 M.
444 2365 628 2406 Baebius
649 2366 813 2407 interim
834 2380 929 2406 cum
942 2366 1139 2420 Philippo
1165 2365 1207 2404 in
1221 2365 1463 2405 Dassaretis
1486 2377 1582 2403 con-

222 2438 390 2477 gressus
407 2427 489 2480 Ap.
509 2427 734 2467 Claudium
757 2443 808 2468 ex
829 2427 1037 2468 communi
1057 2426 1230 2467 consilio
1251 2426 1303 2466 ad
1328 2424 1581 2481 praesidium

223 2485 398 2526 Larisae
424 2488 556 2537 misit,
590 2489 659 2541 qui
691 2505 764 2544 per
788 2489 1084 2530 BIacedoniam
1109 2488 1273 2543 magnis
1299 2487 1514 2527 itineribus
1538 2485 1581 2525 in

224 2546 366 2599 iugum
391 2550 605 2598 montium,
632 2552 744 2603 quod
770 2567 894 2606 super
921 2551 1095 2592 Gonnos
1122 2560 1197 2599 est,
1224 2549 1425 2605 pervenit.
1464 2546 1580 2602 oppi-

224 2607 321 2649 dum
337 2608 475 2650 Gonni
502 2612 647 2665 viginti
673 2613 786 2654 milia
808 2614 860 2654 ab
874 2613 1026 2653 Larisa
1046 2613 1176 2661 abest,
1205 2612 1246 2651 in
1268 2611 1368 2666 ipsis
1389 2609 1578 2650 faucibus
