1799 2900
442 129 597 164 LIBER
622 131 829 176 xxxnn,
857 132 1002 167 14-16.
1031 132 1230 176 [a.c.195]
1437 122 1513 163 137

164 241 300 276 rerent
324 234 510 289 peditum
536 234 657 275 acies.
718 235 753 275 is
786 242 915 276 terror
940 236 1125 277 obiectus
1156 235 1266 277 hosti
1290 251 1378 276 rem
1402 242 1515 276 metu
1541 248 1560 278 8

163 298 447 339 Romanorum
483 296 667 349 equitum
709 297 947 339 inclinatam
984 298 1193 351 aequavit:
1237 306 1376 338 tamen
1413 298 1515 339 adeo

163 359 316 400 turbati
342 366 458 399 erant
481 359 650 400 dextrae
672 360 760 400 alae
785 361 945 414 pedites
967 361 1222 413 equitesque,
1249 368 1294 400 ut
1315 360 1517 413 quosdam

164 421 307 462 consul
332 436 456 461 manu
482 422 571 476 ipse
597 422 853 476 reprenderit
879 423 1126 476 verteritque
1152 423 1193 462 in
1224 422 1399 463 hostem.
1459 422 1517 462 ita

164 490 205 524 et
229 483 426 536 quamdiu
451 483 677 523 missilibus
703 492 935 538 pugnatum
961 491 1041 533 est,
1068 498 1220 539 anceps
1246 499 1387 538 pugna
1412 492 1517 524 erat:

164 551 206 585 et
240 545 321 585 iam
359 545 410 585 ab
442 545 587 585 dextra
622 553 758 600 parte,
796 546 904 586 unde
944 554 1072 587 terror
1104 553 1144 586 et
1180 546 1281 600 fuga
1312 553 1516 600 coeperat,

164 621 288 661 aegre
312 607 528 647 Romanus
565 608 769 656 restabat,
809 608 860 648 ab
898 608 1064 649 sinistro
1097 622 1225 648 cornu
1257 617 1297 648 et
1328 623 1352 648 a
1382 609 1516 648 fronte

163 669 419 723 urgebantur
450 669 616 709 barbari
648 676 688 709 et
719 670 908 710 cohortes
941 686 965 710 a
996 678 1113 724 tergo
1143 670 1345 711 instantes
1378 669 1518 724 pavidi

166 730 457 784 respiciebant.
518 738 564 771 ut
600 731 763 772 emissis
802 732 1025 773 soliferreis
1063 732 1327 784 falaricisque
1357 731 1518 786 gladios

167 792 433 841 strinxerunt,
461 800 547 833 tum
575 793 686 833 velut
709 794 992 848 redintegrata
1017 801 1080 834 est
1104 809 1258 848 pugna.
1318 809 1401 834 non
1427 807 1519 833 cae-

166 852 224 894 cis
255 853 404 894 ictibus
437 855 580 907 procul
612 870 663 895 ex
694 855 906 910 inproviso
937 856 1278 904 vulnerabantur,
1312 855 1385 895 sed
1414 854 1520 909 pede

166 914 329 955 conlato
355 923 440 955 tota
464 915 506 955 in
532 915 681 956 virtute
708 930 755 956 ac
782 917 935 957 viribus
964 932 1058 971 spes
1086 924 1185 957 erat.

250 976 352 1019 XV.
400 978 556 1018 Fessos
582 978 664 1018 iam
691 993 788 1018 suos
817 979 961 1019 consul
987 994 1038 1018 ex
1065 978 1248 1019 secunda
1273 977 1359 1018 acie
1385 977 1520 1017 subsi-

167 1039 290 1079 diaris
313 1038 550 1080 cohortibus
576 1039 618 1079 in
643 1055 826 1094 pugnam
846 1040 1023 1080 inductis
1046 1040 1246 1080 accendit.
1283 1054 1393 1079 nova
1411 1040 1520 1080 acies

165 1100 293 1149 facta3
331 1100 480 1155 integri
510 1101 745 1141 recentibus
778 1101 868 1142 telis
901 1101 1096 1155 fatigatos
1124 1100 1257 1141 adorti
1282 1101 1412 1141 hostis
1439 1101 1522 1155 pri-

164 1177 279 1201 mum
313 1161 396 1202 acri
427 1162 570 1216 inpetu
601 1162 714 1202 velut
746 1177 876 1203 cuneo
907 1163 1186 1217 perculerunt,
1221 1162 1368 1202 deinde
1400 1162 1522 1202 dissi-

164 1231 283 1278 patos
307 1223 350 1262 in
376 1223 519 1277 fugam
545 1231 801 1265 averterunt:
829 1225 963 1265 effuso
990 1240 1063 1279 per
1089 1240 1210 1279 agros
1239 1239 1360 1264 cursu
1387 1231 1523 1265 castra

164 1285 470 1338 repetebantur.
530 1285 602 1325 ubi
628 1285 766 1326 onmia
798 1286 899 1340 fuga
925 1286 1131 1341 completa
1156 1286 1259 1326 vidit
1285 1285 1405 1335 Cato,
1431 1286 1520 1340 ipse

166 1346 218 1386 ad
244 1346 468 1386 secundam
492 1346 718 1401 legionem,
753 1362 858 1400 quae
882 1347 925 1387 in
951 1348 1135 1389 subsidio
1161 1348 1297 1403 posita
1323 1355 1428 1396 erat,
1459 1363 1523 1388 re-

166 1407 328 1448 vehitur
353 1414 393 1448 et
425 1407 545 1462 signa
576 1424 674 1463 prae
701 1424 745 1450 sc
776 1409 874 1450 ferri
903 1410 1110 1464 plenoque
1142 1410 1276 1464 gradu
1303 1410 1355 1449 ad
1387 1417 1523 1450 castra

166 1469 348 1510 hostium
381 1470 663 1524 obpugnanda
695 1472 917 1512 succedere
950 1473 1075 1512 iubet.
1138 1471 1171 1512 si
1197 1472 1288 1524 quis
1315 1479 1430 1512 extra
1457 1487 1521 1512 or-

168 1530 306 1570 dinem
332 1531 490 1571 avidius
517 1532 738 1585 procurrit,
771 1542 811 1573 et
841 1533 930 1587 ipse
956 1533 1255 1586 interequitans
1283 1549 1404 1587 sparo
1430 1548 1523 1587 per-

169 1592 269 1632 cutit
305 1601 345 1632 et
387 1593 573 1634 tribunos
611 1595 955 1648 centurionesque
993 1596 1198 1649 castigare
1240 1595 1366 1635 iubet.
1439 1595 1521 1634 iam

170 1661 304 1694 castra
335 1655 700 1708 obpugnabantur,
740 1656 933 1709 saxisque
965 1665 1005 1697 et
1037 1658 1207 1698 sudibus
1241 1670 1281 1698 et
1312 1657 1423 1697 omni
1449 1672 1521 1710 ge-

168 1730 265 1755 nere
293 1715 467 1755 telorum
494 1717 847 1757 submovebantur
873 1734 896 1758 a
921 1718 1029 1758 vallo
1049 1718 1240 1759 Romani.
1284 1718 1354 1757 ubi
1374 1731 1518 1758 recens

170 1777 336 1817 admota
359 1777 468 1831 legio
494 1786 569 1826 est,
597 1785 683 1818 tum
709 1786 749 1819 et
769 1779 1105 1833 obpugnantibus
1128 1779 1288 1819 animus
1316 1779 1456 1827 crevit,
1483 1788 1524 1819 et

168 1838 371 1879 infensius
397 1839 538 1880 hostes
564 1855 638 1894 pro
665 1841 773 1881 vallo
798 1842 1054 1895 pugnabant.
1104 1841 1248 1881 consul
1268 1840 1406 1881 onmia
1426 1855 1522 1881 ocu-

168 1901 218 1942 lis
254 1902 495 1956 perlustrat,
533 1911 596 1951 ut,
641 1918 722 1956 qua
758 1904 928 1943 minima
965 1903 1005 1943 vi
1042 1902 1276 1951 resistatur,
1322 1918 1371 1942 ea
1406 1911 1522 1957 parte

168 1962 389 2017 inrumpat.
457 1964 508 2004 ad
547 1964 756 2004 sinistram
793 1973 955 2019 portam
990 1964 1262 2017 infrequentis
1302 1964 1431 2004 videt:
1475 1979 1524 2004 ea

170 2025 376 2065 secundae
401 2025 576 2080 legionis
604 2026 810 2080 principes
831 2027 1100 2079 hastatosque
1125 2026 1292 2068 inducit.
1340 2041 1422 2066 non
1454 2041 1521 2066 su-

171 2086 313 2126 stinuit
343 2087 528 2142 inpetum
554 2104 696 2129 eorum
728 2089 868 2137 statio,
901 2104 1006 2141 quae
1032 2096 1174 2142 portae
1201 2088 1391 2142 adposita
1416 2096 1520 2137 erat3

170 2156 210 2188 et
235 2149 378 2198 ceteri,
405 2157 626 2203 postquam
656 2151 763 2191 intra
794 2151 947 2191 vallum
973 2151 1134 2191 hostem
1160 2150 1319 2198 vident,
1351 2149 1431 2204 ipsi
1456 2164 1524 2189 ca-

1546 620 1585 649 10

1549 745 1579 772 ll

1547 1053 1565 1080 10

172 2210 266 2250 stris
293 2211 405 2251 exuti
437 2212 556 2265 signa
582 2228 777 2266 armaque
803 2213 998 2253 abiciunt.
1060 2212 1286 2252 caeduntur
1311 2212 1351 2251 in
1379 2212 1520 2266 portis,
1548 2222 1567 2251 8

172 2278 333 2311 suomet
362 2272 442 2326 ipsi
473 2275 636 2328 agmine
668 2274 711 2314 in
743 2282 830 2314 arto
857 2274 1088 2314 haerentes.
1150 2273 1375 2313 secundani
1406 2280 1523 2327 terga

171 2332 353 2373 hostium
379 2334 569 2383 caedunt,
597 2335 722 2375 ceteri
749 2342 885 2375 castra
910 2335 1118 2389 diripiunt.
1149 2334 1342 2376 Valerius
1369 2334 1520 2374 Antias

172 2409 296 2448 supra
333 2395 606 2450 quadraginta
641 2396 753 2436 milia
795 2397 976 2437 hostium
1014 2411 1135 2436 caesa
1172 2411 1220 2437 eo
1258 2396 1322 2436 die
1367 2396 1520 2437 scribit.

172 2455 279 2497 Cato
305 2457 406 2512 ipse,
433 2458 545 2498 haud
571 2474 669 2499 sane
696 2459 943 2500 detractator
968 2459 1137 2499 laudum
1164 2474 1342 2508 suarum,
1370 2459 1521 2499 multos

171 2533 315 2560 caesos
343 2520 409 2568 ait,
436 2535 653 2560 numerum
679 2536 761 2562 non
787 2521 994 2561 adscribit.

1547 2348 1564 2376 9

256 2582 381 2625 XVI.
431 2582 530 2622 Tria
561 2598 610 2624 eo
636 2584 699 2624 die
733 2583 955 2624 laudabilia
988 2582 1137 2623 fecisse
1169 2589 1353 2638 putatur,
1391 2597 1519 2622 unum
1548 2595 1560 2622 1
