1799 2900
237 193 290 234 22
535 198 687 232 LmER
714 197 861 241 XXXI,
888 197 942 230 25.
963 197 1019 230 26.
1047 199 1094 241 [a.
1110 209 1144 231 u.
1159 208 1188 232 e.
1203 197 1285 242 554]

237 317 399 357 quaque
432 301 595 342 civitate
629 301 804 340 militum
836 300 1083 341 scriberetur
1109 300 1402 349 consultarent,
1430 300 1587 355 Philip-

236 381 314 420 pus
342 365 603 418 dempturum
631 377 675 403 se
708 363 767 403 eis
799 376 958 411 curam,
985 363 1095 415 quod
1129 363 1183 403 ad
1205 363 1357 404 Nabim
1387 372 1428 404 et
1452 363 1587 403 Lace-

192 443 211 470 5
238 427 477 468 daemonios
512 425 733 474 adtineret,
770 424 977 480 pollicitus
1009 439 1086 466 nec
1118 433 1275 466 tantum
1307 440 1430 480 agros
1457 425 1588 466 socio-

236 504 327 529 rum
360 487 697 542 populationibus
730 487 1053 541 prohibiturum,
1091 488 1166 528 sed
1197 495 1393 529 terrorem
1425 502 1587 528 omnem

234 551 331 591 belli
367 550 410 589 in
447 549 582 604 ipsam
618 549 874 589 Laconicam
911 549 1034 590 ducto
1075 564 1123 590 eo
1160 550 1367 604 extemplo
1405 550 1587 590 exercitu

191 625 209 654 6
237 612 490 652 tralaturum.
551 612 654 651 haec
685 611 814 651 oratio
847 626 939 651 cum
970 611 1129 667 ingenti
1165 612 1345 653 adsensu
1375 612 1589 652 hominum

235 674 501 728 acciperetur,
541 674 616 714 ‘ita
652 682 791 714 tamen
822 683 1000 726 aequum
1032 674 1126 723 est,'
1164 674 1297 726 inquit
1335 677 1419 714 ‘me
1451 681 1589 715 vestra

234 736 335 776 meis
368 735 492 776 armis
524 735 666 784 tutari,
704 750 756 776 ne
792 750 885 776 mea
921 735 1084 776 interim
1120 735 1328 775 nudentur
1357 735 1588 789 praesidiis.

191 811 205 838 7
233 797 383 851 itaque,
412 797 446 837 si
471 797 589 838 vobis
618 797 790 846 videtur,
818 804 979 837 tantum
1003 804 1146 850 parate
1172 796 1361 844 militum,
1389 804 1589 848 quantum

234 860 286 899 ad
307 858 467 900 Oreum
487 867 527 900 et
548 858 793 900 Chalcidem
812 868 852 899 et
872 858 1120 899 Corinthum
1148 858 1301 898 tuenda
1321 857 1421 898 satis
1449 857 1519 906 sit,
1544 865 1591 898 ut

232 922 336 962 meis
375 922 427 962 ab
464 928 580 975 tergo
619 921 717 961 tutis
757 935 927 962 securus
963 920 1119 961 bellum
1149 919 1302 960 Nabidi
1338 919 1513 959 inferam
1551 927 1591 960 et

188 996 207 1025 s
234 983 609 1024 Lacedaemoniis.'
675 999 764 1024 non
802 983 951 1024 fefellit
986 982 1203 1030 Achaeos,
1242 996 1322 1034 quo
1361 988 1592 1036 spectasset

235 1054 319 1086 tam
356 1046 540 1101 benigna
577 1045 820 1100 pollicitatio
857 1044 1137 1097 auxiliumque
1175 1044 1359 1085 oblatum
1390 1043 1590 1084 adversus

233 1107 613 1148 Lacedaemonios:
639 1108 681 1148 id
707 1107 859 1161 quaeri,
886 1115 931 1148 ut
956 1107 1144 1148 obsidem
1158 1106 1424 1147 Achaeorum
1448 1105 1592 1146 iuven-

234 1177 364 1210 tutem
396 1170 588 1211 educeret
621 1185 671 1210 ex
702 1170 996 1224 Peloponneso
1028 1169 1080 1209 ad
1116 1169 1371 1222 inligandam
1398 1168 1589 1209 Romano

191 1244 209 1274 9
234 1231 343 1272 bello
369 1240 550 1286 gentem.
612 1240 650 1272 ct
675 1232 717 1272 id
745 1232 911 1285 quidem
936 1245 1160 1286 coarguere
1177 1230 1399 1284 Cycliadas
1426 1236 1590 1284 praetor

235 1293 501 1334 Achaeorum
537 1293 638 1333 nihil
670 1293 854 1334 adtinere
885 1300 1019 1341 ratus,
1062 1292 1104 1332 id
1134 1292 1257 1332 modo
1284 1306 1376 1331 cum
1402 1291 1589 1340 dixisset,

234 1370 318 1395 non
342 1355 466 1396 licere
492 1355 655 1409 legibus
674 1356 940 1396 Achaeorum
961 1355 1011 1395 de
1039 1354 1127 1395 aliis
1147 1355 1271 1394 rebus
1291 1354 1445 1394 referre
1467 1368 1591 1406 quam

170 1428 210 1459 10
235 1426 402 1471 propter
421 1432 522 1470 quas
539 1418 752 1458 convocati
774 1425 925 1465 essent,
953 1417 1117 1457 decreto
1133 1417 1182 1456 de
1204 1416 1385 1457 exercitu
1405 1415 1590 1470 parando

236 1479 435 1519 adversus
450 1479 601 1519 Nabim
628 1479 738 1520 facto
765 1479 983 1520 concilium
1010 1479 1170 1519 fortiter
1191 1492 1238 1518 ac
1256 1478 1383 1518 libere
1403 1478 1590 1517 habitum

236 1541 402 1590 dimisit,
429 1541 534 1581 inter
561 1541 845 1581 adsentatores
872 1541 1008 1594 regios
1036 1548 1129 1580 ante
1156 1554 1246 1580 eam
1274 1540 1383 1579 diem
1408 1539 1588 1580 habitus.

172 1616 206 1644 11
234 1603 473 1658 Philippus,
500 1618 652 1657 magna
679 1618 751 1656 spe
778 1602 989 1656 depulsus,
1016 1602 1259 1642 voluntariis
1284 1601 1428 1656 paucis
1454 1600 1592 1641 militi-

234 1666 311 1705 bus
338 1665 583 1719 conscriptis
599 1664 847 1705 Corinthum
872 1672 995 1717 atque
1016 1664 1058 1703 in
1071 1664 1256 1704 Atticam
1281 1672 1433 1703 terram
1457 1662 1590 1703 rediit.

192 1739 205 1766 1
319 1726 495 1767 XXVI.
555 1727 638 1767 Per
681 1741 752 1767 eos
795 1726 909 1780 ipsos
956 1726 1043 1767 dies
1088 1725 1237 1778 quibus
1280 1725 1501 1779 Philippus
1549 1724 1592 1764 in

233 1788 397 1829 Achaia
422 1788 499 1829 fuit
534 1788 745 1829 Philocles
776 1789 1013 1843 praefectus
1046 1788 1188 1843 regius
1222 1803 1273 1828 ex
1297 1788 1474 1828 Euboea
1496 1801 1595 1841 pro-

233 1851 366 1891 fectus
395 1865 487 1891 cum
519 1851 680 1891 duobus
712 1851 877 1891 milibus
904 1851 1114 1892 Thracum
1140 1850 1508 1903 BIacedonumque
1540 1850 1592 1891 ad

235 1913 548 1967 depopulandos
575 1913 898 1954 Atheniensium
929 1913 1032 1953 fines
1064 1913 1234 1967 regione
1266 1912 1478 1953 Eleusinis
1511 1911 1592 1953 sal-

235 1982 322 2015 tum
349 1974 612 2016 Cithaeronis
645 1975 899 2016 transcendit
909 1991 920 2024 3
958 1975 1053 2015 inde
1080 1974 1249 2014 dimidia
1273 1981 1390 2029 parte
1415 1974 1591 2014 militum

235 2038 287 2077 ad
323 2037 608 2092 praedandum
644 2037 803 2092 passim
839 2052 913 2092 per
950 2052 1072 2091 agros
1111 2036 1300 2085 dimissa,
1344 2050 1438 2076 cum
1474 2044 1590 2090 parte

191 2110 208 2139 3
234 2099 323 2154 ipse
349 2099 534 2140 occultus
560 2100 651 2141 loco
677 2100 729 2139 ad
753 2099 926 2140 insidias
953 2106 1156 2153 oportuno
1183 2098 1382 2147 consedit,
1408 2105 1453 2138 ut
1480 2097 1514 2138 si
1540 2113 1589 2138 ex

234 2161 404 2202 castello
442 2163 494 2202 ab
530 2162 731 2202 Eleusine
767 2161 809 2201 in
845 2161 1083 2216 praedantis
1121 2175 1217 2201 suos
1259 2160 1423 2216 inpetus
1461 2160 1590 2209 fieret,

234 2232 403 2277 repente
430 2223 561 2264 hostis
588 2224 744 2264 effusos
772 2238 821 2264 ex
845 2223 1056 2278 inproviso
1089 2222 1329 2263 adoriretur.
1368 2237 1452 2263 non
1471 2222 1591 2263 fefel-

190 2296 209 2323 4
234 2285 316 2325 lere
337 2285 524 2326 insidiae.
550 2285 689 2339 itaque
708 2285 912 2327 revocatis
929 2285 998 2338 qui
1019 2285 1298 2325 discurrerant
1318 2285 1370 2325 ad
1388 2284 1591 2339 praedan-

235 2347 332 2387 dum
363 2348 561 2389 militibus
594 2348 889 2402 instructisque
927 2348 979 2388 ad
1011 2348 1338 2402 obpugnandum
1375 2347 1589 2388 castellum

234 2408 476 2450 'Eleusinem
501 2411 712 2464 profectus
740 2425 834 2450 cum
859 2410 997 2451 multis
1029 2410 1126 2451 inde
1151 2410 1391 2450 vulneribus
1418 2409 1589 2450 recessit

190 2481 208 2509 5
233 2469 510 2524 Philippoque
544 2487 587 2512 se
621 2473 802 2513 venienti
832 2488 882 2513 ex
909 2472 1072 2513 Achaia
1104 2472 1328 2514 coniunxit.
1390 2477 1591 2525 temptata

235 2539 274 2570 ct
300 2532 351 2570 ab
377 2533 467 2585 ipso
494 2548 591 2587 rege
618 2535 872 2588 obpugnatio
900 2535 1085 2575 eiusdem
1113 2534 1271 2575 castelli
1297 2541 1373 2574 est.
1418 2533 1492 2574 sed
1516 2547 1589 2573 na-

235 2606 306 2631 ves
332 2593 546 2634 Romanae
573 2611 596 2636 a
620 2596 770 2637 Piraeo
798 2597 1008 2638 venientes
1040 2596 1406 2648 intromissumque
1431 2593 1588 2649 praesi-

190 2665 208 2695 6
236 2653 347 2693 dium
374 2655 573 2696 absistere
600 2656 763 2710 incepto
789 2666 1026 2712 coegerunt.
1071 2658 1204 2698 diviso
1231 2657 1378 2698 deinde
1404 2655 1587 2697 exercitu

190 1985 208 2014 10
