1799 2900
502 126 655 160 LissssR
679 126 845 170 xxxv,
873 127 924 160 10.
950 127 999 161 11.
1031 129 1079 170 [a.
1094 127 1134 160 e.
1148 126 1229 170 193]
1466 116 1545 157 183

188 230 304 280 facti3
344 230 447 271 adeo
479 244 530 270 ne
566 228 607 269 in
639 229 801 283 plebeio
835 230 1002 283 quidem
1034 229 1222 278 consule,
1261 243 1356 269 cum
1386 243 1461 283 pro
1494 226 1544 269 C.

188 293 335 334 Laelio
361 292 572 340 niteretur,
600 291 826 332 Africanus
854 292 994 333 valuit.
1048 299 1216 347 postero
1243 291 1308 332 die
1333 298 1544 346 praetores
1574 305 1607 334 11

188 355 314 396 creati
344 355 397 395 L.
426 353 669 394 Scribonius
702 354 831 402 Libo,
869 354 931 394 M.
956 354 1131 394 Fulvius
1166 352 1458 401 Centumalus,
1489 353 1544 392 A.

189 417 343 457 Atilius
384 415 609 463 Serranus,
647 415 710 456 M.
742 416 926 456 Baebius
959 416 1226 470 Tamphilus,
1266 416 1318 456 L.
1350 414 1544 458 Valerius

187 479 354 534 Tappo,
394 478 447 530 Q.
482 477 678 518 Salonius
713 477 852 518 Sarra.
914 478 1102 519 aedilitas
1139 477 1314 532 insignis
1352 492 1400 517 eo
1439 491 1545 517 anno

187 540 266 582 fuit
295 541 357 581 M,
384 540 540 580 Aemili
573 540 725 594 Lepidi
757 547 797 581 et
828 541 880 580 L.
908 540 1063 581 Aemili
1096 540 1229 580 Pauli.
1289 539 1442 579 multos
1474 553 1546 592 pe·
1574 552 1611 582 12

187 603 349 644 cuarios
372 603 632 651 damnarunt,
660 617 708 642 ex
733 618 782 643 ea
806 603 983 658 pecunia
1005 603 1137 657 clipea
1157 603 1345 642 inaurata
1364 602 1406 641 in
1431 600 1547 640 fasti-

187 665 255 720 gio
282 665 394 706 Iovis
422 665 535 706 aedis
562 675 802 719 posuerunt.
864 665 1068 720 porticum
1093 680 1219 704 unam
1245 671 1361 705 extra
1385 674 1547 718 portam

187 728 494 782 Trigeminam,
532 728 716 782 emporio
755 728 807 768 ad
845 727 1030 768 Tiberim
1069 728 1242 775 adiecto,
1283 727 1455 766 alteram
1493 726 1545 766 ab

186 799 306 845 porta
335 789 545 830 Fontinali
582 789 635 829 ad
665 790 816 831 Martis
855 805 987 839 aram,
1026 804 1107 843 qua
1144 789 1186 829 in
1225 787 1433 843 Campum
1469 787 1547 828 iter

188 862 311 899 esset,
337 853 633 907 perduxerunt.

270 914 355 954 XI.
404 914 491 954 Diu
516 913 617 953 nihil
642 913 684 953 in
704 913 933 967 Liguribus
960 913 1133 967 dignum
1158 912 1356 953 memoria
1382 919 1547 966 gestum
1576 927 1591 954 1

187 984 286 1023 erat,
315 984 498 1016 extremo
526 976 612 1016 eius
641 975 736 1015 anni
763 975 825 1016 bis
845 975 887 1015 in
913 990 1112 1029 magnum
1137 975 1366 1029 periculum
1388 989 1454 1014 res
1477 974 1548 1013 ad-

187 1039 310 1078 ducta
336 1047 411 1078 est.
471 1052 566 1077 nam
593 1044 631 1077 et
659 1044 794 1076 castra
819 1037 1001 1077 consulis
1029 1037 1270 1090 obpugnata
1301 1050 1424 1090 aegre
1450 1042 1545 1076 sunt

187 1100 373 1147 defensa,
400 1107 440 1139 et
464 1114 548 1139 non
572 1098 630 1138 ita
655 1098 784 1138 multo
808 1106 904 1152 post
930 1113 1004 1152 per
1031 1098 1181 1138 saltum
1202 1106 1425 1151 angustum
1453 1111 1547 1137 eum

186 1162 405 1201 duceretur
432 1175 582 1215 agmen
596 1160 849 1208 Romanum,
876 1160 989 1214 ipsas
1016 1160 1159 1200 fauces
1187 1159 1392 1199 exercitus
1414 1159 1548 1212 Ligu-

184 1239 275 1264 rum
295 1223 460 1264 insedit.
500 1237 581 1275 qua
602 1236 695 1262 eum
715 1223 850 1262 exitus
866 1237 949 1262 non
963 1230 1136 1277 pateret,
1159 1235 1360 1262 converso
1382 1220 1547 1274 agmine
1574 1237 1592 1266 3

184 1285 317 1325 redire
343 1284 490 1324 institit
516 1284 674 1325 consul.
713 1292 753 1325 et
779 1285 830 1325 ab
858 1292 975 1338 tergo
1001 1285 1143 1324 fauces
1172 1283 1300 1324 saltus
1322 1293 1548 1337 occupatae

185 1363 209 1387 a
233 1355 350 1402 parte
382 1346 565 1387 hostIum
597 1356 714 1386 erant
741 1345 1040 1400 Caudinaeque
1072 1346 1201 1386 cladis
1236 1345 1435 1386 memoria
1465 1360 1549 1385 non

185 1410 332 1451 animis
365 1410 508 1458 modo,
548 1409 623 1450 sed
652 1425 783 1464 prope
809 1410 938 1451 oculis
970 1409 1284 1451 obversabatur.
1343 1407 1546 1450 Numidas
1573 1421 1589 1449 -1

185 1473 447 1526 octingentos
480 1472 609 1512 ferme
641 1472 799 1525 equites
831 1472 938 1513 inter
963 1472 1118 1512 auxilia
1149 1471 1342 1512 habebat.
1405 1485 1546 1511 eorum

185 1536 420 1589 praefectus
442 1534 601 1574 consuli
626 1534 856 1588 pollicetur,
885 1549 928 1574 se
950 1542 1066 1588 parte
1088 1541 1179 1574 utra
1200 1533 1323 1573 vellet
1346 1547 1439 1573 cum
1461 1532 1546 1572 suis

186 1604 441 1650 erupturum,
468 1604 628 1636 tantum
654 1596 712 1636 uti
738 1596 905 1645 diceret,
932 1605 1023 1636 utra
1047 1612 1143 1650 pars
1171 1595 1424 1649 frequentior
1448 1595 1545 1635 vicis
1574 1607 1592 1635 5

187 1666 316 1699 esset:
354 1658 396 1697 in
429 1673 499 1698 eos
533 1673 576 1698 se
607 1658 794 1712 inpetum
831 1658 1037 1698 facturum
1070 1666 1110 1698 et
1141 1658 1242 1698 nihii
1278 1658 1392 1712 prius
1424 1672 1547 1709 quam

186 1721 396 1760 flammam
428 1719 547 1760 tectis
578 1719 842 1768 iniecturum,
875 1727 919 1759 ut
950 1719 985 1760 is
1011 1735 1140 1774 pavor
1171 1727 1339 1773 cogeret
1363 1718 1546 1773 Ligures

187 1782 387 1823 excedere
420 1782 545 1830 saltu,
585 1796 707 1835 quem
733 1782 993 1831 obsiderent,
1027 1789 1067 1822 et
1092 1782 1322 1822 discurrere
1349 1781 1401 1821 ad
1426 1796 1548 1835 opem

186 1844 401 1885 ferendam
427 1844 526 1884 suis.
565 1844 858 1884 conlaudatum
883 1859 977 1884 eum
1004 1844 1146 1884 consul
1173 1858 1245 1898 spe
1271 1843 1548 1898 praemiorum
1575 1855 1592 1884 6

186 1914 342 1947 onerat.
402 1906 608 1946 Numidae
643 1921 770 1959 equos
797 1906 1101 1954 conscendunt,
1134 1914 1174 1946 et
1200 1905 1439 1958 obequitare
1466 1915 1549 1945 sta-

187 1968 369 2008 tionibus
395 1968 596 2018 hostium,
623 1968 831 2009 neminem
857 1969 1131 2016 lacessentes,
1159 1976 1396 2022 coeperunt.
1445 1968 1547 2007 nihil
1576 1980 1590 2007 7

185 2030 318 2085 primo
345 2031 546 2085 adspectu
578 2031 875 2085 contemptius:
909 2030 1004 2083 equi
1029 2030 1300 2082 hominesque
1326 2030 1482 2084 paululi
1508 2038 1548 2070 et

187 2093 382 2146 graciles,
422 2093 647 2133 discinctus
681 2101 721 2133 et
745 2092 913 2133 inermis
942 2107 1088 2144 eques,
1121 2102 1410 2146 praeterquam
1436 2092 1548 2145 quod

188 2155 322 2194 iacula
348 2169 487 2194 secum
514 2164 668 2209 portat,
702 2155 795 2208 equi
823 2155 910 2195 sine
936 2154 1084 2203 frenis,
1118 2154 1314 2195 deformis
1340 2154 1430 2208 ipse
1456 2168 1547 2194 cur-
1572 2161 1591 2191 8

189 2231 259 2256 sus
280 2217 413 2270 rigida
436 2217 594 2257 cervice
616 2224 655 2257 et
675 2226 842 2258 extento
863 2217 996 2271 eapite
1019 2216 1283 2257 currentium.
1322 2216 1431 2256 hunc
1451 2230 1548 2256 eon—

190 2286 391 2331 temptum
418 2279 467 2318 de
493 2278 696 2319 industria
721 2286 923 2332 augentes
949 2279 1034 2319 labi
1059 2294 1110 2318 ex
1136 2278 1251 2330 equis
1279 2286 1318 2318 et
1343 2293 1416 2332 per
1441 2278 1548 2317 ludi-

189 2339 323 2379 brium
350 2340 585 2393 spectaculo
606 2355 712 2380 esse.
751 2341 889 2392 itaque
910 2341 979 2392 qui
997 2340 1130 2394 primo
1151 2340 1297 2380 intenti
1317 2340 1544 2394 paratique,
1574 2347 1590 2376 9

191 2402 225 2441 si
250 2401 569 2450 lacesserentur,
603 2402 645 2442 in
672 2403 918 2443 stationibus
951 2403 1133 2451 fuerant,
1164 2403 1247 2442 iam
1277 2402 1455 2442 inermes
1483 2417 1547 2442 se-

191 2463 417 2516 dentesque
443 2479 538 2518 pars
559 2464 741 2504 maxima
767 2465 1022 2518 spectabant.
1060 2464 1265 2505 Numidae
1293 2464 1545 2517 adequitare,
1575 2478 1614 2506 10

191 2525 286 2565 dein
311 2526 522 2579 refugere,
556 2527 630 2566 sed
653 2527 824 2581 propius
857 2527 1008 2566 saltum
1039 2526 1237 2582 paulatim
1264 2526 1401 2574 evehi,
1435 2526 1548 2566 velut

191 2602 294 2640 quos
320 2587 544 2642 inpotentis
570 2589 743 2643 regendi
769 2589 862 2642 equi
887 2589 1040 2630 invitos
1067 2590 1272 2630 efferrent.
1333 2597 1544 2644 postremo

1572 1050 1590 1079 [Ο
