<?xml version="1.0" encoding="UTF-8"?>
<!DOCTYPE html PUBLIC "-//W3C//DTD XHTML 1.0 Transitional//EN"
    "http://www.w3.org/TR/xhtml1/DTD/xhtml1-transitional.dtd">
<html xmlns="http://www.w3.org/1999/xhtml" xml:lang="en" lang="en">
 <head>
  <title>
</title>
<meta http-equiv="Content-Type" content="text/html;charset=utf-8" />
  <meta name='ocr-system' content='tesseract 3.04.00' />
  <meta name='ocr-capabilities' content='ocr_page ocr_carea ocr_par ocr_line ocrx_word'/>
</head>
<body>
  <div class='ocr_page' id='page_1' title='image "./aburbeconditalib03livyuoft_0295.png"; bbox 0 0 1799 2900; ppageno 0'>
   <div class='ocr_carea' id='block_1_1' title="bbox 522 97 1557 151">
    <p class='ocr_par' dir='ltr' id='par_1_1' title="bbox 522 97 1557 151">
     <span class='ocr_line' id='line_1_1' title="bbox 522 97 1557 151; baseline 0.002 -12"><span class='ocrx_word' id='word_1_1' title='bbox 522 105 676 139; x_wconf 83' lang='lat' dir='ltr'>LIBER</span> <span class='ocrx_word' id='word_1_2' title='bbox 700 106 868 151; x_wconf 80' lang='lat' dir='ltr'>XXXV,</span> <span class='ocrx_word' id='word_1_3' title='bbox 892 106 946 141; x_wconf 80' lang='lat'>48.</span> <span class='ocrx_word' id='word_1_4' title='bbox 966 106 1020 140; x_wconf 81' lang='lat'>49.</span> <span class='ocrx_word' id='word_1_5' title='bbox 1050 108 1098 149; x_wconf 81' lang='lat' dir='ltr'>[a.</span> <span class='ocrx_word' id='word_1_6' title='bbox 1113 105 1152 140; x_wconf 86' lang='grc'>0.</span> <span class='ocrx_word' id='word_1_7' title='bbox 1168 106 1248 149; x_wconf 77' lang='lat'>192]</span> <span class='ocrx_word' id='word_1_8' title='bbox 1473 97 1557 141; x_wconf 78' lang='lat'>215</span> 
     </span>
    </p>
   </div>
   <div class='ocr_carea' id='block_1_2' title="bbox 207 206 1564 2490">
    <p class='ocr_par' dir='ltr' id='par_1_2' title="bbox 207 206 1564 2060">
     <span class='ocr_line' id='line_1_2' title="bbox 210 206 1562 263; baseline -0.002 -12"><span class='ocrx_word' id='word_1_9' title='bbox 210 210 336 252; x_wconf 87' lang='lat' dir='ltr'>sando</span> <span class='ocrx_word' id='word_1_10' title='bbox 352 209 502 250; x_wconf 88' lang='lat' dir='ltr'>auditis</span> <span class='ocrx_word' id='word_1_11' title='bbox 515 209 707 257; x_wconf 87' lang='lat' dir='ltr'>terrebat,</span> <span class='ocrx_word' id='word_1_12' title='bbox 722 209 884 259; x_wconf 86' lang='lat' dir='ltr'>Dahas,</span> <span class='ocrx_word' id='word_1_13' title='bbox 904 209 1070 257; x_wconf 84' lang='lat' dir='ltr'>Medos,</span> <span class='ocrx_word' id='word_1_14' title='bbox 1090 209 1399 263; x_wconf 72' lang='lat' dir='ltr'>Elymaeosque</span> <span class='ocrx_word' id='word_1_15' title='bbox 1419 216 1460 249; x_wconf 87' lang='lat' dir='ltr'>et</span> <span class='ocrx_word' id='word_1_16' title='bbox 1480 206 1562 249; x_wconf 88' lang='lat' dir='ltr'>Ca-</span> 
     </span>
     <span class='ocr_line' id='line_1_3' title="bbox 209 269 1564 326; baseline -0.002 -13"><span class='ocrx_word' id='word_1_17' title='bbox 209 272 350 314; x_wconf 78' lang='lat' dir='ltr'>dusios</span> <span class='ocrx_word' id='word_1_18' title='bbox 372 271 606 326; x_wconf 87' lang='lat' dir='ltr'>adpcllans:</span> <span class='ocrx_word' id='word_1_19' title='bbox 633 271 843 312; x_wconf 82' lang='lat' dir='ltr'>navalium</span> <span class='ocrx_word' id='word_1_20' title='bbox 865 286 962 312; x_wconf 87' lang='lat' dir='ltr'>vero</span> <span class='ocrx_word' id='word_1_21' title='bbox 977 271 1200 326; x_wconf 87' lang='lat' dir='ltr'>copiarum,</span> <span class='ocrx_word' id='word_1_22' title='bbox 1226 285 1329 324; x_wconf 89' lang='lat' dir='ltr'>quas</span> <span class='ocrx_word' id='word_1_23' title='bbox 1349 269 1450 310; x_wconf 89' lang='lat' dir='ltr'>nulli</span> <span class='ocrx_word' id='word_1_24' title='bbox 1468 285 1564 324; x_wconf 88' lang='lat' dir='ltr'>por-</span> 
     </span>
     <span class='ocr_line' id='line_1_4' title="bbox 209 331 1561 388; baseline -0.001 -14"><span class='ocrx_word' id='word_1_25' title='bbox 209 343 274 375; x_wconf 89' lang='lat' dir='ltr'>tus</span> <span class='ocrx_word' id='word_1_26' title='bbox 302 348 448 388; x_wconf 84' lang='lat' dir='ltr'>capere</span> <span class='ocrx_word' id='word_1_27' title='bbox 479 333 521 373; x_wconf 90' lang='lat' dir='ltr'>in</span> <span class='ocrx_word' id='word_1_28' title='bbox 548 332 726 374; x_wconf 76' lang='lat' dir='ltr'>Graecia</span> <span class='ocrx_word' id='word_1_29' title='bbox 756 342 946 388; x_wconf 75' lang='lat' dir='ltr'>possent,</span> <span class='ocrx_word' id='word_1_30' title='bbox 986 333 1175 374; x_wconf 79' lang='lat' dir='ltr'>dextrum</span> <span class='ocrx_word' id='word_1_31' title='bbox 1213 347 1341 373; x_wconf 90' lang='lat' dir='ltr'>cornu</span> <span class='ocrx_word' id='word_1_32' title='bbox 1367 331 1561 373; x_wconf 85' lang='lat' dir='ltr'>Sidonios</span> 
     </span>
     <span class='ocr_line' id='line_1_5' title="bbox 209 393 1560 450; baseline -0.002 -13"><span class='ocrx_word' id='word_1_33' title='bbox 209 404 250 437; x_wconf 84' lang='lat' dir='ltr'>et</span> <span class='ocrx_word' id='word_1_34' title='bbox 279 396 450 450; x_wconf 77' lang='lat' dir='ltr'>Tyrios,</span> <span class='ocrx_word' id='word_1_35' title='bbox 490 395 704 436; x_wconf 86' lang='lat' dir='ltr'>sinistrum</span> <span class='ocrx_word' id='word_1_36' title='bbox 728 395 911 436; x_wconf 82' lang='lat' dir='ltr'>Aradios</span> <span class='ocrx_word' id='word_1_37' title='bbox 948 404 988 436; x_wconf 87' lang='lat' dir='ltr'>et</span> <span class='ocrx_word' id='word_1_38' title='bbox 1025 411 1077 436; x_wconf 80' lang='lat' dir='ltr'>ex</span> <span class='ocrx_word' id='word_1_39' title='bbox 1111 395 1362 449; x_wconf 72' lang='lat' dir='ltr'>Pamphylia</span> <span class='ocrx_word' id='word_1_40' title='bbox 1395 393 1560 435; x_wconf 83' lang='lat' dir='ltr'>Sidetas</span> 
     </span>
     <span class='ocr_line' id='line_1_6' title="bbox 209 456 1561 511; baseline -0.001 -13"><span class='ocrx_word' id='word_1_41' title='bbox 209 466 366 506; x_wconf 86' lang='lat' dir='ltr'>tenere,</span> <span class='ocrx_word' id='word_1_42' title='bbox 400 472 502 510; x_wconf 87' lang='lat' dir='ltr'>quas</span> <span class='ocrx_word' id='word_1_43' title='bbox 535 466 680 511; x_wconf 77' lang='lat' dir='ltr'>gentes</span> <span class='ocrx_word' id='word_1_44' title='bbox 706 457 843 498; x_wconf 90' lang='lat' dir='ltr'>nullae</span> <span class='ocrx_word' id='word_1_45' title='bbox 869 471 1066 510; x_wconf 86' lang='lat' dir='ltr'>umquam</span> <span class='ocrx_word' id='word_1_46' title='bbox 1097 471 1174 497; x_wconf 89' lang='lat' dir='ltr'>nec</span> <span class='ocrx_word' id='word_1_47' title='bbox 1199 465 1285 497; x_wconf 86' lang='lat' dir='ltr'>arte</span> <span class='ocrx_word' id='word_1_48' title='bbox 1310 471 1386 497; x_wconf 89' lang='grc'><strong>1100</strong></span> <span class='ocrx_word' id='word_1_49' title='bbox 1412 456 1561 496; x_wconf 79' lang='lat' dir='ltr'>virtute</span> 
     </span>
     <span class='ocr_line' id='line_1_7' title="bbox 208 518 1562 574; baseline -0.001 -14"><span class='ocrx_word' id='word_1_50' title='bbox 208 519 346 560; x_wconf 84' lang='lat' dir='ltr'>navali</span> <span class='ocrx_word' id='word_1_51' title='bbox 372 527 634 572; x_wconf 78' lang='lat' dir='ltr'>aequassent.</span> <span class='ocrx_word' id='word_1_52' title='bbox 672 518 754 559; x_wconf 88' lang='lat' dir='ltr'>iam</span> <span class='ocrx_word' id='word_1_53' title='bbox 779 519 1011 574; x_wconf 88' lang='lat' dir='ltr'>pecuniam,</span> <span class='ocrx_word' id='word_1_54' title='bbox 1036 519 1117 559; x_wconf 88' lang='lat' dir='ltr'>iam</span> <span class='ocrx_word' id='word_1_55' title='bbox 1144 519 1245 559; x_wconf 89' lang='lat' dir='ltr'>alios</span> <span class='ocrx_word' id='word_1_56' title='bbox 1271 518 1368 559; x_wconf 88' lang='lat' dir='ltr'>belli</span> <span class='ocrx_word' id='word_1_57' title='bbox 1389 519 1562 573; x_wconf 87' lang='lat' dir='ltr'>adpara-</span> 
     </span>
     <span class='ocr_line' id='line_1_8' title="bbox 209 581 1562 636; baseline -0.001 -14"><span class='ocrx_word' id='word_1_58' title='bbox 209 595 275 623; x_wconf 85' lang='lat' dir='ltr'>tus</span> <span class='ocrx_word' id='word_1_59' title='bbox 301 581 457 622; x_wconf 83' lang='lat' dir='ltr'>referre</span> <span class='ocrx_word' id='word_1_60' title='bbox 489 596 845 636; x_wconf 86' lang='lat' dir='ltr'>supervacaneum</span> <span class='ocrx_word' id='word_1_61' title='bbox 870 596 981 630; x_wconf 83' lang='lat' dir='ltr'>esse3</span> <span class='ocrx_word' id='word_1_62' title='bbox 1021 583 1125 622; x_wconf 91' lang='lat' dir='ltr'>scire</span> <span class='ocrx_word' id='word_1_63' title='bbox 1157 581 1289 636; x_wconf 88' lang='lat' dir='ltr'>ipsos,</span> <span class='ocrx_word' id='word_1_64' title='bbox 1328 581 1562 621; x_wconf 79' lang='lat' dir='ltr'>abundasse</span> 
     </span>
     <span class='ocr_line' id='line_1_9' title="bbox 211 642 1562 699; baseline -0.002 -14"><span class='ocrx_word' id='word_1_65' title='bbox 211 660 374 699; x_wconf 81' lang='lat' dir='ltr'>semper</span> <span class='ocrx_word' id='word_1_66' title='bbox 400 659 500 685; x_wconf 90' lang='lat' dir='ltr'>auro</span> <span class='ocrx_word' id='word_1_67' title='bbox 525 660 656 699; x_wconf 78' lang='lat' dir='ltr'>regna</span> <span class='ocrx_word' id='word_1_68' title='bbox 679 644 823 684; x_wconf 89' lang='lat' dir='ltr'>Asiae.</span> <span class='ocrx_word' id='word_1_69' title='bbox 877 644 1015 697; x_wconf 86' lang='lat' dir='ltr'>itaque</span> <span class='ocrx_word' id='word_1_70' title='bbox 1040 659 1121 684; x_wconf 91' lang='lat' dir='ltr'>non</span> <span class='ocrx_word' id='word_1_71' title='bbox 1149 658 1241 683; x_wconf 90' lang='lat' dir='ltr'>cum</span> <span class='ocrx_word' id='word_1_72' title='bbox 1265 642 1460 697; x_wconf 86' lang='lat' dir='ltr'>Philippo</span> <span class='ocrx_word' id='word_1_73' title='bbox 1486 655 1562 683; x_wconf 93' lang='lat' dir='ltr'>nec</span> 
     </span>
     <span class='ocr_line' id='line_1_10' title="bbox 209 704 1561 759; baseline -0.002 -13"><span class='ocrx_word' id='word_1_74' title='bbox 209 706 448 747; x_wconf 80' lang='lat' dir='ltr'>Hannibale</span> <span class='ocrx_word' id='word_1_75' title='bbox 480 721 568 746; x_wconf 90' lang='lat' dir='ltr'>rem</span> <span class='ocrx_word' id='word_1_76' title='bbox 598 706 780 746; x_wconf 87' lang='lat' dir='ltr'>futuram</span> <span class='ocrx_word' id='word_1_77' title='bbox 805 706 1026 754; x_wconf 84' lang='lat' dir='ltr'>Romanis,</span> <span class='ocrx_word' id='word_1_78' title='bbox 1064 705 1250 759; x_wconf 80' lang='lat' dir='ltr'>principe</span> <span class='ocrx_word' id='word_1_79' title='bbox 1282 705 1410 745; x_wconf 87' lang='lat' dir='ltr'>altero</span> <span class='ocrx_word' id='word_1_80' title='bbox 1440 704 1561 744; x_wconf 90' lang='lat' dir='ltr'>unius</span> 
     </span>
     <span class='ocr_line' id='line_1_11' title="bbox 210 766 1561 821; baseline -0.002 -13"><span class='ocrx_word' id='word_1_81' title='bbox 210 768 407 816; x_wconf 84' lang='lat' dir='ltr'>civitatis,</span> <span class='ocrx_word' id='word_1_82' title='bbox 435 768 561 808; x_wconf 89' lang='lat' dir='ltr'>altero</span> <span class='ocrx_word' id='word_1_83' title='bbox 587 768 861 808; x_wconf 59' lang='lat' dir='ltr'>RIacedoniae</span> <span class='ocrx_word' id='word_1_84' title='bbox 887 775 1046 808; x_wconf 89' lang='lat' dir='ltr'>tantum</span> <span class='ocrx_word' id='word_1_85' title='bbox 1070 767 1187 821; x_wconf 78' lang='lat' dir='ltr'>regni</span> <span class='ocrx_word' id='word_1_86' title='bbox 1212 766 1363 806; x_wconf 87' lang='lat' dir='ltr'>finibus</span> <span class='ocrx_word' id='word_1_87' title='bbox 1389 766 1561 813; x_wconf 88' lang='lat' dir='ltr'>incluso,</span> 
     </span>
     <span class='ocr_line' id='line_1_12' title="bbox 211 828 1561 883; baseline -0.002 -13"><span class='ocrx_word' id='word_1_88' title='bbox 211 830 286 870; x_wconf 90' lang='lat' dir='ltr'>scd</span> <span class='ocrx_word' id='word_1_89' title='bbox 323 844 416 869; x_wconf 90' lang='lat' dir='ltr'>cum</span> <span class='ocrx_word' id='word_1_90' title='bbox 452 845 605 883; x_wconf 77' lang='lat' dir='ltr'>magno</span> <span class='ocrx_word' id='word_1_91' title='bbox 642 829 772 870; x_wconf 83' lang='lat' dir='ltr'>Asiae</span> <span class='ocrx_word' id='word_1_92' title='bbox 812 829 936 870; x_wconf 91' lang='lat' dir='ltr'>totius</span> <span class='ocrx_word' id='word_1_93' title='bbox 977 828 1188 883; x_wconf 87' lang='lat' dir='ltr'>partisque</span> <span class='ocrx_word' id='word_1_94' title='bbox 1219 829 1414 882; x_wconf 84' lang='lat' dir='ltr'>Europae</span> <span class='ocrx_word' id='word_1_95' title='bbox 1449 842 1561 881; x_wconf 78' lang='lat' dir='ltr'>rege.</span> 
     </span>
     <span class='ocr_line' id='line_1_13' title="bbox 210 888 1563 944; baseline -0.003 -12"><span class='ocrx_word' id='word_1_96' title='bbox 210 907 305 933; x_wconf 89' lang='lat' dir='ltr'>eum</span> <span class='ocrx_word' id='word_1_97' title='bbox 337 900 492 940; x_wconf 90' lang='lat' dir='ltr'>tamen,</span> <span class='ocrx_word' id='word_1_98' title='bbox 532 906 782 944; x_wconf 85' lang='lat' dir='ltr'>quamquam</span> <span class='ocrx_word' id='word_1_99' title='bbox 814 892 866 932; x_wconf 89' lang='lat' dir='ltr'>ab</span> <span class='ocrx_word' id='word_1_100' title='bbox 898 890 1054 931; x_wconf 85' lang='lat' dir='ltr'>ultimis</span> <span class='ocrx_word' id='word_1_101' title='bbox 1087 890 1255 931; x_wconf 88' lang='lat' dir='ltr'>orientis</span> <span class='ocrx_word' id='word_1_102' title='bbox 1293 889 1477 930; x_wconf 89' lang='lat' dir='ltr'>terminis</span> <span class='ocrx_word' id='word_1_103' title='bbox 1511 888 1563 929; x_wconf 87' lang='lat' dir='ltr'>ad</span> 
     </span>
     <span class='ocr_line' id='line_1_14' title="bbox 209 950 1559 1006; baseline -0.003 -12"><span class='ocrx_word' id='word_1_104' title='bbox 209 954 466 994; x_wconf 81' lang='lat' dir='ltr'>liberandam</span> <span class='ocrx_word' id='word_1_105' title='bbox 494 953 715 994; x_wconf 82' lang='lat' dir='ltr'>Graeciam</span> <span class='ocrx_word' id='word_1_106' title='bbox 741 953 897 1001; x_wconf 79' lang='lat' dir='ltr'>veniat,</span> <span class='ocrx_word' id='word_1_107' title='bbox 923 952 1024 992; x_wconf 90' lang='lat' dir='ltr'>nihil</span> <span class='ocrx_word' id='word_1_108' title='bbox 1049 952 1259 1006; x_wconf 88' lang='lat' dir='ltr'>postulare</span> <span class='ocrx_word' id='word_1_109' title='bbox 1285 952 1337 992; x_wconf 88' lang='lat' dir='ltr'>ab</span> <span class='ocrx_word' id='word_1_110' title='bbox 1362 950 1559 999; x_wconf 78' lang='lat' dir='ltr'>Achaeis,</span> 
     </span>
     <span class='ocr_line' id='line_1_15' title="bbox 209 1013 1561 1068; baseline -0.003 -12"><span class='ocrx_word' id='word_1_111' title='bbox 209 1017 252 1056; x_wconf 89' lang='lat' dir='ltr'>in</span> <span class='ocrx_word' id='word_1_112' title='bbox 287 1030 368 1068; x_wconf 87' lang='lat' dir='ltr'>quo</span> <span class='ocrx_word' id='word_1_113' title='bbox 404 1015 506 1055; x_wconf 88' lang='lat' dir='ltr'>fides</span> <span class='ocrx_word' id='word_1_114' title='bbox 545 1030 686 1055; x_wconf 88' lang='lat' dir='ltr'>eorum</span> <span class='ocrx_word' id='word_1_115' title='bbox 724 1015 922 1055; x_wconf 79' lang='lat' dir='ltr'>adversus</span> <span class='ocrx_word' id='word_1_116' title='bbox 959 1014 1193 1061; x_wconf 85' lang='lat' dir='ltr'>Romanos,</span> <span class='ocrx_word' id='word_1_117' title='bbox 1231 1014 1388 1067; x_wconf 86' lang='lat' dir='ltr'>priores</span> <span class='ocrx_word' id='word_1_118' title='bbox 1426 1013 1561 1053; x_wconf 88' lang='lat' dir='ltr'>socios</span> 
     </span>
     <span class='ocr_line' id='line_1_16' title="bbox 210 1075 1561 1130; baseline -0.003 -12"><span class='ocrx_word' id='word_1_119' title='bbox 210 1087 333 1130; x_wconf 85' lang='lat' dir='ltr'>atque</span> <span class='ocrx_word' id='word_1_120' title='bbox 359 1077 527 1125; x_wconf 88' lang='lat' dir='ltr'>amicos,</span> <span class='ocrx_word' id='word_1_121' title='bbox 554 1076 753 1116; x_wconf 86' lang='lat' dir='ltr'>laedatur.</span> <span class='ocrx_word' id='word_1_122' title='bbox 792 1091 876 1116; x_wconf 92' lang='lat' dir='ltr'>non</span> <span class='ocrx_word' id='word_1_123' title='bbox 902 1075 1011 1116; x_wconf 91' lang='lat' dir='ltr'>enim</span> <span class='ocrx_word' id='word_1_124' title='bbox 1031 1083 1076 1114; x_wconf 88' lang='lat' dir='ltr'>ut</span> <span class='ocrx_word' id='word_1_125' title='bbox 1102 1089 1242 1115; x_wconf 89' lang='lat' dir='ltr'>secum</span> <span class='ocrx_word' id='word_1_126' title='bbox 1269 1075 1468 1115; x_wconf 79' lang='lat' dir='ltr'>adversus</span> <span class='ocrx_word' id='word_1_127' title='bbox 1491 1089 1561 1115; x_wconf 91' lang='lat' dir='ltr'>eos</span> 
     </span>
     <span class='ocr_line' id='line_1_17' title="bbox 210 1137 1561 1192; baseline -0.002 -13"><span class='ocrx_word' id='word_1_128' title='bbox 210 1154 323 1179; x_wconf 91' lang='lat' dir='ltr'>arma</span> <span class='ocrx_word' id='word_1_129' title='bbox 348 1138 524 1192; x_wconf 87' lang='lat' dir='ltr'>capiant,</span> <span class='ocrx_word' id='word_1_130' title='bbox 553 1138 628 1178; x_wconf 88' lang='lat' dir='ltr'>sed</span> <span class='ocrx_word' id='word_1_131' title='bbox 652 1145 696 1178; x_wconf 89' lang='lat' dir='ltr'>ut</span> <span class='ocrx_word' id='word_1_132' title='bbox 720 1137 855 1178; x_wconf 84' lang='lat' dir='ltr'>neutri</span> <span class='ocrx_word' id='word_1_133' title='bbox 879 1137 985 1192; x_wconf 87' lang='lat' dir='ltr'>parti</span> <span class='ocrx_word' id='word_1_134' title='bbox 1012 1152 1103 1178; x_wconf 89' lang='lat' dir='ltr'>sese</span> <span class='ocrx_word' id='word_1_135' title='bbox 1131 1137 1383 1190; x_wconf 72' lang='lat' dir='ltr'>coniungant.</span> <span class='ocrx_word' id='word_1_136' title='bbox 1408 1145 1561 1191; x_wconf 86' lang='lat' dir='ltr'>petere.</span> 
     </span>
     <span class='ocr_line' id='line_1_18' title="bbox 208 1198 1561 1255; baseline -0.002 -15"><span class='ocrx_word' id='word_1_137' title='bbox 208 1214 354 1255; x_wconf 89' lang='lat' dir='ltr'>pacem</span> <span class='ocrx_word' id='word_1_138' title='bbox 379 1199 541 1252; x_wconf 84' lang='lat' dir='ltr'>utrique</span> <span class='ocrx_word' id='word_1_139' title='bbox 567 1199 691 1254; x_wconf 86' lang='lat' dir='ltr'>parti,</span> <span class='ocrx_word' id='word_1_140' title='bbox 720 1199 830 1252; x_wconf 89' lang='lat' dir='ltr'>quod</span> <span class='ocrx_word' id='word_1_141' title='bbox 855 1200 1013 1240; x_wconf 90' lang='lat' dir='ltr'>medios</span> <span class='ocrx_word' id='word_1_142' title='bbox 1041 1199 1185 1239; x_wconf 86' lang='lat' dir='ltr'>deceat</span> <span class='ocrx_word' id='word_1_143' title='bbox 1211 1198 1378 1245; x_wconf 86' lang='lat' dir='ltr'>amicos,</span> <span class='ocrx_word' id='word_1_144' title='bbox 1406 1206 1561 1252; x_wconf 84' lang='lat' dir='ltr'>optent,</span> 
     </span>
     <span class='ocr_line' id='line_1_19' title="bbox 208 1260 1562 1316; baseline -0.002 -13"><span class='ocrx_word' id='word_1_145' title='bbox 208 1262 316 1303; x_wconf 88' lang='lat' dir='ltr'>bello</span> <span class='ocrx_word' id='word_1_146' title='bbox 343 1276 387 1302; x_wconf 89' lang='lat' dir='ltr'>se</span> <span class='ocrx_word' id='word_1_147' title='bbox 413 1277 496 1302; x_wconf 90' lang='lat' dir='ltr'>non</span> <span class='ocrx_word' id='word_1_148' title='bbox 514 1262 793 1316; x_wconf 88' lang='lat' dir='ltr'>interponant.</span> <span class='ocrx_word' id='word_1_149' title='bbox 829 1261 941 1301; x_wconf 88' lang='lat' dir='ltr'>idem</span> <span class='ocrx_word' id='word_1_150' title='bbox 967 1261 1096 1301; x_wconf 90' lang='lat' dir='ltr'>ferme</span> <span class='ocrx_word' id='word_1_151' title='bbox 1123 1270 1161 1301; x_wconf 91' lang='lat' dir='ltr'>et</span> <span class='ocrx_word' id='word_1_152' title='bbox 1178 1260 1424 1301; x_wconf 73' lang='lat' dir='ltr'>Aetolorum</span> <span class='ocrx_word' id='word_1_153' title='bbox 1449 1260 1562 1314; x_wconf 77' lang='lat' dir='ltr'>lega-</span> 
     </span>
     <span class='ocr_line' id='line_1_20' title="bbox 207 1321 1562 1377; baseline -0.002 -13"><span class='ocrx_word' id='word_1_154' title='bbox 207 1332 274 1364; x_wconf 83' lang='lat' dir='ltr'>tus</span> <span class='ocrx_word' id='word_1_155' title='bbox 288 1323 569 1363; x_wconf 78' lang='lat' dir='ltr'>Archidamus</span> <span class='ocrx_word' id='word_1_156' title='bbox 590 1322 720 1377; x_wconf 86' lang='lat' dir='ltr'>petiit,</span> <span class='ocrx_word' id='word_1_157' title='bbox 742 1330 799 1372; x_wconf 84' lang='lat' dir='ltr'>ut,</span> <span class='ocrx_word' id='word_1_158' title='bbox 822 1337 927 1376; x_wconf 88' lang='lat' dir='ltr'>quae</span> <span class='ocrx_word' id='word_1_159' title='bbox 948 1323 1143 1364; x_wconf 85' lang='lat' dir='ltr'>facillima</span> <span class='ocrx_word' id='word_1_160' title='bbox 1158 1331 1197 1362; x_wconf 86' lang='lat' dir='ltr'>et</span> <span class='ocrx_word' id='word_1_161' title='bbox 1218 1321 1423 1362; x_wconf 88' lang='lat' dir='ltr'>tutissima</span> <span class='ocrx_word' id='word_1_162' title='bbox 1439 1329 1562 1369; x_wconf 85' lang='lat' dir='ltr'>esset,</span> 
     </span>
     <span class='ocr_line' id='line_1_21' title="bbox 209 1384 1563 1439; baseline -0.002 -14"><span class='ocrx_word' id='word_1_163' title='bbox 209 1385 389 1439; x_wconf 86' lang='lat' dir='ltr'>quietem</span> <span class='ocrx_word' id='word_1_164' title='bbox 413 1392 673 1439; x_wconf 84' lang='lat' dir='ltr'>praestarent</span> <span class='ocrx_word' id='word_1_165' title='bbox 694 1392 1031 1439; x_wconf 86' lang='lat' dir='ltr'>spectatoresque</span> <span class='ocrx_word' id='word_1_166' title='bbox 1057 1384 1154 1425; x_wconf 89' lang='lat' dir='ltr'>belli</span> <span class='ocrx_word' id='word_1_167' title='bbox 1180 1384 1438 1424; x_wconf 87' lang='lat' dir='ltr'>fortunarum</span> <span class='ocrx_word' id='word_1_168' title='bbox 1466 1384 1563 1423; x_wconf 74' lang='lat' dir='ltr'>alie—</span> 
     </span>
     <span class='ocr_line' id='line_1_22' title="bbox 208 1446 1563 1500; baseline -0.002 -12"><span class='ocrx_word' id='word_1_169' title='bbox 208 1463 355 1488; x_wconf 87' lang='lat' dir='ltr'>narum</span> <span class='ocrx_word' id='word_1_170' title='bbox 381 1455 575 1488; x_wconf 80' lang='lat' dir='ltr'>eventum</span> <span class='ocrx_word' id='word_1_171' title='bbox 601 1446 688 1488; x_wconf 89' lang='lat' dir='ltr'>sine</span> <span class='ocrx_word' id='word_1_172' title='bbox 714 1447 798 1487; x_wconf 87' lang='lat' dir='ltr'>ullo</span> <span class='ocrx_word' id='word_1_173' title='bbox 824 1447 1060 1488; x_wconf 79' lang='lat' dir='ltr'>discrimine</span> <span class='ocrx_word' id='word_1_174' title='bbox 1084 1461 1221 1487; x_wconf 88' lang='lat' dir='ltr'>rerum</span> <span class='ocrx_word' id='word_1_175' title='bbox 1247 1461 1416 1486; x_wconf 82' lang='lat' dir='ltr'>suarum</span> <span class='ocrx_word' id='word_1_176' title='bbox 1436 1460 1563 1500; x_wconf 88' lang='lat' dir='ltr'>oppe-</span> 
     </span>
     <span class='ocr_line' id='line_1_23' title="bbox 208 1507 1562 1564; baseline -0.003 -14"><span class='ocrx_word' id='word_1_177' title='bbox 208 1511 398 1551; x_wconf 84' lang='lat' dir='ltr'>rirentur.</span> <span class='ocrx_word' id='word_1_178' title='bbox 458 1517 681 1564; x_wconf 69' lang='lat' dir='ltr'>provectus</span> <span class='ocrx_word' id='word_1_179' title='bbox 709 1510 857 1550; x_wconf 91' lang='lat' dir='ltr'>deinde</span> <span class='ocrx_word' id='word_1_180' title='bbox 890 1517 953 1550; x_wconf 86' lang='lat' dir='ltr'>est</span> <span class='ocrx_word' id='word_1_181' title='bbox 983 1509 1300 1563; x_wconf 86' lang='lat' dir='ltr'>intemperantia</span> <span class='ocrx_word' id='word_1_182' title='bbox 1330 1509 1496 1563; x_wconf 78' lang='lat' dir='ltr'>linguae</span> <span class='ocrx_word' id='word_1_183' title='bbox 1521 1507 1562 1546; x_wconf 89' lang='lat' dir='ltr'>in</span> 
     </span>
     <span class='ocr_line' id='line_1_24' title="bbox 209 1569 1561 1623; baseline -0.003 -11"><span class='ocrx_word' id='word_1_184' title='bbox 209 1572 429 1612; x_wconf 86' lang='lat' dir='ltr'>maledicta</span> <span class='ocrx_word' id='word_1_185' title='bbox 464 1585 574 1612; x_wconf 86' lang='lat' dir='ltr'>nunc</span> <span class='ocrx_word' id='word_1_186' title='bbox 609 1571 880 1612; x_wconf 90' lang='lat' dir='ltr'>communiter</span> <span class='ocrx_word' id='word_1_187' title='bbox 916 1571 1221 1619; x_wconf 85' lang='lat' dir='ltr'>Romanorum,</span> <span class='ocrx_word' id='word_1_188' title='bbox 1259 1584 1367 1610; x_wconf 89' lang='grc'><strong>1111110</strong></span> <span class='ocrx_word' id='word_1_189' title='bbox 1399 1569 1561 1623; x_wconf 86' lang='lat' dir='ltr'>proprie</span> 
     </span>
     <span class='ocr_line' id='line_1_25' title="bbox 209 1632 1562 1689; baseline -0.003 -15"><span class='ocrx_word' id='word_1_190' title='bbox 209 1635 339 1689; x_wconf 89' lang='lat' dir='ltr'>ipsius</span> <span class='ocrx_word' id='word_1_191' title='bbox 378 1633 567 1685; x_wconf 83' lang='lat' dir='ltr'>Quincti,</span> <span class='ocrx_word' id='word_1_192' title='bbox 615 1633 800 1687; x_wconf 77' lang='lat' dir='ltr'>ingratos</span> <span class='ocrx_word' id='word_1_193' title='bbox 846 1633 1059 1688; x_wconf 88' lang='lat' dir='ltr'>adpellans</span> <span class='ocrx_word' id='word_1_194' title='bbox 1102 1641 1143 1673; x_wconf 89' lang='grc'>01</span> <span class='ocrx_word' id='word_1_195' title='bbox 1185 1632 1441 1685; x_wconf 82' lang='lat' dir='ltr'>exprobrans</span> <span class='ocrx_word' id='word_1_196' title='bbox 1478 1646 1562 1671; x_wconf 93' lang='lat' dir='ltr'>non</span> 
     </span>
     <span class='ocr_line' id='line_1_26' title="bbox 210 1693 1560 1749; baseline -0.004 -12"><span class='ocrx_word' id='word_1_197' title='bbox 210 1696 423 1737; x_wconf 71' lang='lat' dir='ltr'>victoriam</span> <span class='ocrx_word' id='word_1_198' title='bbox 460 1695 583 1735; x_wconf 87' lang='lat' dir='ltr'>modo</span> <span class='ocrx_word' id='word_1_199' title='bbox 620 1695 670 1735; x_wconf 91' lang='lat' dir='ltr'>de</span> <span class='ocrx_word' id='word_1_200' title='bbox 699 1695 895 1749; x_wconf 88' lang='lat' dir='ltr'>Philippo</span> <span class='ocrx_word' id='word_1_201' title='bbox 932 1695 1081 1734; x_wconf 73' lang='lat' dir='ltr'>virtute</span> <span class='ocrx_word' id='word_1_202' title='bbox 1112 1693 1358 1734; x_wconf 85' lang='lat' dir='ltr'>Aetolorum</span> <span class='ocrx_word' id='word_1_203' title='bbox 1387 1700 1560 1747; x_wconf 87' lang='lat' dir='ltr'>partam,</span> 
     </span>
     <span class='ocr_line' id='line_1_27' title="bbox 213 1756 1562 1811; baseline -0.002 -14"><span class='ocrx_word' id='word_1_204' title='bbox 213 1759 284 1798; x_wconf 88' lang='lat' dir='ltr'>sed</span> <span class='ocrx_word' id='word_1_205' title='bbox 311 1758 434 1798; x_wconf 87' lang='lat' dir='ltr'>etiam</span> <span class='ocrx_word' id='word_1_206' title='bbox 462 1757 649 1804; x_wconf 88' lang='lat' dir='ltr'>salutem,</span> <span class='ocrx_word' id='word_1_207' title='bbox 675 1757 895 1811; x_wconf 85' lang='lat' dir='ltr'>ipsumque</span> <span class='ocrx_word' id='word_1_208' title='bbox 921 1765 961 1797; x_wconf 89' lang='lat' dir='ltr'>et</span> <span class='ocrx_word' id='word_1_209' title='bbox 986 1756 1212 1797; x_wconf 83' lang='lat' dir='ltr'>exercitum</span> <span class='ocrx_word' id='word_1_210' title='bbox 1239 1770 1313 1795; x_wconf 80' lang='lat' dir='ltr'>sua</span> <span class='ocrx_word' id='word_1_211' title='bbox 1332 1769 1457 1809; x_wconf 89' lang='lat' dir='ltr'>opera</span> <span class='ocrx_word' id='word_1_212' title='bbox 1478 1769 1562 1795; x_wconf 89' lang='lat' dir='ltr'>ser-</span> 
     </span>
     <span class='ocr_line' id='line_1_28' title="bbox 211 1816 1562 1872; baseline -0.003 -13"><span class='ocrx_word' id='word_1_213' title='bbox 211 1827 342 1859; x_wconf 74' lang='lat' dir='ltr'>vatos.</span> <span class='ocrx_word' id='word_1_214' title='bbox 375 1833 455 1872; x_wconf 84' lang='lat' dir='ltr'>quo</span> <span class='ocrx_word' id='word_1_215' title='bbox 484 1818 592 1859; x_wconf 90' lang='lat' dir='ltr'>enim</span> <span class='ocrx_word' id='word_1_216' title='bbox 618 1819 732 1858; x_wconf 87' lang='lat' dir='ltr'>illum</span> <span class='ocrx_word' id='word_1_217' title='bbox 758 1833 954 1871; x_wconf 85' lang='lat' dir='ltr'>umquam</span> <span class='ocrx_word' id='word_1_218' title='bbox 978 1817 1237 1872; x_wconf 87' lang='lat' dir='ltr'>imperatoris</span> <span class='ocrx_word' id='word_1_219' title='bbox 1264 1816 1450 1856; x_wconf 88' lang='lat' dir='ltr'>functum</span> <span class='ocrx_word' id='word_1_220' title='bbox 1472 1816 1562 1856; x_wconf 84' lang='lat' dir='ltr'>offi-</span> 
     </span>
     <span class='ocr_line' id='line_1_29' title="bbox 212 1880 1562 1935; baseline -0.004 -14"><span class='ocrx_word' id='word_1_221' title='bbox 212 1881 274 1922; x_wconf 90' lang='lat' dir='ltr'>cio</span> <span class='ocrx_word' id='word_1_222' title='bbox 301 1882 418 1922; x_wconf 78' lang='lat' dir='ltr'>esse?</span> <span class='ocrx_word' id='word_1_223' title='bbox 450 1881 735 1935; x_wconf 84' lang='lat' dir='ltr'>auspicantem</span> <span class='ocrx_word' id='word_1_224' title='bbox 760 1880 1110 1932; x_wconf 84' lang='lat' dir='ltr'>inmolantemque</span> <span class='ocrx_word' id='word_1_225' title='bbox 1136 1888 1176 1919; x_wconf 84' lang='lat' dir='ltr'>et</span> <span class='ocrx_word' id='word_1_226' title='bbox 1203 1885 1297 1918; x_wconf 81' lang='lat' dir='ltr'>vota</span> <span class='ocrx_word' id='word_1_227' title='bbox 1321 1892 1562 1931; x_wconf 90' lang='lat' dir='ltr'>nuncupan-</span> 
     </span>
     <span class='ocr_line' id='line_1_30' title="bbox 210 1940 1562 1994; baseline -0.003 -11"><span class='ocrx_word' id='word_1_228' title='bbox 210 1953 293 1984; x_wconf 88' lang='lat' dir='ltr'>tem</span> <span class='ocrx_word' id='word_1_229' title='bbox 319 1943 537 1983; x_wconf 89' lang='lat' dir='ltr'>sacrificuli</span> <span class='ocrx_word' id='word_1_230' title='bbox 569 1943 674 1983; x_wconf 82' lang='lat' dir='ltr'>vatis</span> <span class='ocrx_word' id='word_1_231' title='bbox 708 1943 831 1983; x_wconf 90' lang='lat' dir='ltr'>modo</span> <span class='ocrx_word' id='word_1_232' title='bbox 862 1942 904 1982; x_wconf 89' lang='lat' dir='ltr'>in</span> <span class='ocrx_word' id='word_1_233' title='bbox 929 1941 1015 1982; x_wconf 88' lang='lat' dir='ltr'>acie</span> <span class='ocrx_word' id='word_1_234' title='bbox 1041 1940 1213 1989; x_wconf 79' lang='lat' dir='ltr'>vidisse,</span> <span class='ocrx_word' id='word_1_235' title='bbox 1241 1954 1333 1980; x_wconf 90' lang='lat' dir='ltr'>cum</span> <span class='ocrx_word' id='word_1_236' title='bbox 1358 1940 1447 1994; x_wconf 87' lang='lat' dir='ltr'>ipse</span> <span class='ocrx_word' id='word_1_237' title='bbox 1473 1953 1562 1980; x_wconf 88' lang='lat' dir='ltr'>cor-</span> 
     </span>
     <span class='ocr_line' id='line_1_31' title="bbox 209 2003 1151 2060; baseline -0.004 -13"><span class='ocrx_word' id='word_1_238' title='bbox 209 2021 287 2060; x_wconf 91' lang='lat' dir='ltr'>pus</span> <span class='ocrx_word' id='word_1_239' title='bbox 314 2021 435 2045; x_wconf 87' lang='lat' dir='ltr'>suum</span> <span class='ocrx_word' id='word_1_240' title='bbox 460 2020 534 2059; x_wconf 92' lang='lat' dir='ltr'>pro</span> <span class='ocrx_word' id='word_1_241' title='bbox 561 2020 608 2045; x_wconf 89' lang='lat' dir='ltr'>eo</span> <span class='ocrx_word' id='word_1_242' title='bbox 635 2004 726 2045; x_wconf 88' lang='lat' dir='ltr'>tclis</span> <span class='ocrx_word' id='word_1_243' title='bbox 753 2004 934 2045; x_wconf 90' lang='lat' dir='ltr'>hostium</span> <span class='ocrx_word' id='word_1_244' title='bbox 960 2003 1151 2045; x_wconf 88' lang='lat' dir='ltr'>obiceret.</span> 
     </span>
    </p>

    <p class='ocr_par' dir='ltr' id='par_1_3' title="bbox 211 2063 1562 2490">
     <span class='ocr_line' id='line_1_32' title="bbox 295 2063 1560 2117; baseline -0.003 -10"><span class='ocrx_word' id='word_1_245' title='bbox 295 2067 639 2109; x_wconf 83' lang='lat' dir='ltr'>XXXXVHH.</span> <span class='ocrx_word' id='word_1_246' title='bbox 677 2066 748 2106; x_wconf 92' lang='lat' dir='ltr'>Ad</span> <span class='ocrx_word' id='word_1_247' title='bbox 774 2081 822 2106; x_wconf 90' lang='lat' dir='ltr'>ea</span> <span class='ocrx_word' id='word_1_248' title='bbox 837 2065 1071 2117; x_wconf 85' lang='lat' dir='ltr'>Quinctius,</span> <span class='ocrx_word' id='word_1_249' title='bbox 1098 2078 1236 2104; x_wconf 88' lang='lat' dir='ltr'>coram</span> <span class='ocrx_word' id='word_1_250' title='bbox 1257 2063 1405 2115; x_wconf 84' lang='lat' dir='ltr'>quibus</span> <span class='ocrx_word' id='word_1_251' title='bbox 1426 2063 1560 2117; x_wconf 81' lang='lat' dir='ltr'>magis</span> 
     </span>
     <span class='ocr_line' id='line_1_33' title="bbox 211 2125 1562 2182; baseline -0.001 -15"><span class='ocrx_word' id='word_1_252' title='bbox 211 2143 335 2180; x_wconf 86' lang='lat' dir='ltr'>quam</span> <span class='ocrx_word' id='word_1_253' title='bbox 360 2129 470 2182; x_wconf 86' lang='lat' dir='ltr'>apud</span> <span class='ocrx_word' id='word_1_254' title='bbox 496 2142 597 2181; x_wconf 86' lang='lat' dir='ltr'>quos</span> <span class='ocrx_word' id='word_1_255' title='bbox 625 2128 751 2168; x_wconf 82' lang='lat' dir='ltr'>verba</span> <span class='ocrx_word' id='word_1_256' title='bbox 777 2128 933 2168; x_wconf 87' lang='lat' dir='ltr'>faceret</span> <span class='ocrx_word' id='word_1_257' title='bbox 957 2127 1092 2166; x_wconf 88' lang='lat' dir='ltr'>dicere</span> <span class='ocrx_word' id='word_1_258' title='bbox 1113 2125 1413 2166; x_wconf 84' lang='lat' dir='ltr'>Archidamum</span> <span class='ocrx_word' id='word_1_259' title='bbox 1438 2125 1562 2165; x_wconf 89' lang='lat' dir='ltr'>ratio-</span> 
     </span>
     <span class='ocr_line' id='line_1_34' title="bbox 211 2186 1562 2243; baseline -0.001 -15"><span class='ocrx_word' id='word_1_260' title='bbox 211 2204 305 2229; x_wconf 87' lang='lat' dir='ltr'>nem</span> <span class='ocrx_word' id='word_1_261' title='bbox 342 2190 556 2230; x_wconf 88' lang='lat' dir='ltr'>habuisse:</span> <span class='ocrx_word' id='word_1_262' title='bbox 599 2189 795 2229; x_wconf 88' lang='lat' dir='ltr'>Achaeos</span> <span class='ocrx_word' id='word_1_263' title='bbox 833 2189 940 2229; x_wconf 88' lang='lat' dir='ltr'>enim</span> <span class='ocrx_word' id='word_1_264' title='bbox 983 2189 1112 2243; x_wconf 89' lang='lat' dir='ltr'>probe</span> <span class='ocrx_word' id='word_1_265' title='bbox 1156 2187 1277 2235; x_wconf 85' lang='lat' dir='ltr'>scire,</span> <span class='ocrx_word' id='word_1_266' title='bbox 1315 2186 1562 2227; x_wconf 82' lang='lat' dir='ltr'>Aetolorum</span> 
     </span>
     <span class='ocr_line' id='line_1_35' title="bbox 211 2248 1562 2299; baseline -0.001 -9"><span class='ocrx_word' id='word_1_267' title='bbox 211 2266 374 2291; x_wconf 92' lang='lat' dir='ltr'>omnem</span> <span class='ocrx_word' id='word_1_268' title='bbox 400 2251 595 2292; x_wconf 86' lang='lat' dir='ltr'>ferociam</span> <span class='ocrx_word' id='word_1_269' title='bbox 626 2251 668 2290; x_wconf 90' lang='lat' dir='ltr'>in</span> <span class='ocrx_word' id='word_1_270' title='bbox 699 2251 856 2299; x_wconf 82' lang='lat' dir='ltr'>verbis,</span> <span class='ocrx_word' id='word_1_271' title='bbox 888 2266 971 2291; x_wconf 93' lang='lat' dir='ltr'>non</span> <span class='ocrx_word' id='word_1_272' title='bbox 1002 2249 1043 2289; x_wconf 90' lang='grc'>111</span> <span class='ocrx_word' id='word_1_273' title='bbox 1068 2249 1189 2290; x_wconf 85' lang='lat' dir='ltr'>factis</span> <span class='ocrx_word' id='word_1_274' title='bbox 1216 2263 1308 2289; x_wconf 87' lang='lat' dir='ltr'>esse</span> <span class='ocrx_word' id='word_1_275' title='bbox 1333 2257 1373 2289; x_wconf 88' lang='lat' dir='ltr'>et</span> <span class='ocrx_word' id='word_1_276' title='bbox 1397 2248 1439 2288; x_wconf 90' lang='lat' dir='ltr'>in</span> <span class='ocrx_word' id='word_1_277' title='bbox 1465 2263 1562 2289; x_wconf 91' lang='lat' dir='ltr'>eon-</span> 
     </span>
     <span class='ocr_line' id='line_1_36' title="bbox 211 2311 1562 2366; baseline -0.001 -14"><span class='ocrx_word' id='word_1_278' title='bbox 211 2313 313 2353; x_wconf 84' lang='lat' dir='ltr'>ciliis</span> <span class='ocrx_word' id='word_1_279' title='bbox 341 2313 472 2366; x_wconf 78' lang='lat' dir='ltr'>magis</span> <span class='ocrx_word' id='word_1_280' title='bbox 505 2312 848 2364; x_wconf 84' lang='lat' dir='ltr'>contionibusque</span> <span class='ocrx_word' id='word_1_281' title='bbox 875 2327 998 2365; x_wconf 89' lang='lat' dir='ltr'>quam</span> <span class='ocrx_word' id='word_1_282' title='bbox 1028 2312 1069 2352; x_wconf 88' lang='lat' dir='ltr'>in</span> <span class='ocrx_word' id='word_1_283' title='bbox 1096 2311 1182 2352; x_wconf 87' lang='lat' dir='ltr'>acie</span> <span class='ocrx_word' id='word_1_284' title='bbox 1215 2311 1427 2365; x_wconf 86' lang='lat' dir='ltr'>adparere.</span> <span class='ocrx_word' id='word_1_285' title='bbox 1486 2311 1562 2351; x_wconf 89' lang='lat' dir='ltr'>ita-</span> 
     </span>
     <span class='ocr_line' id='line_1_37' title="bbox 212 2372 1561 2428; baseline -0.001 -15"><span class='ocrx_word' id='word_1_286' title='bbox 212 2389 289 2427; x_wconf 88' lang='lat' dir='ltr'>que</span> <span class='ocrx_word' id='word_1_287' title='bbox 314 2374 432 2428; x_wconf 74' lang='lat' dir='ltr'>parvi</span> <span class='ocrx_word' id='word_1_288' title='bbox 458 2374 722 2414; x_wconf 82' lang='lat' dir='ltr'>Achaeorum</span> <span class='ocrx_word' id='word_1_289' title='bbox 748 2373 1109 2421; x_wconf 81' lang='lat' dir='ltr'>existimationem,</span> <span class='ocrx_word' id='word_1_290' title='bbox 1142 2372 1290 2425; x_wconf 87' lang='lat' dir='ltr'>quibus</span> <span class='ocrx_word' id='word_1_291' title='bbox 1322 2380 1443 2413; x_wconf 86' lang='lat' dir='ltr'>notos</span> <span class='ocrx_word' id='word_1_292' title='bbox 1469 2387 1561 2413; x_wconf 89' lang='lat' dir='ltr'>esse</span> 
     </span>
     <span class='ocr_line' id='line_1_38' title="bbox 212 2434 1561 2490; baseline -0.001 -14"><span class='ocrx_word' id='word_1_293' title='bbox 212 2452 255 2477; x_wconf 90' lang='grc'>50</span> <span class='ocrx_word' id='word_1_294' title='bbox 283 2436 452 2484; x_wconf 86' lang='lat' dir='ltr'>scirent,</span> <span class='ocrx_word' id='word_1_295' title='bbox 489 2436 658 2484; x_wconf 80' lang='lat' dir='ltr'>fecisse,</span> <span class='ocrx_word' id='word_1_296' title='bbox 694 2435 842 2489; x_wconf 74' lang='lat' dir='ltr'>legatis</span> <span class='ocrx_word' id='word_1_297' title='bbox 873 2435 984 2489; x_wconf 80' lang='lat' dir='ltr'>regis</span> <span class='ocrx_word' id='word_1_298' title='bbox 1016 2443 1056 2475; x_wconf 85' lang='lat' dir='ltr'>et</span> <span class='ocrx_word' id='word_1_299' title='bbox 1085 2450 1159 2490; x_wconf 88' lang='lat' dir='ltr'>per</span> <span class='ocrx_word' id='word_1_300' title='bbox 1184 2449 1254 2475; x_wconf 90' lang='lat' dir='ltr'>eos</span> <span class='ocrx_word' id='word_1_301' title='bbox 1287 2434 1448 2475; x_wconf 87' lang='lat' dir='ltr'>absenti</span> <span class='ocrx_word' id='word_1_302' title='bbox 1473 2434 1561 2489; x_wconf 77' lang='lat' dir='ltr'>regi</span> 
     </span>
    </p>
   </div>
   <div class='ocr_carea' id='block_1_3' title="bbox 1589 284 1606 313">
    <p class='ocr_par' dir='ltr' id='par_1_4' title="bbox 1589 284 1606 313">
     <span class='ocr_line' id='line_1_39' title="bbox 1589 284 1606 313; baseline 0 0"><span class='ocrx_word' id='word_1_303' title='bbox 1589 284 1606 313; x_wconf 87' lang='grc'><strong>6</strong></span> 
     </span>
    </p>
   </div>
   <div class='ocr_carea' id='block_1_4' title="bbox 1593 1271 1630 1300">
    <p class='ocr_par' dir='ltr' id='par_1_5' title="bbox 1593 1271 1630 1300">
     <span class='ocr_line' id='line_1_40' title="bbox 1593 1271 1630 1300; baseline -0.027 0"><span class='ocrx_word' id='word_1_304' title='bbox 1593 1271 1630 1300; x_wconf 85' lang='grc'>10</span> 
     </span>
    </p>
   </div>
   <div class='ocr_carea' id='block_1_5' title="bbox 1591 1521 1623 1548">
    <p class='ocr_par' dir='ltr' id='par_1_6' title="bbox 1591 1521 1623 1548">
     <span class='ocr_line' id='line_1_41' title="bbox 1591 1521 1623 1548; baseline 0 0"><span class='ocrx_word' id='word_1_305' title='bbox 1591 1521 1623 1548; x_wconf 93' lang='grc'>1]</span> 
     </span>
    </p>
   </div>
   <div class='ocr_carea' id='block_1_6' title="bbox 1590 1829 1629 1858">
    <p class='ocr_par' dir='ltr' id='par_1_7' title="bbox 1590 1829 1629 1858">
     <span class='ocr_line' id='line_1_42' title="bbox 1590 1829 1629 1858; baseline 0.026 -1"><span class='ocrx_word' id='word_1_306' title='bbox 1590 1829 1629 1858; x_wconf 82' lang='lat'>13</span> 
     </span>
    </p>
   </div>
   <div class='ocr_carea' id='block_1_7' title="bbox 1589 2078 1600 2106">
    <p class='ocr_par' dir='ltr' id='par_1_8' title="bbox 1589 2078 1600 2106">
     <span class='ocr_line' id='line_1_43' title="bbox 1589 2078 1600 2106; baseline 0 0"><span class='ocrx_word' id='word_1_307' title='bbox 1589 2078 1600 2106; x_wconf 89' lang='lat'>1</span> 
     </span>
    </p>
   </div>
   <div class='ocr_carea' id='block_1_8' title="bbox 1587 2200 1606 2221">
    <p class='ocr_par' dir='ltr' id='par_1_9' title="bbox 1587 2200 1606 2221">
     <span class='ocr_line' id='line_1_44' title="bbox 1587 2200 1606 2221; baseline 0 0"><span class='ocrx_word' id='word_1_308' title='bbox 1587 2200 1606 2221; x_wconf 70' lang='lat'>⁴)</span> 
     </span>
    </p>
   </div>
   <div class='ocr_carea' id='block_1_9' title="bbox 1588 2220 1605 2229">
    <p class='ocr_par' dir='ltr' id='par_1_10' title="bbox 1588 2220 1605 2229">
     <span class='ocr_line' id='line_1_45' title="bbox 1588 2220 1605 2229; baseline 0 0"><span class='ocrx_word' id='word_1_309' title='bbox 1588 2220 1605 2229; x_wconf 59' lang='lat' dir='ltr'><em>a</em></span> 
     </span>
    </p>
   </div>
   <div class='ocr_carea' id='block_1_10' title="bbox 1588 2323 1606 2352">
    <p class='ocr_par' dir='ltr' id='par_1_11' title="bbox 1588 2323 1606 2352">
     <span class='ocr_line' id='line_1_46' title="bbox 1588 2323 1606 2352; baseline 0 0"><span class='ocrx_word' id='word_1_310' title='bbox 1588 2323 1606 2352; x_wconf 84' lang='lat'><strong>3</strong></span> 
     </span>
    </p>
   </div>
   <div class='ocr_carea' id='block_1_11' title="bbox 211 2496 1602 2551">
    <p class='ocr_par' dir='ltr' id='par_1_12' title="bbox 211 2496 1602 2551">
     <span class='ocr_line' id='line_1_47' title="bbox 211 2496 1602 2551; baseline -0.002 -13"><span class='ocrx_word' id='word_1_311' title='bbox 211 2513 305 2538; x_wconf 88' lang='grc'><strong>011111</strong></span> <span class='ocrx_word' id='word_1_312' title='bbox 331 2513 375 2538; x_wconf 86' lang='grc'>50</span> <span class='ocrx_word' id='word_1_313' title='bbox 400 2497 591 2538; x_wconf 87' lang='lat' dir='ltr'>iactasse.</span> <span class='ocrx_word' id='word_1_314' title='bbox 641 2497 751 2549; x_wconf 84' lang='lat' dir='ltr'>quod</span> <span class='ocrx_word' id='word_1_315' title='bbox 777 2496 811 2537; x_wconf 90' lang='lat' dir='ltr'>si</span> <span class='ocrx_word' id='word_1_316' title='bbox 837 2497 928 2549; x_wconf 88' lang='lat' dir='ltr'>quis</span> <span class='ocrx_word' id='word_1_317' title='bbox 954 2505 1075 2537; x_wconf 87' lang='lat' dir='ltr'>antea</span> <span class='ocrx_word' id='word_1_318' title='bbox 1101 2496 1347 2551; x_wconf 81' lang='lat' dir='ltr'>ignorasset,</span> <span class='ocrx_word' id='word_1_319' title='bbox 1375 2510 1559 2549; x_wconf 87' lang='lat' dir='ltr'>quaeres</span> <span class='ocrx_word' id='word_1_320' title='bbox 1585 2507 1602 2535; x_wconf 77' lang='grc'>4</span> 
     </span>
    </p>
   </div>
   <div class='ocr_carea' id='block_1_12' title="bbox 212 2557 1561 2613">
    <p class='ocr_par' dir='ltr' id='par_1_13' title="bbox 212 2557 1561 2613">
     <span class='ocr_line' id='line_1_48' title="bbox 212 2557 1561 2613; baseline -0.002 -13"><span class='ocrx_word' id='word_1_321' title='bbox 212 2559 466 2600; x_wconf 85' lang='lat' dir='ltr'>Antiochum</span> <span class='ocrx_word' id='word_1_322' title='bbox 487 2566 525 2599; x_wconf 87' lang='lat' dir='ltr'>et</span> <span class='ocrx_word' id='word_1_323' title='bbox 540 2559 715 2600; x_wconf 86' lang='lat' dir='ltr'>Aetolos</span> <span class='ocrx_word' id='word_1_324' title='bbox 737 2557 1029 2607; x_wconf 74' lang='lat' dir='ltr'>coniunxisset,</span> <span class='ocrx_word' id='word_1_325' title='bbox 1051 2574 1102 2599; x_wconf 89' lang='lat' dir='ltr'>ex</span> <span class='ocrx_word' id='word_1_326' title='bbox 1122 2559 1350 2613; x_wconf 77' lang='lat' dir='ltr'>legatorum</span> <span class='ocrx_word' id='word_1_327' title='bbox 1373 2572 1561 2599; x_wconf 86' lang='lat' dir='ltr'>sermone</span> 
     </span>
    </p>
   </div>
  </div>
 </body>
</html>
