1799 2900
188 742 205 771 (Ο

185 2041 203 2069 ¹2

186 2226 204 2255 3

238 125 315 166 116
503 131 652 165 LIBER
680 131 870 175 XXXIII,
896 130 1042 165 39-41.
1071 133 1119 175 [a.
1134 143 1168 166 u.
1184 142 1212 166 c.
1227 131 1309 176 558]

232 251 302 277 eos
328 235 537 290 pertinens
562 233 758 288 potuerit,
785 259 817 262 —
843 233 965 286 quid?
990 234 1100 287 quod
1124 234 1205 274 iam
1231 235 1355 275 etiam
1380 234 1422 274 in
1447 235 1582 275 Euro—

232 313 326 352 pam
353 297 543 337 omnibus
576 295 792 335 navalibus
825 296 1168 349 terrestribusque
1201 297 1329 351 copiIs
1361 296 1581 345 transierit,

233 367 432 412 qnantum
459 373 481 397 a
514 357 622 397 bello
655 364 796 411 aperte
822 357 1022 398 Romanis
1055 358 1208 398 indicto
1235 358 1408 398 abesse?
1467 358 1581 397 illum

233 420 417 473 quidem,
451 419 575 458 etiam
602 419 636 459 si
661 418 702 458 111
728 418 892 458 Italiam
918 419 1094 468 traiciat,
1128 427 1394 473 ncgaturum3
1427 419 1583 460 Roma-

232 497 305 521 nos
334 489 470 521 autem
496 496 578 521 non
604 488 906 535 expectaturos,
932 488 976 520 ut
1001 481 1043 521 id
1067 491 1207 536 posset
1234 481 1383 522 facere.

317 542 524 583 XXXX.
583 543 802 583 Adversus
842 557 890 583 ea
926 543 1159 584 Antiochus
1203 544 1342 583 mirari
1386 558 1430 584 se
1468 543 1582 591 dixit,

250 606 443 646 Romanos
481 612 567 645 tam
604 604 822 659 diligenter
858 604 1081 657 inquirere,
1121 606 1218 658 quid
1254 605 1341 659 regi
1373 605 1582 645 Antiocho

231 667 470 707 faciundum
508 674 578 708 aut
614 681 829 720 quousque
867 676 975 708 terra
1009 667 1194 720 marique
1228 668 1582 721 progrediundum

232 729 373 777 fuerit,
411 729 523 784 ipsos
569 743 652 769 11011
696 728 902 783 cogitare,
940 729 1089 769 Asiam
1130 729 1231 768 nihil
1275 729 1327 769 ad
1372 744 1414 769 se
1458 729 1582 783 perti-

231 806 347 839 nere,
384 805 460 831 nec
485 791 618 845 magis
644 790 724 831 illis
749 790 1039 843 inquirendum
1073 805 1184 838 esse,
1225 790 1323 843 quid
1348 789 1582 830 Antiochus

231 853 273 892 111
293 852 411 901 Asia,
439 867 561 906 quam
581 852 805 901 Antiocho,
831 852 929 905 quid
954 852 995 892 in
1021 852 1143 892 Italia
1169 852 1345 906 populus
1368 851 1582 892 Romanus

232 915 368 955 saclat.
418 914 528 967 quod
554 914 606 954 ad
618 914 906 954 Ptolemaeum
933 914 1127 962 adtincat,
1155 914 1218 954 cui
1245 914 1460 968 ademptas
1488 913 1586 953 civi-

232 986 336 1018 tates
370 984 612 1032 querantur,
652 976 731 1017 sibi
764 991 857 1017 eum
881 976 1126 1017 Ptolemaeo
1158 984 1198 1016 ct
1223 975 1447 1016 amicitiam
1478 990 1584 1024 esse,

232 1046 272 1080 ct
303 1039 344 1078 id
381 1054 522 1093 agere,
561 1047 603 1079 ut
633 1039 749 1079 brevi
781 1038 904 1080 etiam
937 1039 1126 1079 adfinitas
1159 1039 1365 1094 iungatur.
1425 1052 1502 1079 nec
1533 1053 1584 1079 ex

231 1101 415 1155 Philippi
452 1101 619 1153 quidem
656 1101 832 1142 adversa
867 1101 1034 1141 fortuna
1071 1101 1202 1156 spolia
1238 1101 1322 1141 ulla
1354 1115 1397 1141 se
1429 1100 1583 1155 petisse

232 1171 301 1202 aut
332 1163 531 1203 adversus
562 1163 774 1203 Romanos
806 1163 848 1202 in
878 1163 1093 1217 Europam
1125 1163 1354 1211 traiecisse3
1394 1163 1468 1203 sed
1504 1176 1585 1215 qua

231 1224 475 1278 Lysimachi
497 1225 704 1277 quondam
729 1239 903 1278 regnum
929 1224 1064 1272 fuerit,
1092 1239 1172 1277 quo
1193 1224 1300 1265 victo
1322 1224 1459 1265 omnia
1478 1238 1582 1276 quae

231 1286 339 1327 illius
360 1286 537 1327 fuissent
562 1286 647 1327 iure
668 1286 763 1326 belli
788 1284 952 1327 Seleuci
979 1287 1088 1326 facta
1110 1287 1202 1335 sint,
1230 1286 1464 1327 existimare
1485 1301 1583 1327 suae

233 1348 404 1390 dicionis
438 1363 543 1388 esse.
604 1347 814 1402 occupatis
851 1348 1075 1389 maioribus
1114 1349 1197 1388 suis
1235 1364 1372 1389 rerum
1409 1348 1582 1388 aliarum

232 1425 328 1451 eura
359 1409 491 1464 primo
522 1409 723 1462 quaedam
750 1424 800 1449 ex
830 1410 879 1449 iis
905 1410 1211 1459 Ptolemaeum,
1239 1410 1333 1450 inde
1360 1417 1399 1450 et
1424 1409 1583 1464 Philip-

231 1487 330 1527 pum
355 1471 593 1526 usurpanda
613 1471 746 1512 aliena
771 1471 1048 1525 possessionis
1070 1485 1195 1511 causa
1216 1472 1411 1512 tenuisse.
1451 1470 1582 1512 Cher-

233 1549 428 1574 sonesum
459 1534 626 1586 quidem
658 1543 696 1574 ct
723 1534 912 1588 proxima
937 1532 1159 1580 Thraciae,
1193 1547 1297 1585 quae
1323 1532 1432 1573 cirea
1455 1532 1582 1586 Lysi-

229 1595 435 1635 machiam
473 1595 572 1644 sint,
611 1610 732 1648 quem
769 1596 956 1636 dubitare
989 1596 1087 1649 quin
1124 1594 1371 1650 Lysimachi
1406 1594 1584 1636 fuerint?

231 1657 282 1697 ad
309 1672 356 1697 ea
380 1657 617 1711 recipienda
636 1657 678 1696 in
697 1657 913 1710 antiquum
937 1657 1000 1697 ius
1028 1657 1192 1698 venisse
1215 1666 1252 1698 et
1267 1655 1584 1711 Lysimachiam

231 1719 407 1759 deletam
423 1718 632 1758 Thracum
671 1718 813 1773 inpetu
839 1719 889 1759 de
914 1719 1075 1774 integro
1103 1720 1291 1768 condere,
1318 1727 1361 1760 ut
1383 1718 1583 1761 Seleucus

230 1780 337 1820 filius
365 1795 455 1820 eam
482 1780 623 1820 sedem
648 1780 766 1834 regni
790 1780 955 1821 habeat.

314 1841 545 1882 XXXXI.
596 1842 676 1883 His
709 1842 1078 1897 disceptationibus
1111 1858 1185 1897 per
1211 1843 1298 1884 dies
1325 1842 1479 1896 aliquot
1511 1842 1584 1883 ha-

229 1904 338 1953 bitis,
364 1906 504 1945 rumor
530 1904 618 1945 sinc
643 1904 726 1946 ullo
753 1905 852 1946 satis
874 1914 985 1946 certo
1007 1912 1174 1946 auctore
1197 1906 1359 1945 adlatus
1382 1906 1431 1946 de
1452 1912 1582 1946 morte

228 1967 459 2007 Ptolemaei
483 1966 607 2022 regis,
633 1974 678 2007 ut
701 1967 838 2007 nullus
865 1967 998 2007 exitus
1024 1967 1289 2022 inponeretur
1309 1966 1581 2015 sermonibus,

230 2028 379 2069 effecit.
439 2044 537 2069 nam
562 2037 602 2070 et:
627 2029 915 2069 dissimulabat
938 2045 1034 2083 pars
1061 2037 1233 2082 utraque
1260 2044 1303 2069 se
1330 2029 1515 2076 audisse,
1543 2036 1581 2069 et

229 2090 282 2130 L.
311 2089 543 2141 Cornelius,
571 2091 635 2131 eui
660 2091 812 2146 legatio
839 2091 892 2131 ad
916 2091 1020 2131 duos
1046 2106 1180 2145 reges,
1207 2090 1463 2131 Antiochum
1482 2091 1582 2131 Pto-

228 2152 532 2206 lemaeumque,
564 2153 759 2193 mandata
785 2160 888 2202 erat,
922 2152 1101 2207 spatium
1126 2153 1276 2193 modici
1307 2152 1503 2207 temporis
1531 2152 1582 2192 ad

232 2214 559 2254 conveniemhun
574 2214 862 2255 Ptolemaeum
887 2215 1067 2269 petebat,
1094 2223 1150 2263 ut,
1178 2215 1418 2269 priusquam
1442 2228 1583 2255 move-

229 2283 340 2315 retur
372 2275 526 2328 aliquid
556 2276 597 2316 in
629 2291 737 2317 nova
766 2276 1032 2331 possessione
1071 2276 1207 2330 regni,
1245 2276 1505 2331 praeveniret
1541 2275 1584 2316 in

230 2336 492 2391 Aegyptum,
525 2346 565 2378 et
596 2338 830 2379 Antiochus
865 2354 981 2379 suam
1013 2339 1101 2379 fore
1128 2339 1390 2394 Aegyptum,
1431 2338 1465 2378 si
1497 2346 1582 2378 tum

187 2411 206 2438 4
232 2406 493 2451 occupasset,
526 2401 736 2441 censebat.
802 2400 942 2453 itaque
974 2400 1155 2441 dimissis
1190 2400 1389 2441 Romanis
1420 2398 1583 2441 relicto-

231 2471 309 2510 que
331 2459 505 2501 Seleuco
530 2461 614 2501 filio
634 2476 726 2502 cum
752 2462 1014 2503 terrestribus
1036 2461 1164 2516 copiis
1192 2462 1243 2502 ad
1268 2461 1580 2509 restituendam,

187 2533 206 2560 ῑ)
231 2528 276 2558 ut
311 2519 560 2571 instituerat,
599 2523 931 2577 Lysimachiam,
969 2524 1058 2579 ipse
1095 2524 1206 2564 omni
1243 2523 1376 2564 classe
1412 2523 1581 2576 navigat

231 2580 466 2634 Ephesum,
509 2583 658 2638 legatis
696 2585 749 2626 ad
785 2585 1028 2636 Quinctium
1065 2585 1224 2634 missis,
1263 2585 1332 2638 qui
1370 2584 1422 2625 ad
1457 2584 1580 2624 fidem
