1799 2900
463 169 616 203 LIBER
640 169 809 211 XXXX,
836 169 888 202 12.
909 168 962 203 13.
991 171 1038 212 [a.
1055 167 1093 202 C.
1109 168 1190 212 18⁶2]
1425 157 1509 199 435

134 289 249 329 >nam
275 273 310 314 si
335 280 376 314 et
398 273 440 313 in
453 272 655 314 Romanis
682 280 841 313 tantum
866 272 1065 314 momenti
1085 272 1305 314 credebam
1331 286 1437 321 esse,
1463 279 1509 312 ut

154 351 277 390 quem
302 335 455 376 vellent
479 335 725 389 inponerent
737 335 1014 377 Macedoniae
1032 350 1188 390 regem,
1215 342 1256 376 et
1280 350 1397 376 meae
1418 342 1508 375 tan-

153 405 241 439 tum
267 397 378 452 apud
408 411 479 438 eos
512 397 669 451 gratiae
701 397 979 444 confidebam,
1018 398 1118 450 quid
1148 413 1252 451 opus
1289 396 1508 452 parrICidio

153 460 254 500 fuit?
281 474 334 499 an
357 466 403 499 ut
421 467 637 499 cruentum
658 459 849 500 diadema
873 460 1056 500 fraterna
1076 460 1202 500 caede
1227 459 1439 514 gererem?
1464 466 1509 498 ut

152 521 232 562 illis
253 521 374 576 ipsis,
402 521 512 575 apud
535 536 636 574 quos
664 529 732 561 aut
754 536 851 561 vera
873 530 943 562 aut
963 529 1072 562 certe
1095 521 1286 562 simulata
1304 520 1509 575 probitate

149 592 313 637 partam
339 584 517 638 gratiam
542 583 694 632 habeo,
723 584 756 624 si
785 599 909 637 quam.
934 585 1040 625 forte
1066 584 1214 633 habeo,
1241 583 1508 625 exsecrabilis

152 654 194 687 et
217 646 376 686 invisus
404 646 566 686 essem?
598 645 676 686 nisi
704 646 754 687 T.
771 646 1016 698 Quinctium
1042 647 1189 695 credis,
1217 646 1331 687 cuius
1357 646 1508 686 virtute

152 715 194 749 et
219 707 401 748 consiliis
429 722 496 748 me
523 722 632 747 nunc
659 707 798 761 arguis
824 708 932 762 regi,
960 722 1054 748 cum
1080 716 1120 748 et
1143 708 1234 763 ipse
1259 708 1332 749 tali
1355 708 1509 762 pietate

154 770 265 810 vivat
291 784 385 809 cum
416 770 561 817 fratre,
593 769 695 809 mihi
720 770 926 810 fraternae
958 770 1096 810 caedis
1128 770 1258 810 fuisse
1284 778 1508 810 auctorem.

153 832 263 872 idem
294 846 377 872 non
402 832 687 873 Romanorum
718 832 895 886 gratiam
928 832 1080 880 solum,
1121 833 1195 872 sed
1226 832 1509 872 Macedonum

152 893 303 933 iudicia
325 908 372 933 ac
396 908 527 948 paene
548 893 730 934 omnium
752 894 923 935 deorum
941 893 1237 947 hominumque
1260 907 1509 934 consensum

154 955 345 1010 conlegit,
373 971 445 1010 per
466 970 570 1008 quae
592 955 729 996 omnia
755 971 799 996 se
826 955 925 995 mihi
950 971 1093 1010 parem
1116 956 1159 996 in
1185 956 1408 996 certamine
1427 970 1509 996 non

153 1018 338 1058 futurum
363 1018 625 1067 crediderim
657 1018 779 1066 idem,
806 1026 1017 1070 tamquam
1042 1017 1084 1058 in
1111 1018 1200 1057 aliis
1227 1017 1419 1058 omnibus
1444 1032 1508 1057 rc-

153 1080 230 1120 bus
255 1079 426 1120 inferior
451 1094 606 1128 essem,
639 1079 692 1119 ad
718 1079 884 1119 sceleris
910 1079 1098 1119 ultimam
1125 1094 1242 1133 spem
1268 1079 1508 1132 confugisse

152 1156 219 1182 me
244 1141 470 1182 insimulat.
530 1141 592 1181 vis
625 1141 733 1181 hanc
770 1141 992 1181 formulam
1029 1140 1277 1194 cognitionis
1315 1155 1427 1189 esse,
1465 1148 1508 1180 ut

152 1210 243 1244 uter
263 1203 455 1251 timuerit,
476 1217 528 1243 ne
544 1203 645 1243 alter
666 1202 827 1256 dignior
850 1203 1058 1243 videretur
1079 1217 1222 1256 regno,
1242 1202 1278 1242 is
1294 1202 1511 1242 consilium

152 1264 290 1305 fratris
317 1264 577 1318 obprimendi
603 1264 808 1305 iudicetur
834 1264 1020 1319 cepisse?

236 1325 368 1366 XIII.
415 1326 710 1379 Exsequamur
742 1334 879 1366 tamen
906 1339 1167 1378 quocumque
1198 1325 1321 1365 modo
1348 1324 1512 1365 conficti

153 1388 340 1429 ordinem
365 1388 560 1429 criminis.
620 1388 807 1443 pluribus
834 1388 968 1429 modis
996 1403 1039 1429 se
1065 1387 1243 1442 petitum
1268 1387 1510 1427 criminatus

154 1458 217 1491 est
237 1458 276 1491 et
297 1444 440 1491 omne's
462 1450 706 1491 insidiarum
727 1451 814 1491 vias
834 1451 877 1490 in
896 1466 1023 1491 unum
1045 1450 1155 1490 diem
1176 1450 1360 1490 contulit.
1399 1448 1511 1490 volui

153 1513 332 1553 interdiu
353 1527 447 1553 eum
472 1522 567 1567 post
591 1513 891 1561 lustrationem,
919 1527 1013 1552 cum
1034 1512 1330 1560 concurrimus,
1358 1520 1397 1552 et
1423 1512 1513 1564 qui-

155 1575 262 1623 dem,
291 1574 325 1614 si
346 1574 422 1615 diis
443 1575 591 1629 placet,
616 1574 908 1615 lustrationum
929 1574 1007 1623 die,
1030 1574 1237 1622 occidere3
1266 1573 1390 1622 volui,
1418 1587 1512 1613 eum

154 1637 207 1677 ad
232 1651 378 1677 cenam
402 1636 587 1685 invitari,
615 1652 776 1677 veneno
803 1636 959 1677 scilicet
985 1636 1148 1684 tollere3
1175 1635 1299 1684 volui,
1326 1649 1420 1675 cum
1446 1650 1513 1675 eo-

154 1698 349 1739 misatum
375 1698 524 1752 gladiis
548 1698 727 1738 adcincti
751 1713 817 1739 me
844 1699 975 1738 secuti
1001 1705 1108 1746 sunt,
1136 1697 1244 1738 ferro
1270 1697 1512 1737 interficere.

155 1768 343 1815 tempora
368 1761 535 1812 quidem
567 1761 705 1813 qualia
737 1760 817 1801 sint
844 1760 897 1800 ad
926 1759 1193 1815 parricidium
1218 1759 1349 1799 electa
1374 1758 1512 1799 vides:

154 1822 296 1871 lusus,
335 1822 537 1871 convivii,
576 1823 870 1863 comisationis.
941 1822 1063 1874 quid?
1106 1822 1192 1862 dies
1231 1821 1389 1874 qualis?
1431 1835 1513 1873 quo

155 1885 353 1925 lustratus
381 1885 600 1933 exercitus,
628 1899 709 1938 quo
734 1886 841 1925 inter
866 1885 1043 1925 divisam
1068 1883 1290 1932 victimam,
1316 1882 1511 1938 praelatis

156 1946 340 1987 omnium
354 1946 424 1999 qui
442 1961 641 1999 umquam
662 1947 777 1987 fuere
791 1946 1067 1987 Macedoniae
1086 1960 1233 2000 regum
1249 1945 1372 1985 armis
1387 1946 1511 1999 regis,

157 2008 238 2049 duo
265 2008 343 2049 soli
373 2015 443 2049 tua
474 2016 664 2063 tegentes
696 2009 844 2058 latera,
882 2016 1019 2063 pater,
1057 2007 1268 2062 praevecti
1299 2022 1440 2047 sumus
1474 2016 1515 2047 et

158 2078 346 2111 secutum
372 2078 436 2111 est
460 2071 745 2112 Macedonum
771 2063 940 2125 agmen,
967 2071 1047 2112 hoc
1072 2085 1170 2125 ego,
1204 2070 1329 2110 etiam
1355 2069 1390 2110 si
1415 2069 1513 2122 quid

159 2139 281 2172 antea
310 2132 575 2173 admisissem
605 2133 768 2188 piaculo
796 2132 987 2187 dignum,
1024 2132 1224 2172 lustratus
1251 2139 1290 2172 et
1325 2130 1514 2185 expiatus

160 2207 289 2242 sacro,
310 2201 398 2233 tum
418 2208 512 2234 cum
527 2195 705 2234 maxime
719 2194 762 2234 in
776 2194 956 2235 hostiam
974 2193 1111 2235 itineri
1123 2201 1265 2234 nostro
1286 2192 1515 2233 circumda-

159 2262 244 2295 tam
263 2255 442 2304 intuens‚
464 2256 743 2310 parricidium,
765 2271 939 2306 venena,
961 2256 1123 2311 gladios
1145 2255 1187 2295 in
1202 2254 1515 2296 comisationem

158 2324 427 2371 praeparatos
453 2318 692 2358 volutabam
723 2318 765 2358 in
792 2318 948 2367 animo,
985 2326 1029 2358 ut
1061 2317 1210 2371 quibus
1244 2317 1332 2357 aliis
1366 2316 1514 2356 deinde

161 2378 288 2419 sacris
315 2379 637 2419 contaminatam
658 2380 769 2420 omni
796 2380 950 2420 scelere
975 2387 1159 2420 mentem
1179 2378 1415 2433 expiat-em?
1441 2378 1515 2418 sed

160 2454 307 2481 caecus
328 2441 572 2481 criminandi
593 2442 819 2495 cupiditate
841 2442 1016 2490 animus,
1038 2442 1137 2481 dum
1157 2440 1295 2481 omnia
1321 2448 1516 2495 suspecta

161 2503 325 2543 efficere
353 2503 451 2552 vult,
478 2503 590 2543 aliud
615 2504 694 2544 alio
722 2504 949 2545 confundit.
988 2518 1084 2543 nam
1106 2503 1139 2543 si
1159 2517 1319 2543 veneno
1341 2509 1381 2542 te
1405 2502 1512 2542 inter

161 2579 306 2605 cenam
330 2565 472 2605 tollere
498 2565 627 2613 volui,
667 2565 764 2618 quid
795 2566 931 2606 minus
959 2572 1100 2619 aptum
1130 2564 1206 2605 fuit
1233 2578 1356 2617 quam
1387 2562 1515 2618 perti-

161 2626 253 2667 naci
278 2627 501 2668 certamine
527 2634 567 2668 et
599 2641 801 2668 concursu
827 2627 976 2669 iratum
1002 2634 1041 2668 te
1067 2626 1253 2674 efficere,
1284 2633 1327 2666 ut
1354 2625 1513 2674 merito,

1215 2692 1283 2726 28*

1535 285 1575 315 15

1536 470 1575 500 16

1537 842 1576 872 18
