1799 2900
481 207 635 242 LIBER
660 207 810 252 XXXI,
840 209 984 243 19-21.
1012 206 1213 253 [aeaco]
1476 197 1526 238 17

169 313 324 369 primos
350 312 454 354 fines
479 312 599 367 regni
624 312 773 366 legatis
801 312 967 353 obviam
992 326 1262 367 progressus,
1301 318 1345 352 ut
1375 309 1529 352 scribe-

168 383 259 416 rent
283 375 363 430 ipsi
389 389 491 428 quas
517 375 672 415 vellent
695 375 811 428 pacis
839 375 1103 416 condiciones
1129 374 1335 429 permisit:
1362 387 1528 415 omnem
1555 384 1573 413 6

167 451 313 492 pacem
345 437 498 478 bonam
528 437 765 489 iustamque
797 436 885 477 fore
919 436 998 477 sibi
1023 451 1117 477 cum
1142 436 1295 492 populo
1321 436 1527 477 Romano.

169 500 290 540 datae
315 499 430 553 leges
456 498 571 553 pacis
592 499 814 551 iussusque
836 498 889 539 ad
909 513 1000 539 eam
1020 498 1345 540 confirmandam
1364 498 1528 538 mittere

168 562 327 616 legatos
353 561 547 602 Romam.

252 622 362 663 XX.
411 623 496 663 Per
530 622 642 663 idem
678 631 842 677 tempus
874 623 927 663 L.
962 621 1182 664 Cornelius
1215 621 1422 663 Lentulus
1454 635 1529 676 pro
1558 634 1573 662 1

169 685 338 726 consule
364 699 416 725 ex
441 684 650 739 Hispania
675 685 809 725 rediit.
859 685 929 737 qui
955 699 1049 725 cum
1074 685 1116 725 in
1143 692 1291 726 senatu
1314 698 1380 724 res
1407 684 1459 724 ab
1486 697 1530 723 se
1557 694 1575 723 2

168 763 241 803 per
271 747 423 788 multos
458 762 588 788 annos
620 747 782 788 fortiter
812 747 1068 801 feliciterque
1099 756 1240 802 gestas
1268 746 1532 801 exposuisset

169 810 519 865 postulassetque,
540 817 586 849 ut
606 808 877 863 triumphanti
896 809 976 849 sibi
995 809 1137 850 invehi
1155 809 1297 849 liceret
1316 808 1360 848 in
1372 808 1530 855 urbem,

168 887 234 912 res
257 871 467 925 triumpho
487 871 634 926 dignas
657 886 749 911 esse
772 871 969 912 censebat
990 880 1171 919 senatus,
1200 870 1274 911 sed
1296 869 1533 924 exemplum
1558 881 1577 911 3

171 949 194 974 a
218 933 442 974 maioribus
469 949 553 974 non
579 934 812 987 accepisse,
851 941 896 973 ut
927 933 996 986 qui
1026 947 1161 986 neque
1193 932 1368 973 dictator
1398 946 1533 984 neque

171 997 315 1037 consul
340 1010 474 1049 neque
499 1004 665 1050 praetor
689 1010 757 1036 res
784 996 988 1049 gessisset
1014 995 1307 1049 triumpharet:
1338 1009 1414 1049 pro
1437 1008 1534 1034 eon-
1559 1004 1579 1033 4

171 1059 259 1099 sule
285 1058 401 1098 illum
417 1057 666 1111 Hispaniam
690 1057 961 1111 provinciam,
988 1071 1073 1097 non
1092 1057 1307 1097 consulem
1327 1063 1397 1096 aut
1415 1070 1535 1110 prac—

170 1129 303 1161 torem
323 1119 565 1160 obtinuisse,
605 1119 903 1159 decurrebatur
923 1127 1065 1159 tamen
1084 1133 1146 1167 co,
1173 1125 1217 1158 ut
1237 1133 1366 1158 ovans
1387 1118 1534 1157 urbem
1560 1126 1577 1156 5

169 1183 310 1231 iniret,
336 1182 620 1222 intercedente
646 1181 711 1221 Ti.
742 1180 991 1236 Sempronio
1017 1181 1172 1235 Longo
1197 1180 1361 1221 tribuno
1386 1180 1534 1235 plebis,

171 1244 240 1297 qui
265 1243 393 1284 nihilo
419 1242 553 1297 magis
578 1243 623 1282 id
646 1258 760 1284 more
786 1243 989 1284 maiorum
1015 1250 1085 1283 aut.
1107 1243 1191 1283 ullo
1213 1243 1404 1298 exemplo
1425 1243 1537 1283 futu-

169 1320 261 1346 rum
287 1305 454 1345 diceret.
514 1311 727 1359 postremo
753 1305 888 1345 victus
915 1319 1123 1346 consensu
1153 1312 1318 1360 patrum
1343 1305 1533 1345 tribunus
1562 1314 1579 1344 6

169 1367 295 1408 cessit
327 1374 368 1407 et
403 1382 454 1407 ex
480 1375 649 1408 senatus
683 1367 873 1408 consulto
899 1367 952 1408 L.
980 1367 1188 1408 Lentulus
1222 1382 1353 1408 ovans
1387 1367 1534 1408 urbem

170 1438 235 1470 est
263 1429 492 1484 ingressus.
553 1429 717 1484 argenti
753 1429 846 1469 tulit
882 1444 934 1470 ex
964 1430 1120 1484 praeda
1151 1429 1427 1484 quadraginta
1459 1429 1538 1470 tria
1564 1439 1580 1467 7

171 1491 283 1531 milia
313 1491 471 1545 pondo,
510 1492 598 1531 auri
630 1491 711 1532 duo
741 1491 855 1532 milia
881 1492 1185 1547 quadringenta
1216 1492 1536 1546 quinquaginta3

171 1552 370 1593 militibus
397 1568 449 1593 ex
473 1553 628 1607 praeda
654 1561 816 1594 centum
842 1554 987 1608 viginti
1013 1569 1129 1595 asses
1156 1553 1309 1594 divisit.

257 1613 390 1655 XXI.
441 1615 533 1656 Iam
559 1616 765 1657 exercitus
793 1617 1021 1658 consularis
1043 1617 1096 1657 ab
1110 1616 1280 1657 Arretio
1298 1616 1538 1656 Ariminum
1567 1626 1579 1654 1

174 1677 439 1717 transductus
467 1685 554 1718 erat
579 1685 620 1718 et
645 1679 825 1731 quinque
858 1678 972 1719 milia
1005 1678 1164 1719 socium
1189 1679 1334 1719 Latini
1359 1678 1537 1719 nominis

174 1754 226 1780 ex
264 1738 402 1779 Gallia
445 1738 487 1778 in
522 1739 735 1779 Etruriam
777 1741 1042 1781 transierant.
1101 1741 1243 1792 itaque
1280 1740 1333 1780 L.
1370 1739 1537 1788 Furius,
1565 1749 1583 1777 2

174 1800 338 1855 magnis
363 1800 580 1841 itineribus
607 1802 659 1841 ab
674 1801 867 1842 Arimino
894 1802 1095 1842 adversus
1113 1800 1259 1842 Gallos
1285 1800 1540 1842 Cremonam

175 1870 262 1902 tum
282 1862 520 1903 obsidentes
546 1863 772 1917 profectus,
800 1870 936 1903 castra
960 1863 1072 1903 mille
1098 1862 1419 1917 quingentorum
1444 1877 1541 1916 pas-

176 1939 297 1965 suum
322 1924 539 1965 intervallo
566 1925 619 1964 ab
645 1924 765 1965 hoste
789 1924 943 1980 posuit.
999 1925 1162 1966 occasio
1189 1923 1357 1979 egregie
1383 1924 1443 1964 rei
1467 1939 1540 1978 ge·
1566 1935 1584 1964 3

175 1986 329 2027 rendae
367 1986 462 2035 fuit,
509 1987 544 2026 si
579 1987 767 2041 protinus
807 1988 857 2027 de
893 1987 961 2027 via
998 1988 1051 2027 ad
1087 1994 1224 2028 castra
1260 1987 1542 2041 obpugnanda

177 2047 378 2089 duxisset.
427 2048 555 2103 palati
580 2049 738 2103 passim
764 2049 1026 2103 vagabantur
1051 2064 1125 2104 per
1150 2063 1273 2103 agros
1299 2048 1412 2089 nullo
1439 2048 1539 2089 satis
1565 2059 1586 2088 4

177 2109 295 2150 firmo
320 2110 463 2151 relicto
484 2111 703 2165 praesidio.
741 2111 1030 2151 lassitudinem
1056 2111 1232 2151 militum
1256 2110 1404 2158 timuit,
1431 2109 1542 2162 quod

175 2171 327 2226 raptim
364 2172 535 2213 ductum
573 2188 723 2227 agmen
760 2180 860 2213 erat.
922 2172 1035 2214 Galli
1072 2172 1250 2213 clamore
1289 2186 1456 2212 suorum
1488 2186 1539 2212 ex
1565 2183 1585 2212 5

179 2233 289 2287 agris
333 2235 516 2274 revocati
559 2235 714 2275 omissa
750 2235 926 2289 praeda,
977 2249 1082 2287 quae
1124 2234 1166 2274 in
1209 2234 1400 2274 manibus
1439 2241 1539 2282 erat,

180 2302 317 2334 castra
341 2297 572 2349 repetivere
597 2304 637 2337 et
662 2305 830 2350 postero
858 2297 923 2337 die
948 2296 991 2336 in
1023 2296 1153 2336 aciem
1178 2295 1403 2350 progressi.
1464 2309 1541 2336 nec
1567 2309 1585 2339 6

179 2356 395 2397 Romanus
433 2373 592 2398 moram
626 2358 842 2412 pugnandi
879 2358 991 2398 fecit.
1054 2358 1128 2398 sed
1164 2358 1233 2398 vix
1271 2358 1451 2412 spatium
1480 2357 1542 2396 in-

182 2420 368 2461 struendi
411 2420 507 2460 fuit:
557 2434 605 2460 eo
650 2434 772 2459 cursu
815 2420 957 2460 hostes
1001 2421 1043 2460 in
1085 2420 1289 2474 proelium
1326 2427 1540 2460 venerunt.

183 2484 327 2524 dextra
359 2483 425 2523 ala
448 2507 504 2511 ——
528 2483 570 2522 in
600 2482 687 2523 alas
722 2482 901 2522 divisum
935 2482 1130 2523 socialem
1162 2482 1390 2523 exercitum
1415 2482 1542 2522 habe-
1568 2494 1585 2521 7

182 2548 282 2587 bant
308 2571 359 2574 -
385 2545 428 2585 in
458 2544 592 2599 prima
623 2544 710 2584 acie
742 2544 875 2584 locata
901 2551 985 2593 est,
1022 2544 1065 2584 in
1096 2544 1291 2585 subsidiis
1325 2544 1431 2584 duae
1456 2544 1543 2584 Ro-

184 2622 329 2648 manae
354 2607 553 2662 legiones.
614 2606 676 2646 M.
702 2606 853 2646 Furius
881 2606 1050 2647 dextrae
1077 2606 1184 2655 alae,
1216 2605 1451 2660 legionibus
1476 2605 1539 2646 ΪΜ.
1565 2617 1586 2647 S

185 2669 407 2717 Caecilius,
434 2669 641 2722 equitibus
668 2669 721 2708 L.
742 2669 936 2710 Valerius
961 2669 1138 2710 Flaccus
1163 2693 1217 2697 ——
1243 2668 1370 2722 legati
1396 2681 1541 2709 omnes

219 2736 281 2763 Lem
297 2737 351 2763 υυι.
369 2737 419 2766 111.
1282 2734 1304 2768 2
