1799 2900
220 251 258 280 10

219 372 251 400 ll

220 744 258 773 13

219 868 258 896 14

218 1056 257 1084 15

237 1490 255 1518 10

236 1676 254 1705 3

283 125 368 166 444
576 131 730 165 Lmen
755 131 921 175 xxxx,
946 131 1000 165 22.
1021 132 1075 167 23.
1105 134 1206 176 [a.u.
1223 143 1251 167 e.
1267 132 1350 176 573]

282 250 379 277 nere
412 234 507 275 inde
540 233 661 275 simili
693 233 818 288 fugae
848 234 890 274 in
915 234 1190 277 Dentheletos
1228 235 1480 276 transcurrit.
1542 234 1640 275 socii

284 304 419 346 erant,
463 296 536 337 sed
573 304 740 351 propter
775 296 958 351 inopiam
994 297 1106 337 haud
1143 312 1262 338 secus
1301 313 1425 351 quam
1461 297 1640 338 hostium

285 361 387 400 fines
423 358 682 399 Macedones
720 358 906 413 populati
944 366 1056 409 sunt;
1105 360 1303 414 rapiendo
1341 361 1451 401 0111111
1486 359 1642 414 passim

284 420 403 461 villas
429 420 628 475 primum,
656 420 751 460 dein
777 420 980 473 quosdam
1002 422 1126 462 ctiam
1147 422 1260 463 vicos
1281 430 1534 471 evastarunt,
1560 436 1641 461 non

285 484 372 524 sine
398 499 551 538 magno
571 484 728 539 pudore
747 484 878 538 regis,
905 498 996 524 eum
1019 484 1223 525 sociorum
1249 499 1371 526 voces
1392 484 1642 537 nequiquam

285 546 384 587 deos
418 545 593 586 sociales
625 560 858 598 nomenque
891 561 1011 586 suum
1042 546 1294 601 inplorantes
1328 547 1499 587 audiret.
1559 546 1645 586 fru-

283 615 423 649 mento
448 608 544 648 inde
571 608 733 648 sublato
758 608 799 647 111
817 607 1055 649 Maedicam
1080 624 1310 663 regressus,
1336 609 1494 657 urbem,
1521 623 1643 661 quam

283 670 453 711 Petram
485 670 714 725 adpellant„
753 671 995 725 obpugnare
1028 679 1090 712 est
1123 672 1304 711 adortus.
1365 670 1454 724 ipse
1485 685 1510 710 a
1535 683 1645 709 cam-

284 733 413 787 pestri
451 733 564 773 aditu
602 740 738 773 castra
768 733 926 787 posuit,
963 733 1167 774 Perseum
1198 733 1326 772 filium
1359 746 1452 772 eum
1483 731 1646 772 modica

283 810 408 835 manu
435 794 717 843 circummisit,
743 802 789 834 ut
815 795 866 835 ab
893 795 1173 849 superioribus
1199 794 1300 836 locis
1326 795 1471 834 urbem
1497 794 1646 847 adgre-

284 857 461 898 deretur.
522 857 738 911 oppidani,
776 870 869 897 eum
895 864 1024 898 terror
1048 858 1230 910 undique
1261 857 1452 906 instaret,
1491 855 1645 897 obsidi-

284 921 360 960 bus
383 919 488 960 datis
516 919 557 959 in
581 919 818 974 praesentia
838 920 1084 960 dediderunt
1106 934 1216 968 sesc3
1255 919 1398 967 iidem,
1424 926 1644 974 postquam

284 983 488 1023 exereitus
513 982 697 1031 recessit,
725 982 839 1023 obliti
866 983 1059 1024 obsidum
1083 983 1226 1023 relicta
1250 983 1351 1023 urbe
1374 982 1414 1022 in
1440 982 1531 1022 loca
1555 995 1645 1021 mu-

283 1045 369 1086 nita
394 1052 433 1085 ct
458 1053 621 1086 montes
646 1046 903 1099 refugerunt.
941 1045 1162 1100 Philippus
1185 1045 1295 1086 omni
1321 1059 1473 1100 genere
1492 1043 1645 1085 laboris

284 1108 372 1148 sine
397 1108 481 1148 ullo
508 1108 660 1149 effectu
685 1108 869 1162 fatigatis
896 1107 1095 1148 militibus
1122 1115 1163 1148 01
1195 1107 1340 1148 fraude
1366 1107 1503 1147 Didae
1528 1121 1646 1161 prae-

283 1170 382 1211 toris
409 1170 540 1210 auctis
568 1170 609 1209 in
636 1170 763 1210 filium
791 1170 1091 1224 suspitionibus
1123 1170 1165 1210 in
1191 1169 1487 1210 Blaeedoniam
1511 1168 1644 1210 rediit.

368 1231 550 1272 XXIII.
600 1231 762 1272 Missus
789 1231 855 1272 hic
881 1246 1040 1280 eomeS,
1072 1239 1117 1271 111
1144 1240 1237 1273 111110
1264 1232 1418 1272 (110111111
1444 1238 1525 1280 est,
1552 1245 1645 1270 011111

284 1293 590 1348 simplicitatem
622 1293 782 1334 iuvenis
813 1294 967 1333 incauti
999 1301 1037 1334 et
1071 1294 1155 1334 suis
1188 1294 1299 1334 haud
1329 1293 1520 1334 inmerito
1553 1308 1646 1334 sue-

283 1356 490 1396 censentis
529 1356 786 1396 adsentando
822 1356 1161 1409 indignandoque
1200 1364 1240 1396 et
1271 1356 1360 1410 ipse
1395 1356 1525 1396 vicem
1557 1355 1644 1396 eius

283 1424 480 1472 captaret,
507 1417 548 1457 in
574 1417 713 1458 omnia
736 1417 843 1458 ultro
871 1432 989 1457 suam
1015 1418 1208 1458 obferens
1236 1432 1417 1471 operam,
1443 1417 1524 1458 fide
1551 1418 1647 1458 data

283 1493 434 1520 areana
459 1479 546 1520 eius
574 1479 724 1519 01101111.
775 1479 919 1532 fugam
945 1479 997 1519 ad
1017 1479 1229 1520 Romanos
1250 1479 1491 1520 Demetrius
1516 1480 1647 1520 medi-

282 1542 458 1581 tabatur.
496 1541 561 1580 eui
587 1541 758 1581 consilio
785 1541 947 1581 adiutor
973 1541 1096 1581 desim
1121 1541 1323 1581 beneficio
1349 1541 1512 1582 oblatus
1533 1542 1646 1583 vide-

281 1603 401 1643 batur
414 1602 625 1643 Paeoniae
650 1608 834 1656 praetor,
862 1617 935 1656 per
961 1603 1076 1643 cuius
1102 1602 1357 1657 provinciam
1384 1618 1499 1658 spem
1527 1618 1647 1658 cepe-

280 1672 343 1705 rat
380 1664 487 1705 elabi
523 1672 611 1705 tuto
648 1679 786 1718 posse.
850 1664 928 1705 hoc
965 1665 1182 1705 consilium
1219 1665 1426 1720 extemplo
1460 1673 1500 1706 et
1531 1666 1645 1706 fratri

235 1739 255 1767 4
281 1726 468 1781 proditur
505 1734 545 1767 01
581 1733 747 1767 auctore
780 1741 828 1767 00
860 1727 1065 1767 indicatur
1095 1727 1215 1782 patri.
1275 1728 1435 1768 litterae
1467 1728 1645 1783 primum

236 1986 254 2015 ζῇ

238 2297 254 2325 *l

281 1789 334 1828 ad
365 1788 625 1829 obsidentem
656 1789 827 1830 Petram
861 1789 1023 1829 adlatae
1059 1797 1166 1830 sunt.
1227 1789 1322 1830 inde
1354 1791 1646 1831 Herodorus-

281 1850 472 1905 princeps
500 1850 566 1891 hic
599 1851 826 1892 amicorum
850 1851 1057 1892 Demetrii
1089 1859 1176 1892 erat
1194 1877 1227 1880 —
1247 1852 1287 1892 in
1321 1853 1551 1893 custodiam
1583 1860 1645 1894 est

282 1913 492 1953 coniectus
530 1920 570 1954 et
605 1913 847 1954 Demetrius
892 1914 1201 1955 dissimulanter
1243 1904 1454 1968 adssffils'ssaii
1491 1915 1643 1956 iussus.

281 1975 384 2016 haec
409 1991 534 2030 super
560 1984 697 2017 cetera
722 1976 881 2017 tristem
908 1977 1131 2017 adventum
1163 1976 1205 2017 in
1230 1976 1525 2018 Macedoniam
1556 1978 1642 2032 regi

280 2038 480 2079 fecerunt.
517 2039 739 2080 movebant
760 2054 853 2079 eum
875 2046 914 2079 01
933 2039 1169 2093 praesentia
1189 2039 1377 2088 crimina3
1399 2048 1645 2094 exspectan-

281 2100 355 2140 dos
381 2108 540 2150 tamen,
579 2115 682 2153 quos
717 2101 769 2140 ad
801 2101 1057 2155 exploranda
1089 2101 1227 2142 omnia
1251 2101 1431 2142 Romam
1462 2102 1642 2151 miserat,

281 2163 490 2203 censebat.
551 2162 614 2203 his
650 2163 797 2203 anxius
830 2164 937 2203 curis
971 2178 1063 2212 eum
1097 2163 1252 2216 aliquot
1281 2179 1447 2204 menses
1474 2164 1642 2219 egisset,

280 2225 448 2264 tandem
473 2225 618 2279 legati,
644 2225 726 2265 iam
752 2233 846 2266 ante
872 2226 1182 2280 praemeditatis
1208 2226 1250 2266 in
1267 2226 1519 2267 Macedonia
1538 2241 1642 2279 quae

283 2287 333 2326 ab
359 2287 497 2327 Roma
521 2287 824 2336 renuntiarent,
864 2295 1078 2329 venerunt.
1139 2288 1209 2341 qui
1241 2303 1365 2343 super
1391 2297 1525 2329 cetera
1554 2303 1641 2329 sce-

280 2348 366 2388 lera
402 2348 529 2389 falsas
569 2349 693 2389 etiam
730 2349 907 2399 litteras,
947 2350 1066 2404 signo
1105 2351 1335 2391 adulterino
1373 2350 1423 2391 T.
1458 2350 1640 2402 Quinctii

282 2410 485 2462 signatas,
512 2411 781 2452 reddiderunt
804 2411 906 2465 regi.
968 2412 1204 2466 deprecatio
1230 2412 1271 2452 in
1296 2412 1442 2452 litteris
1469 2419 1574 2461 erat,
1607 2413 1640 2452 si

283 2472 381 2523 quid
407 2473 650 2513 adulescens
678 2474 900 2527 cupiditate
926 2475 1044 2529 regni
1065 2475 1284 2528 prolapsus
1306 2489 1446 2515 secum
1467 2475 1639 2529 egisset:

280 2533 381 2572 nihil
418 2549 509 2574 cum
542 2535 742 2576 adversus
782 2552 950 2576 suorum
987 2550 1235 2589 quemquam
1268 2537 1474 2578 facturum
1506 2550 1638 2588 neque

281 2608 373 2633 eum
412 2610 503 2636 scsc
541 2612 652 2645 esse,
697 2598 766 2650 (1111
803 2598 926 2638 ullius
969 2598 1069 2653 inpii
1107 2599 1266 2639 consilii
1306 2606 1447 2639 auctor
1477 2599 1637 2639 futurus
