1799 2900
458 136 608 170 LIBER
634 135 858 180 xxxviii,
883 136 937 170 54.
960 136 1012 170 55.
1041 138 1089 180 [a.
1104 135 1141 170 c.
1158 136 1239 179 187]
1441 126 1522 167 367

176 241 311 284 tiocho
342 240 465 280 modo
502 238 700 293 pecuniae
738 248 882 292 captae
914 239 1067 287 forent,
1113 239 1187 279 sed
1217 253 1321 291 quae
1353 238 1404 278 ab
1436 237 1526 278 aliis

174 302 342 357 regibus
379 299 674 355 gentibusque,
714 298 792 340 Cn.
824 300 1030 340 Manlium
1060 301 1270 340 inimicum
1300 300 1525 340 incessens.

175 371 215 405 et
240 364 293 403 L.
322 361 482 416 Scipio,
521 375 644 413 quem
676 361 809 415 magis
839 377 914 416 pro
941 377 984 402 se
1010 377 1134 414 quam
1165 362 1364 401 adversus
1391 361 1526 415 legem
1552 374 1570 402 8

175 426 381 465 dicturum
407 423 650 477 adparebat,
678 423 890 463 dissuasor
914 423 1129 477 processit.
1177 423 1211 462 is
1237 431 1333 476 post
1356 430 1529 463 mortem

174 487 224 527 P.
251 485 440 525 Africani
466 484 624 531 fratris,
663 484 739 524 viri
764 484 947 523 omnium
978 484 1192 525 fortissimi
1218 483 1528 535 clarissimique,

176 563 267 588 eam
304 555 491 587 exortam
527 545 785 599 rogationem
823 556 885 585 est
922 553 1195 598 conquestus:
1239 559 1385 598 parum
1421 545 1529 585 enim

175 609 304 650 fuisse
331 624 413 649 non
437 607 596 648 laudari
621 623 695 662 pro
720 607 864 648 rostris
889 609 937 648 P.
953 608 1198 648 Africanum
1223 616 1318 661 post
1342 614 1528 655 mortem,

175 671 255 711 nisi
281 671 404 711 etiam
430 678 705 710 accusaretur.
761 677 800 709 et
827 669 1196 723 Carthaginienses
1223 669 1344 710 exilio
1369 669 1531 709 Hanni-

175 733 280 773 balis
313 739 528 773 contentos
561 747 672 780 esse3
714 732 912 786 populum
936 732 1173 772 Romanum
1205 746 1255 771 ne
1288 738 1417 772 morte
1443 731 1531 784 qui-

178 794 271 835 dem
302 794 352 834 P.
387 792 594 847 Scipionis
632 793 842 842 exsatiari,
880 793 960 833 11151
997 803 1035 833 01
1072 794 1201 847 ipsius
1240 794 1351 833 fama
1383 793 1532 847 sepulti

176 855 379 896 laceretur
410 863 449 896 et
480 856 606 895 frater
637 854 824 909 insuper,
863 855 1046 895 accessio
1077 855 1274 903 invidiae,
1317 863 1529 895 mactetur.

177 918 238 958 M.
256 917 362 958 Cato
384 917 511 957 suasit
533 917 790 970 rogationem
803 941 859 944 —
878 924 1013 957 exstat
1032 917 1161 957 oratio
1181 917 1268 957 eius
1289 917 1338 957 de
1357 916 1531 971 pecunia

176 979 287 1032 regis
313 978 512 1018 Antiochi
530 1003 586 1006 ——
607 986 645 1018 et
665 978 892 1018 Mummios
919 979 1104 1019 tribunos
1133 979 1373 1019 auctoritate
1399 978 1533 1019 deter-

178 1041 277 1089 ruit,
318 1055 369 1080 ne
396 1040 713 1080 adversarentur
737 1040 954 1093 rogationi.
1014 1039 1317 1080 remittentibus
1344 1054 1443 1094 ergo
1468 1039 1531 1080 his

177 1101 516 1142 intercessionem
542 1116 684 1140 omnes
711 1101 840 1141 tribus
866 1101 925 1140 uti
949 1109 1168 1155 rogassent
1193 1101 1414 1142 iusserunt.

264 1163 359 1204 LV.
415 1163 504 1201 Ser.
534 1160 719 1215 Sulpicio
746 1162 893 1202 deinde
918 1162 1141 1211 referente,
1174 1176 1295 1214 quem
1319 1163 1533 1216 rogatione

178 1223 344 1264 Petillia
369 1238 565 1275 quaerere
591 1223 761 1272 vellent,
788 1222 842 1274 Q.
859 1223 1099 1264 Terentium
1126 1224 1370 1264 Culleonem
1394 1232 1532 1278 patres

178 1286 399 1325 iusserunt.
461 1284 513 1324 ad
545 1284 654 1324 hunc
684 1293 934 1338 praetorem,
974 1285 1077 1325 adeo
1110 1285 1287 1325 amicum
1315 1284 1533 1325 Corneliae

179 1345 379 1394 familiae,
405 1353 449 1385 ut
478 1345 547 1398 qui
561 1345 721 1386 Romae
743 1353 950 1386 mortuum
976 1346 1210 1399 elatumque
1229 1346 1278 1386 P.
1296 1344 1533 1400 Scipionem

178 1434 235 1438 —
254 1416 316 1449 est
337 1408 445 1453 enim
467 1423 515 1448 ea
542 1422 704 1461 quoquc
725 1408 837 1448 fama
855 1433 911 1437 -—
931 1408 1117 1457 tradunt,
1144 1409 1340 1462 pileatum
1364 1408 1468 1448 sicut
1493 1408 1534 1447 in

180 1470 387 1524 triumpho
412 1470 515 1510 ierat
539 1469 581 1509 in
611 1470 754 1510 funere
781 1484 943 1522 quoque
975 1478 1069 1509 ante
1094 1470 1245 1510 lectum
1270 1470 1353 1510 isse
1378 1484 1534 1510 memo-

180 1532 264 1571 riae
295 1530 549 1585 prodiderint
582 1540 621 1571 et
653 1531 705 1570 ad
736 1539 897 1585 portam
931 1530 1146 1585 Capenam
1178 1531 1356 1571 mulsum
1392 1546 1534 1586 prose—

183 1593 286 1633 cutis
323 1592 446 1632 funus
479 1592 662 1641 dedisse,
701 1593 811 1645 quod
844 1593 894 1632 ab
927 1607 975 1633 00
1004 1592 1111 1633 inter
1143 1593 1243 1632 alios
1276 1593 1461 1647 captivos
1492 1593 1532 1632 in

182 1654 328 1693 Africa
365 1669 415 1694 ex
452 1653 640 1694 hostibus
678 1662 867 1708 receptus
906 1662 1035 1702 esset,
1080 1664 1149 1693 aut
1185 1654 1288 1694 adeo
1323 1654 1532 1694 inimicum

182 1716 377 1763 eundem,
403 1724 447 1755 ut
478 1723 645 1769 propter
675 1715 882 1769 insignem
913 1715 1164 1755 simultatem
1191 1716 1242 1755 ab
1268 1730 1316 1756 ea
1342 1716 1533 1764 factione,

183 1792 288 1830 quae
320 1778 495 1817 adversa
527 1776 791 1830 Scipionibus
824 1785 928 1825 erat,
968 1777 1151 1817 delectus
1184 1778 1235 1818 sit
1271 1777 1533 1832 potissimum

183 1840 236 1880 ad
267 1838 550 1891 quaestionem
582 1839 870 1888 exercendam,
896 1863 952 1867 ——
983 1846 1163 1879 ceterum
1196 1839 1248 1878 ad
1278 1839 1387 1878 hunc
1412 1838 1533 1878 nimis

183 1915 360 1954 aequum
384 1908 455 1940 aut
484 1900 670 1953 iniquum
699 1909 932 1955 praetorem
961 1915 1055 1940 reus
1082 1900 1289 1955 extemplo
1321 1901 1454 1941 faetus
1479 1901 1533 1941 L.

185 1962 338 2017 Scipio.
372 1962 493 2002 simul
518 1972 557 2002 01
578 1962 715 2002 delata
734 1971 773 2002 et
798 1971 965 2017 recepta
983 1962 1151 2003 nomina
1174 1962 1406 2016 legatorum
1432 1963 1533 2009 eius,

183 2026 237 2065 A.
275 2032 315 2065 et
350 2025 403 2064 L.
434 2024 710 2064 Hostiliorum
750 2023 957 2064 Catonum
995 2031 1036 2065 et
1073 2023 1122 2065 C.
1154 2024 1269 2064 Furii
1306 2023 1533 2063 Aculeonis

183 2085 412 2138 quaestoris
439 2092 491 2133 et,
516 2092 562 2125 ut
583 2086 720 2126 omnia
746 2094 935 2126 contacta
960 2085 1156 2126 societate
1180 2086 1394 2139 peculatus
1422 2085 1535 2125 vide-

183 2153 336 2194 rentur,
363 2146 521 2186 scribae
547 2161 709 2199 quoque
735 2147 816 2188 duo
843 2154 882 2187 et
907 2161 1121 2188 accensus.
1182 2147 1235 2187 L.
1262 2146 1468 2187 Hostilius
1495 2155 1535 2186 et

185 2207 343 2248 scribae
385 2215 426 2248 et
467 2221 686 2256 accensus,
736 2209 976 2262 priusquam
1014 2209 1064 2249 de
1103 2207 1297 2262 Scipione
1339 2207 1534 2247 iudicium

184 2269 311 2317 fieret,
339 2268 516 2309 absoluti
542 2277 655 2317 sunt,
683 2268 824 2324 Scipio
850 2278 891 2310 et
914 2270 969 2310 A.
996 2270 1202 2309 Hostilius
1229 2270 1390 2323 legatus
1417 2276 1456 2308 et
1483 2267 1532 2309 C.

182 2330 334 2370 Furius
373 2330 573 2370 damnati:
611 2345 691 2382 quo
723 2331 976 2371 commodior
1006 2346 1089 2384 pax
1112 2331 1323 2371 Antiocho
1356 2330 1532 2379 daretur,

186 2390 424 2445 Scipionem
451 2406 524 2431 sex
549 2391 661 2431 milia
690 2392 828 2445 pondo
855 2392 959 2440 auri,
998 2392 1300 2445 quadringenta
1325 2391 1534 2445 octoginta

185 2452 345 2506 argenti
381 2452 473 2506 plus
512 2452 722 2506 accepisse
758 2467 883 2505 quam
918 2452 960 2492 in
992 2453 1195 2493 aerarium
1226 2453 1446 2501 rettulerit,
1476 2453 1532 2493 A.

188 2513 410 2554 Hostilium
443 2514 652 2567 octoginta
682 2514 819 2567 pondo
851 2514 938 2553 auri
970 2521 1009 2554 et
1042 2514 1202 2568 argenti
1234 2514 1534 2568 quadringenta

184 2575 277 2624 tria,
303 2574 475 2615 Furium
507 2583 766 2628 quaestorem
793 2575 878 2615 auri
904 2575 1041 2630 pondo
1067 2583 1231 2616 centum
1258 2575 1443 2630 triginta,
1469 2590 1533 2615 ar-

1555 558 1572 585 ‘d

1560 742 1597 770 10

1560 927 1594 955 11

1560 1298 1577 1325 ¹0
