1799 2900
474 205 629 240 LIBER
653 204 800 249 XXXI,
826 205 881 239 35.
902 205 957 239 36.
986 207 1034 249 [a.
1050 205 1087 240 c.
1103 205 1185 248 200]
1448 193 1501 236 31

233 309 435 353 XXXV.
484 309 577 350 Rex
603 323 701 349 vero
728 317 813 349 tam
839 309 1011 350 celerem
1047 309 1180 350 aleam
1203 308 1387 349 universi
1418 322 1503 348 cer-
1532 321 1544 351 1

151 373 315 414 taminis
348 372 516 420 timens,
555 371 880 425 quadringentos
913 371 1064 412 Trallis
1096 396 1153 400 ———
1182 371 1418 424 Illyriorum
1448 370 1504 418 id,

152 436 257 476 sicut
287 434 366 475 alio
399 433 577 473 diximus
610 433 720 481 loco,
759 441 822 473 est
852 449 984 488 genus
1015 458 1072 462 —
1103 441 1142 474 et
1169 432 1393 474 Cretenses
1427 440 1507 472 tre-

151 503 293 537 centos
332 495 471 536 addito
509 494 572 535 his
610 495 819 549 peditibus
857 496 947 550 pari
984 509 1154 536 numero
1193 495 1377 548 equitum
1414 509 1506 534 cum

152 559 255 599 duce
280 558 568 612 Athenagora,
593 572 676 598 uno
704 572 754 598 ex
780 558 1030 612 purpuratis,
1064 558 1116 598 ad
1140 557 1407 598 lacessendos
1434 557 1508 598 ho-

153 620 277 661 stium
303 620 461 672 equites
487 619 612 660 misit.
674 620 726 659 ab
751 619 953 660 Romanis
981 628 1120 660 autem
1143 644 1199 648 —
1224 620 1367 660 aberat
1397 618 1505 659 acies
1532 633 1551 662 2

152 697 295 723 eorum
321 681 443 736 paulo
468 681 561 735 plus
589 681 838 735 quingentos
864 697 1014 736 passus
1029 681 1243 723 —velites
1265 690 1304 722 et
1325 681 1509 734 equitum

153 746 258 786 duae
284 745 414 785 ferme
441 744 530 785 alae
556 744 746 793 emissae,
773 752 817 784 ut
836 760 1008 785 numero
1030 759 1193 797 quoque
1214 758 1339 797 eques
1359 744 1510 798 pedes-

153 821 232 860 que
258 806 422 847 hostem
447 813 684 858 aequarent.
745 807 912 847 credere
944 806 1048 861 regii
1079 821 1210 860 genus
1235 820 1402 861 pugnae
1428 819 1508 858 quo
1537 819 1554 848 3

153 868 431 908 adsueverant
461 868 568 916 fore,
605 875 650 907 ut
681 868 839 921 equites
872 868 915 908 in
946 868 1079 908 vicem
1110 868 1375 920 insequentes
1400 867 1512 907 refu-

153 930 398 983 gientesque
424 944 533 969 nunc
559 929 650 970 telis
676 937 906 978 uterentur,
939 944 1049 970 nunc
1075 937 1192 983 terga
1218 929 1380 977 darent,
1412 928 1513 982 Illy-

153 991 308 1032 riorum
338 991 536 1031 velocitas
569 991 622 1031 ad
652 992 918 1032 excursiones
959 998 999 1031 ct
1035 991 1200 1045 inpetus
1234 991 1392 1031 subitos
1418 990 1512 1031 usui

155 1061 279 1102 esset,
308 1051 532 1093 Cretenses
558 1053 600 1092 in
625 1053 891 1093 invehentem
918 1068 961 1093 se
988 1053 1120 1093 effuse
1146 1052 1310 1093 hostem
1337 1052 1511 1107 sagittas

156 1115 403 1156 conicerent.
464 1115 646 1154 turbavit
677 1115 787 1154 hunc
813 1114 1001 1155 ordinem
1031 1113 1246 1168 pugnandi
1271 1129 1355 1154 non
1381 1114 1513 1154 acrior
1537 1126 1558 1154 4

155 1191 280 1229 quam
303 1175 551 1231 pertinacior
575 1176 739 1230 inpetus
765 1176 1063 1217 Romanorum.
1133 1191 1230 1215 nam
1256 1175 1368 1215 haud
1394 1189 1512 1216 secus
1541 1189 1558 1215 :2

156 1253 279 1291 quam
317 1237 352 1277 si
387 1245 473 1277 tota
517 1237 604 1277 acie
642 1237 885 1278 dimicarent
922 1247 962 1278 et
998 1238 1143 1278 velites
1182 1237 1345 1278 emissis
1384 1236 1514 1278 hastis

155 1299 384 1340 comminus
416 1299 565 1353 gladiis
596 1315 684 1340 rem
716 1301 916 1354 gerebant
949 1307 989 1341 et
1019 1300 1198 1353 equites,
1236 1306 1281 1340 ut.
1313 1299 1441 1340 semel
1472 1298 1516 1339 in

155 1362 318 1402 hostem
343 1361 476 1401 evecti
502 1370 608 1410 sunt,
638 1362 842 1403 stantibus
864 1361 993 1415 equis,
1020 1362 1170 1417 partim
1192 1377 1243 1402 ex
1262 1361 1363 1416 ipsis
1385 1361 1515 1414 equis,

156 1424 307 1478 partim
327 1423 565 1464 desilientes
590 1424 940 1478 immiscentesque
960 1440 1004 1465 se
1030 1425 1240 1479 peditibus
1259 1425 1514 1480 pugnabant.

156 1486 214 1526 ita.
238 1500 315 1526 nec
340 1500 466 1539 eques
492 1487 631 1540 regins
659 1487 786 1540 equiti
811 1503 886 1542 par
906 1495 1005 1536 erat,
1031 1487 1218 1528 insuetus
1246 1487 1299 1527 ad
1324 1486 1517 1527 stabilem
1543 1496 1561 1526 G

158 1563 356 1602 pugnam,
381 1563 459 1588 nec
489 1549 618 1602 pedes
646 1558 912 1589 concursator
939 1557 979 1590 et
1003 1564 1135 1604 vagus
1169 1557 1210 1590 et
1233 1563 1363 1603 prope
1395 1548 1518 1589 semi-

159 1610 294 1650 nudus
321 1624 472 1664 genere
505 1626 713 1651 armorum
745 1611 858 1652 veliti
881 1611 1074 1652 Romano
1100 1626 1287 1666 parmam
1312 1610 1516 1665 gladium-

160 1686 240 1724 que
271 1671 440 1711 habenti
470 1672 704 1726 pariterquc
736 1680 776 1713 et
807 1673 860 1713 ad
892 1688 935 1713 se
968 1673 1166 1713 tuendum
1199 1680 1239 1713 et
1271 1673 1323 1713 ad
1353 1672 1516 1713 hostem

159 1733 386 1788 petendum
411 1741 581 1774 armato.
642 1749 726 1774 non
750 1734 879 1775 tulere
910 1735 1049 1787 itaque
1075 1735 1401 1782 dimicationem,
1440 1748 1517 1773 nec
1543 1745 1558 1773 7

161 1795 243 1836 alia
266 1810 310 1835 re
337 1809 461 1847 quam
487 1795 704 1835 velocitate
731 1803 913 1836 tutantes
940 1811 984 1836 se
1010 1796 1051 1835 in
1077 1803 1213 1836 castra
1236 1796 1493 1849 refugerunt.

246 1856 470 1899 XXXVI.
519 1858 618 1898 Uno
652 1857 800 1898 deinde
830 1857 1067 1898 intermisso
1094 1857 1178 1905 die,
1206 1871 1299 1897 cum
1325 1856 1516 1897 omnibus
1546 1869 1558 1898 1

163 1919 292 1974 copiis
319 1919 505 1972 equitum
535 1919 721 1972 levisque
746 1928 979 1960 armaturae
1011 1928 1269 1974 pugnaturus
1294 1933 1369 1959 rex
1394 1926 1518 1967 esset,

162 1988 283 2022 nocte
309 1988 532 2030 caetratos,
560 1996 663 2034 quos
689 1982 889 2036 peltastas
916 1990 1085 2031 vocant,
1112 1981 1204 2022 loco
1229 1989 1432 2035 oportuno
1457 1981 1519 2020 in-

163 2050 224 2084 ter
248 2043 346 2083 bina
371 2051 506 2084 castra
532 2043 574 2083 in
598 2044 759 2084 insidiis
786 2044 1000 2084 abdiderat
1023 2050 1372 2098 praeceperatque
1386 2042 1520 2083 Athe·
1546 2055 1564 2084 2

163 2120 345 2159 nagorae
367 2112 405 2146 et
432 2106 654 2158 equitibus,
681 2114 738 2153 ut,
766 2106 801 2147 si
827 2115 968 2161 aperto
989 2106 1145 2161 proelio
1170 2105 1413 2160 procederet
1437 2118 1517 2153 res,

163 2174 376 2208 uterentur
396 2168 575 2217 fortuna,
603 2169 637 2209 si
657 2169 806 2218 minus,
835 2169 1020 2210 cedendo
1035 2167 1189 2209 sensim
1209 2167 1261 2208 ad
1279 2167 1522 2207 insidiarum

164 2229 301 2271 locum
328 2230 491 2271 hostem
522 2231 822 2285 pertraherent.
885 2240 925 2272 et
957 2231 1163 2284 equitatus
1190 2229 1357 2282 quidem
1383 2228 1520 2277 cessit,
1548 2241 1566 2271 3

166 2291 292 2331 duces
331 2300 536 2332 caetratae
568 2293 747 2333 cohortis
779 2308 862 2333 non
893 2293 992 2333 satis
1027 2299 1243 2347 expectato
1276 2291 1395 2345 signo
1427 2298 1521 2331 ante

167 2359 330 2407 tempus
357 2353 544 2394 excitatis
572 2354 656 2394 suis
683 2355 945 2395 occasionem
976 2355 1081 2394 bene
1107 2353 1314 2408 gerendae
1339 2352 1398 2393 rei
1423 2352 1523 2392 ami-

169 2430 271 2456 sere.
309 2416 526 2456 Romanus
553 2424 593 2456 et
619 2423 761 2471 aperto
786 2416 942 2470 proelio
969 2416 1099 2457 victor
1124 2423 1165 2457 et
1188 2422 1300 2455 tutus
1329 2429 1351 2454 a
1376 2414 1522 2455 fraude

168 2477 411 2517 insidiarum
436 2477 479 2517 in
504 2485 639 2518 castra
665 2492 758 2518 sese
782 2477 951 2532 recepit.

252 2539 429 2580 Postero
455 2538 521 2579 die
547 2539 690 2580 consul
716 2539 908 2580 omnibus
935 2539 1064 2594 copiis
1090 2539 1133 2579 in
1158 2538 1289 2579 aciem
1310 2537 1524 2579 descendit
1548 2549 1567 2578 4

170 2608 264 2642 ante
288 2601 422 2656 prima
448 2600 568 2655 signa
592 2601 737 2642 locatis
765 2601 1015 2656 elephantis,
1043 2616 1124 2655 quo
1150 2601 1301 2642 auxilio
1329 2607 1416 2640 tum
1439 2599 1523 2655 pri-

170 2678 284 2704 mum
307 2663 499 2714 Romani,
527 2663 624 2716 quia
649 2671 790 2718 captos
812 2663 967 2718 aliquot
992 2663 1101 2705 bello
1113 2663 1275 2704 Punico
1299 2662 1522 2710 habebant,
