1799 2900
239 187 294 228 36
536 191 689 226 LIBER
715 190 867 234 xxm,
893 190 947 224 40.
967 189 1022 224 41.
1052 192 1101 234 [a.
1116 202 1149 224 u.
1166 201 1194 225 0.
1209 190 1292 233 554]

235 308 494 352 postremum
537 309 689 350 agmen
732 293 945 349 segniores
990 308 1060 334 eos
1105 294 1158 334 ad
1199 293 1426 335 movendos
1471 293 1594 335 domo

193 374 211 404 9
239 359 441 402 exercitus
469 357 647 398 efficere.
707 356 884 397 Aetolos
910 356 1176 397 Damocritus
1202 365 1385 411 praetor,
1414 356 1482 410 qui
1507 371 1595 397 mo-

237 437 306 463 rae
333 421 385 462 ad
410 419 716 461 decernendum
740 419 896 459 bellum
922 418 974 458 ad
992 418 1255 473 Naupactum
1281 426 1422 459 auctor
1447 419 1594 466 fuerat,

237 485 346 525 idem
383 482 573 538 proximo
605 482 779 522 concilio
812 481 864 522 ad
895 497 1009 522 arma
1041 481 1275 522 conciverat
1312 490 1407 537 post
1441 482 1594 522 famam

174 561 211 590 lo
238 545 440 599 equestris
485 544 538 585 ad
575 543 886 599 Ortholophum
928 559 1091 599 pugnae
1128 544 1505 597 Dardanorumque
1554 551 1593 585 et

236 607 423 649 Pleurati
455 621 549 647 cum
573 606 728 660 Illyriis
761 606 981 646 transitum
1013 606 1053 646 in
1077 605 1392 655 BIacedoniam,
1431 606 1482 646 ad
1519 605 1595 647 1100

238 670 383 711 classis
409 669 625 710 Romanae
658 668 883 709 adventum
910 667 1070 708 Oreum
1101 675 1141 708 et
1167 683 1291 722 super
1324 668 1595 708 circumfusas

239 740 297 772 tot
316 731 593 772 Macedoniae
618 738 764 785 gentes
790 729 1040 770 maritimam
1059 744 1222 782 quoque
1242 729 1466 770 instantem
1487 729 1597 771 obsi-

240 795 418 835 dionem.

196 871 209 899 1
322 855 555 896 XXXXI.
604 856 699 896 Hae
737 869 886 895 causae
918 853 1209 895 Damocritum
1238 853 1498 906 Aetolosque
1534 867 1598 894 rc-

240 918 456 959 stituerant
499 917 721 966 Romanis3
772 924 813 958 et
855 916 1132 970 Amynandro
1176 930 1276 970 rege
1312 915 1598 955 Athamanum

194 996 212 1025 2
242 982 434 1022 adiuncto
459 980 635 1036 profecti
658 979 896 1021 Cercinium
922 979 1135 1020 obsedere.
1186 978 1419 1019 clauserant
1443 985 1598 1033 portas,

240 1044 447 1085 incertum
477 1043 518 1083 vi
550 1058 602 1083 an
628 1042 859 1091 voluntate,
898 1042 995 1095 quia
1018 1041 1181 1096 regium
1207 1040 1416 1081 habebant
1443 1040 1600 1095 praesi-

197 1120 215 1150 3
243 1106 368 1146 dium.
430 1112 613 1146 ceterum
643 1104 751 1145 intra
781 1119 936 1159 paucos
964 1104 1051 1144 dics
1079 1111 1245 1158 captum
1271 1110 1334 1144 est
1361 1101 1600 1143 Cercinium

243 1176 365 1221 atque
392 1167 627 1215 incensum,
667 1166 737 1220 qui
763 1168 1055 1222 superfuerunt
1082 1181 1103 1207 e
1130 1181 1282 1220 magna
1308 1165 1445 1214 clade,
1483 1165 1601 1205 liberi

197 1245 217 1273 4
244 1229 448 1282 servique,
474 1230 580 1270 inter
606 1237 785 1269 ceteram
812 1229 1010 1283 praedam
1037 1228 1216 1269 abducti.
1247 1228 1281 1267 is
1309 1227 1431 1268 timor
1451 1227 1599 1276 omnis,

243 1292 312 1345 qui
338 1291 634 1333 circumcolunt
647 1291 821 1331 Boeben
846 1290 1054 1345 paludem,
1078 1290 1232 1330 relictis
1253 1289 1424 1329 urbibus
1448 1288 1599 1329 montis

197 1370 216 1399 5
244 1355 378 1410 coegit
404 1363 557 1410 petere.
619 1353 759 1395 Aetoli
784 1353 924 1408 inopia
948 1352 1125 1408 praedae
1151 1352 1246 1392 inde
1273 1351 1408 1392 aversi
1433 1351 1474 1391 in
1498 1351 1601 1391 Per-

242 1417 456 1458 rhaebiam
487 1417 545 1457 ire
576 1423 768 1471 pergunt.
832 1414 1023 1469 Cneffias
1050 1414 1107 1454 ibi
1133 1414 1173 1454 vi
1199 1413 1364 1468 capiunt
1397 1413 1600 1466 foedeque

244 1479 458 1534 diripiunt3
498 1478 567 1532 qui
591 1478 804 1518 BIaloeam
828 1477 1013 1518 incolunt
1038 1476 1249 1516 voluntate
1281 1475 1322 1515 111
1349 1475 1599 1515 deditionem

201 1555 219 1585 6
246 1542 568 1594 societatemque
595 1539 766 1594 accepti.
827 1553 879 1579 ex
903 1538 1158 1579 Perrhaebia
1184 1536 1402 1591 Gomphos
1433 1536 1602 1591 petendi

246 1603 520 1657 Amynander
564 1610 706 1642 auctor
750 1608 855 1641 erat:
908 1608 949 1641 et
990 1599 1161 1640 inminet
1205 1598 1461 1639 Athamania
1507 1597 1603 1637 huic

244 1665 350 1715 urbi,
371 1665 671 1718 videbaturque
692 1662 922 1718 expugnari
943 1662 1030 1703 sine
1051 1676 1203 1716 magno
1219 1660 1442 1702 certamine
1462 1675 1601 1715 posse.

201 1742 218 1771 7
245 1727 387 1768 Aetoli
425 1742 594 1782 campos
632 1725 878 1766 Thessaliae
915 1724 1076 1779 opimos
1115 1724 1166 1764 ad
1208 1724 1406 1779 praedam
1447 1723 1603 1778 petiere

247 1796 458 1843 sequente,
487 1802 737 1842 quamquam
761 1803 844 1828 non
869 1787 1070 1842 probante
1096 1786 1372 1840 Amynandro
1398 1799 1474 1826 nec
1500 1785 1604 1826 effu-

246 1867 313 1893 sas
339 1851 628 1907 populationes
654 1850 903 1891 Aetolorum
928 1863 1005 1890 nec
1030 1856 1184 1898 castra,
1217 1863 1298 1902 quo
1324 1848 1409 1889 fors
1441 1847 1605 1888 tulisset

200 1927 219 1958 8
246 1915 350 1964 loco,
378 1914 466 1955 sine
491 1914 575 1954 ullo
602 1912 838 1954 discrimine
864 1919 934 1952 aut
960 1926 1057 1952 cura
1082 1910 1294 1951 muniendi
1318 1909 1468 1965 posita.
1528 1909 1605 1950 ita-

246 1991 325 2030 que
350 1992 402 2017 ne
429 1975 638 2017 temeritas
659 1989 802 2016 eorum
826 1973 1173 2028 neglegentiaque
1201 1972 1278 2013 sibi
1305 1986 1352 2012 00
1374 1972 1458 2012 suis
1480 1972 1604 2012 etiam

246 2039 375 2080 cladis
402 2038 574 2079 alicuius
602 2051 729 2078 causa.
753 2043 884 2085 esset,
917 2050 1011 2076 cum
1037 2034 1338 2090 campestribus
1364 2033 1464 2074 locis
1493 2033 1605 2073 subi-

202 2116 220 2146 9
248 2101 393 2143 cientis
426 2116 496 2143 cos
529 2107 665 2141 castra
689 2099 882 2140 Phaecae
908 2098 1001 2138 urbi
1026 2097 1203 2146 videret,
1240 2096 1330 2151 ipse
1361 2095 1486 2150 paulo
1510 2095 1603 2149 plus

247 2164 358 2204 mille
394 2178 597 2219 passuum
627 2162 722 2202 inde
754 2161 958 2202 tumulum
991 2160 1094 2209 suis,
1132 2159 1321 2213 quamvis
1357 2158 1439 2199 levi
1471 2157 1605 2198 muni-

184 2239 223 2270 10
247 2233 386 2267 mento
412 2234 558 2274 tutum,
586 2224 706 2280 cepit.
745 2238 838 2264 cum
863 2222 1018 2272 Aetoli,
1044 2222 1125 2263 nisi
1150 2221 1261 2275 quod
1284 2220 1604 2276 populabantur,

249 2288 318 2329 vix
348 2287 589 2329 meminisse
625 2286 862 2328 viderentur
892 2300 937 2326 se
969 2284 1012 2325 in
1043 2300 1143 2339 agro
1178 2283 1361 2324 hostium
1387 2297 1498 2331 esse,
1539 2281 1606 2322 alii

248 2350 375 2405 palati
402 2363 626 2391 semermes
647 2355 909 2403 vagarentur,
930 2347 998 2387 alii
1018 2347 1060 2387 in
1082 2346 1226 2387 castris
1248 2345 1337 2386 sine
1358 2344 1604 2386 stationibus

249 2427 322 2465 per
344 2427 534 2453 somnum
559 2411 783 2464 vinumque
803 2410 890 2451 dies
910 2409 1099 2451 noctibus
1121 2415 1359 2462 aequarent,
1383 2406 1605 2461 Philippus

187 2487 222 2516 11
250 2474 559 2528 inopinantibus
587 2474 766 2515 advenit.
827 2487 950 2526 quem
976 2486 1071 2513 cum
1102 2471 1250 2513 adesse
1274 2470 1529 2525 refugientes
1556 2483 1606 2509 ex

252 2536 362 2589 agris
404 2536 572 2588 quidam
606 2536 747 2591 pavidi
782 2535 1064 2584 nuntiassent,
1102 2533 1308 2589 trepidare
1337 2531 1606 2573 Damocritus

254 2597 460 2649 ceterique
486 2598 611 2639 duces
636 2622 693 2627 —
711 2605 752 2639 et
777 2605 865 2638 erat
889 2598 996 2638 forte
1020 2596 1295 2637 meridianum
1321 2601 1498 2649 tempus,
1525 2607 1606 2645 quo

188 2673 227 2702 12
252 2658 437 2714 plerique
463 2675 612 2713 graves
635 2660 725 2702 cibo
746 2659 869 2715 sopiti
894 2660 1084 2700 iacebant
1102 2683 1170 2707 -—-‚
1197 2657 1377 2698 excitare
1396 2656 1463 2696 alii
1489 2654 1605 2703 alios,
