1799 2900
474 131 627 166 LIBER
651 132 858 176 XXXVII,
886 132 1029 166 is--20.
1058 131 1255 175 [a.c.190]
1464 121 1548 162 ‘275

192 251 283 278 esse
308 235 525 291 pararique
546 250 649 289 quac
670 236 722 276 ad
744 235 962 276 transitum
981 233 1247 290 Hellesponti
1265 248 1370 289 opus
1391 242 1543 283 essent,

190 307 353 353 tempus
379 298 544 338 venisse
569 305 682 338 ratus
708 298 949 353 priusquam
981 305 1090 338 terra
1114 296 1300 350 marique
1326 295 1447 336 simul
1478 310 1545 335 ur-
1572 311 1610 339 11

191 369 356 416 geretur
393 360 545 414 agendi
587 360 637 400 de
682 374 802 414 pace,
846 360 1051 400 tumulum
1095 359 1301 412 quendam
1345 358 1543 398 adversus

191 423 364 463 Elaeam
391 422 536 462 castris
563 422 689 476 cepit3
722 422 776 462 ibi
802 422 988 476 peditum
1014 421 1203 462 omnibus
1231 419 1358 475 copus
1390 420 1543 460 relictis
1574 433 1612 463 12

192 500 285 525 cum
310 484 495 536 equitatu
509 508 564 512 ——
579 490 695 524 erant
722 492 860 524 autem
881 499 954 524 sex
974 483 1086 523 milia
1106 482 1292 536 equitum
1305 482 1415 522 —in
1436 495 1546 522 cam-

191 562 266 602 pos
294 547 370 586 sub
396 546 488 600 ipsa
511 546 668 586 Elaeae
694 546 858 586 moenia
883 545 1098 586 descendit
1121 546 1250 586 misso
1277 544 1546 585 caduceatore

193 610 245 650 ad
268 608 511 657 Aemilium,
538 608 643 648 velle
671 623 715 649 sc
742 608 793 648 de
817 623 929 663 paee»
946 623 1083 662 agere.

276 670 473 712 XVIIII.
522 670 728 710 Aemilius
755 671 944 710 Eumene
971 685 994 710 a
1018 670 1227 723 Pergamo
1254 667 1403 716 adcito,
1431 667 1546 707 adhi-
1576 684 1588 712 1

193 732 286 773 bitis
313 740 353 772 et
377 731 552 780 Rhodis,
580 732 799 773 consilium
830 731 989 772 habuit.
1021 731 1175 772 Rhodii
1200 729 1310 770 haud
1336 730 1549 784 aspernari

193 809 357 850 pacem,
388 794 601 834 Eumenes
635 809 712 834 nec
744 794 964 834 honestum
996 808 1089 834 esse
1121 792 1256 832 dicere
1282 806 1330 832 eo
1361 798 1548 845 tempore

194 857 243 897 de
281 870 383 911 pace
419 855 487 910 agi
522 870 598 896 nec
635 855 791 896 exitum
828 856 888 896 rei
922 855 1064 909 inponi
1095 869 1233 909 posse.
1295 853 1385 906 ‘qui
1417 852 1546 893 enim'

193 918 324 971 inquit
367 922 457 958 ‘aut
498 917 671 958 honeste
714 917 863 958 inclusi
899 917 1115 958 moenibus
1154 927 1194 956 et
1230 914 1395 956 obsessi
1437 915 1551 955 velut

194 981 307 1034 leges
333 979 446 1034 pacis
473 979 750 1033 accipiemus?
788 987 859 1019 aut
885 979 949 1018 cui
975 987 1063 1018 rata
1087 977 1167 1017 ista
1192 992 1275 1031 pax
1301 976 1393 1025 erit,
1427 991 1551 1029 quam

195 1042 283 1082 siue
309 1041 489 1089 consule,
515 1056 599 1081 non
620 1056 670 1081 ex
691 1041 934 1081 auctoritate
956 1047 1139 1088 senatus,
1164 1053 1248 1079 non
1270 1037 1386 1078 iussu
1406 1037 1549 1092 populi

193 1103 374 1144 Romani
407 1102 715 1156 pepigerimus?
776 1116 928 1155 quaero
966 1102 1076 1141 enim
1113 1114 1216 1154 pace
1252 1114 1326 1154 per
1363 1106 1402 1139 te
1439 1100 1550 1139 facta
1576 1112 1594 1139 3

193 1164 453 1205 rediturusne
478 1164 686 1218 extemplo
718 1164 760 1203 in
786 1164 952 1204 Italiam
984 1163 1059 1212 sis,
1092 1162 1269 1202 classem
1303 1160 1550 1202 exercitum-

194 1241 273 1279 que
306 1225 577 1274 deducturus,
605 1239 657 1265 an
684 1233 1016 1280 exspectaturus,
1044 1223 1143 1277 quid
1169 1224 1218 1263 de
1245 1238 1294 1263 ca
1323 1237 1368 1263 re
1394 1222 1551 1263 consuli

195 1288 376 1343 placeat,
404 1287 504 1340 quid
529 1294 698 1327 senatus
726 1295 892 1328 censeat
919 1294 988 1328 aut
1015 1286 1193 1341 populus
1219 1285 1382 1326 iubeat?
1423 1291 1552 1325 restat
1577 1298 1595 1324 4

196 1363 293 1404 ergo
318 1358 365 1389 ut
394 1364 563 1390 maneas
596 1349 638 1389 in
664 1349 771 1389 Asia
802 1356 840 1390 et
873 1365 1016 1391 rursus
1048 1349 1090 1388 iu
1121 1348 1295 1388 hiberna
1320 1346 1462 1400 copiae
1488 1361 1552 1386 rc-

195 1412 343 1452 ductae
375 1410 529 1451 omisso
555 1411 663 1452 bello
697 1411 943 1452 exhauriant
973 1409 1271 1451 commeatibus
1302 1407 1550 1463 praebendis

196 1473 350 1521 soci0s3
389 1472 558 1521 deinde,
592 1472 626 1512 si
650 1473 708 1513 ita
734 1473 868 1513 visum
896 1473 948 1514 sit
973 1473 1041 1521 iis,
1073 1486 1201 1527 penes
1229 1485 1331 1523 quos
1364 1477 1549 1524 potestas
1577 1484 1595 1512 5

197 1534 338 1583 fuerit,
370 1534 647 1575 instauremus
674 1550 829 1576 novum
856 1536 905 1575 de
930 1535 1093 1589 integro
1117 1534 1293 1581 bellum,
1321 1532 1431 1586 quod
1455 1547 1553 1586 pos-

199 1611 355 1645 sumus,
382 1596 417 1636 si
436 1611 487 1636 ex
507 1596 585 1637 hoc
609 1596 752 1651 inpetu
770 1612 907 1637 rerum
927 1597 1027 1637 nihil
1053 1595 1297 1651 prolatando
1318 1594 1551 1642 remittitur,

199 1667 293 1698 ante
318 1658 497 1698 hiemem
530 1658 606 1699 diis
638 1659 872 1700 volentibus
904 1657 1157 1713 perfecisse.'
1219 1657 1321 1697 haec
1348 1656 1551 1697 sententia
1579 1668 1596 1697 6

199 1720 314 1768 vicit,
351 1734 680 1774 responsumque
706 1721 917 1762 Antiocho
944 1728 1026 1769 est,
1064 1728 1158 1760 ante
1191 1718 1371 1760 consulis
1398 1718 1553 1758 adven-

199 1791 286 1823 tum
312 1782 361 1822 de
386 1797 489 1837 pace
515 1784 583 1837 agi
608 1798 690 1824 non
715 1799 852 1837 posse.
912 1782 1148 1823 Antiochus
1174 1796 1276 1837 pace
1302 1781 1553 1834 nequiquam
1580 1793 1596 1821 7

199 1852 418 1899 temptata,
457 1845 655 1885 evastatis
683 1845 954 1886 Elaeensium
985 1844 1182 1899 primum,
1223 1843 1371 1884 deinde
1395 1843 1554 1897 Perga-

198 1922 413 1947 menorum
450 1907 580 1961 agris,
616 1907 760 1948 relicto
797 1907 855 1948 ibi
887 1906 1064 1948 Seleuco
1096 1907 1192 1955 filio,
1230 1905 1553 1958 Adramytteum

198 1968 400 2010 hostiliter
430 1969 575 2010 itinere
608 1969 718 2010 facto
743 1970 846 2024 petit
871 1985 1016 2024 agrum
1042 1969 1300 2023 opulentum,
1334 1981 1457 2020 quom
1482 1981 1553 2007 vo-

200 2039 294 2071 cant
318 2031 486 2072 Thebes
513 2045 717 2086 campum,
745 2032 924 2072 carmine
950 2030 1125 2072 Homeri
1149 2029 1422 2071 nobilitatum.
1482 2042 1553 2068 ne·
1578 2039 1597 2069 8

199 2107 278 2146 que
306 2093 384 2133 alio
410 2093 493 2134 ullo
526 2094 616 2135 loco
642 2094 772 2134 Asiae
806 2093 936 2134 maior
967 2093 1092 2147 regiis
1119 2091 1316 2132 militibus
1348 2096 1466 2145 parta
1491 2096 1554 2130 est

200 2154 365 2208 praeda.
427 2155 574 2195 eodem
598 2156 940 2209 Adramytteum,
973 2163 1018 2195 ut
1050 2154 1142 2194 urbi
1166 2153 1373 2209 praesidio
1400 2159 1552 2199 essent,

199 2215 375 2256 navibus
402 2217 665 2258 circumvecti
690 2217 896 2257 Aemilius
923 2224 964 2256 et
987 2217 1200 2256 Eumenes
1226 2222 1441 2255 venerunt.

285 2277 393 2318 XX.
442 2278 525 2318 Per
551 2279 720 2319 eosdem
745 2279 850 2319 forte
877 2279 964 2318 dies
986 2278 1161 2317 Elaeam
1186 2292 1237 2317 ex
1255 2275 1418 2316 Achaia
1442 2273 1553 2314 mille
1581 2288 1596 2316 1

200 2340 359 2394 pedites
403 2354 497 2380 cum
540 2349 705 2381 centum
743 2340 969 2393 equitibus,
1007 2339 1232 2393 Diophane
1269 2337 1460 2379 omuibus
1503 2335 1552 2376 iis

201 2403 329 2456 copiis
367 2402 621 2456 praeposito,
668 2410 931 2443 accesserunt
941 2418 951 2451 ς
995 2416 1098 2454 quos
1142 2415 1334 2455 egressos
1377 2398 1554 2439 navibus

200 2465 366 2505 obviam
403 2464 520 2505 missi
557 2465 608 2505 ab
645 2465 790 2505 Attalo
833 2475 955 2505 nocte
989 2464 1245 2517 Pergamum
1282 2461 1553 2502 deduxerunt.

200 2526 384 2567 veterani
411 2541 554 2567 omnes
587 2534 627 2566 et
663 2526 782 2581 periti
815 2526 910 2566 belli
942 2536 1077 2574 erant,
1116 2534 1155 2566 et
1185 2525 1274 2579 ipse
1306 2524 1389 2563 dux
1412 2521 1556 2562 Philo·
1580 2533 1598 2562 2

202 2589 432 2643 poemenis,
471 2589 620 2628 summi
652 2597 739 2628 tum
772 2588 954 2629 omnimn
989 2586 1244 2628 Graecorum
1280 2583 1552 2640 imperatoriS,

1256 2651 1322 2684 18*

1574 864 1592 893 10
