1799 2900
306 117 389 159 462
550 123 699 157 Lissssu
725 122 891 166 xxxx,
915 124 971 157 43.
991 123 1045 157 44.
1074 126 1122 167 [a.
1138 135 1171 158 u.
1187 124 1404 167 c.574.575]

304 228 375 283 phi
401 241 526 267 causa
551 233 680 274 esset,
720 225 865 265 consul
896 232 959 266 est
990 233 1152 266 creatus
1179 241 1272 267 cum
1297 227 1350 268 L.
1377 227 1537 268 Manlio
1562 226 1663 267 Aci-

261 306 279 334 5
306 290 420 337 diuo,
448 297 488 328 et
512 295 607 342 post
631 301 787 341 paucos
814 286 901 327 dies
929 302 1022 327 cum
1047 288 1262 338 militibus,
1296 304 1398 342 quos
1427 304 1567 330 seeum
1593 289 1663 330 de-

262 366 278 395 6
307 352 492 398 duxerat,
520 349 777 404 triumphans
800 349 943 389 urbem
965 356 1027 389 cst
1048 350 1246 391 invectus.
1285 351 1435 391 tulitin
1455 351 1662 406 triumpho

307 426 479 452 coronas
517 426 663 451 aureas
703 419 868 451 centum
904 410 1051 465 viginti
1083 420 1292 464 quattuor;
1331 422 1545 467 praeterea
1576 412 1664 453 auri

303 474 440 529 pondo
460 473 629 527 triginta
648 487 787 521 unum,
806 471 985 527 [argenti
1004 473 1145 514 infecti
1158 473 1228 529 ÷÷÷:-]
1247 483 1284 514 ct
1301 474 1662 528 signatiOscensis

262 552 276 579 7
304 539 519 576 nummum
546 543 710 575 centum
737 535 1001 589 septuaginta
1027 536 1102 575 tria
1128 536 1240 576 milia
1265 537 1477 578 ducentos.
1526 537 1664 577 militi—

305 599 382 638 bus
411 598 461 638 de
488 598 643 652 praeda
669 597 983 651 quinquagenos
1011 598 1201 638 denarios
1228 598 1359 647 dedit,
1392 599 1544 653 duplex
1570 614 1664 640 een-

305 659 549 707 turionibus,
575 659 724 714 triplex
745 659 883 712 equiti,
911 660 1153 700 tantundem
1174 660 1295 701 sociis
1310 660 1454 700 Latini
1472 661 1662 710 nominis,

305 729 345 763 et
372 721 622 776 stipendium
650 721 840 762 omnibus
867 721 1033 775 duplex.

263 799 275 827 1
391 784 693 824 XXXXHH.
742 784 808 825 Eo
835 799 943 825 anno
968 784 1129 839 rogatio
1155 785 1333 839 primum
1359 784 1442 826 lata
1461 793 1525 826 est
1544 786 1595 827 ab
1609 786 1661 826 L.

304 846 431 889 Villio
457 846 621 886 tribuno
646 845 794 901 plebis,
821 853 921 899 quot
947 861 1076 887 annos
1103 847 1190 887 nati
1215 861 1420 900 quemque
1445 847 1664 902 magistra-

304 917 391 949 tum
416 915 604 963 peterent
630 916 920 963 eaperentque.
974 908 1071 949 inde
1097 923 1328 963 cognomen
1354 909 1535 950 familiae
1559 908 1664 950 indi-

260 985 278 1015 2
305 978 409 1019 tum,
447 977 492 1010 ut
516 970 706 1010 Annales
733 970 1051 1024 adpellarentur.
1110 980 1322 1026 praetores
1355 979 1546 1023 quattuor
1570 979 1664 1026 post

302 1033 452 1073 multos
480 1047 609 1073 annos
635 1031 728 1087 lege
753 1032 913 1072 Baebia
939 1032 1084 1081 creati,
1118 1048 1222 1086 quae
1248 1033 1415 1074 alternis
1443 1041 1663 1086 quaternos

302 1095 471 1135 iubebat
496 1094 638 1135 creari.
688 1094 729 1134 hi
755 1094 853 1135 faeti
875 1093 954 1135 Cn.
972 1093 1192 1136 Cornelius
1215 1094 1375 1150 Scipio,
1405 1094 1455 1137 C.
1470 1096 1663 1138 Valerius

259 1171 277 1200 3
303 1157 538 1205 Laevinus,
566 1157 618 1208 Q
641 1165 681 1197 et
700 1157 750 1197 P.
771 1156 902 1196 Mucii
924 1156 974 1208 Q.
995 1157 1067 1197 filii
1088 1156 1329 1199 Scaevolae.
1381 1158 1433 1210 Q.
1449 1158 1598 1199 Fulvio
1625 1165 1665 1199 et

302 1219 355 1260 L.
370 1219 531 1260 Manlio
558 1219 797 1260 consulibus
820 1219 965 1259 eadem
990 1220 1214 1273 provincia,
1242 1234 1346 1273 quae
1370 1221 1662 1275 superioribus,

301 1283 391 1338 pari
414 1298 587 1323 nume-ro
613 1282 755 1336 copiae
781 1282 986 1336 peditum,
1020 1282 1221 1335 equitum,
1255 1283 1425 1331 civium,
1459 1283 1662 1323 sociorum

257 1356 277 1385 4
304 1348 506 1388 decretae.
545 1347 587 1386 in
608 1346 825 1401 Hispaniis
848 1346 1007 1386 duabus
1029 1346 1094 1386 Ti.
1112 1345 1358 1400 Sempronio
1379 1354 1419 1386 et
1437 1346 1490 1386 L.
1510 1346 1663 1386 Postu-

302 1410 385 1449 mio
412 1424 505 1449 eum
530 1409 678 1449 iisdem
704 1408 973 1457 exercitibus,
1011 1423 1114 1461 quos
1140 1408 1358 1456 haberent,
1396 1417 1661 1463 prorogatum

257 1483 275 1511 5
302 1471 521 1525 imperium
547 1478 628 1519 est3
656 1478 695 1510 et
721 1471 762 1510 in
789 1471 1124 1525 supplementum
1149 1471 1340 1511 consules
1362 1471 1540 1511 scribere
1560 1471 1661 1511 iussi

302 1533 355 1573 ad
394 1533 473 1572 tria
517 1532 629 1572 milia
670 1532 856 1586 peditum
891 1532 1194 1581 Romanorum,
1243 1539 1452 1573 trecentos
1489 1533 1661 1585 equites,

300 1594 480 1647 quinque
504 1594 618 1634 milia
650 1594 856 1634 sociorum
880 1594 1024 1634 Latini
1056 1594 1234 1635 nominis
1267 1602 1307 1635 et
1332 1594 1657 1648 quadringentos

256 1666 273 1696 6
301 1656 473 1709 equites.
510 1656 559 1696 P.
575 1655 743 1696 Mucius
761 1654 965 1696 Scaevola
985 1656 1187 1696 urbanam
1213 1656 1381 1697 sortitus
1406 1656 1661 1710 provinciam

301 1726 364 1758 est
390 1726 430 1758 et
454 1725 498 1757 ut
522 1717 634 1758 idem
660 1726 876 1771 quaereret
907 1719 957 1758 de
983 1718 1193 1758 veneficiis
1228 1719 1270 1758 in
1300 1719 1401 1759 urbe
1428 1726 1468 1759 et
1491 1718 1660 1773 propius

258 1792 273 1820 7
301 1781 446 1821 urbem
473 1780 618 1820 decem
643 1779 757 1820 milia
781 1795 1001 1835 passuum,
1030 1778 1108 1821 Cn.
1131 1778 1349 1821 Cornelius
1378 1778 1520 1834 Scipio
1544 1795 1662 1834 pere-

300 1842 480 1896 grinam,
515 1842 569 1894 Q.
591 1842 759 1883 Mucius
788 1841 992 1883 Scaevola
1018 1840 1221 1891 Siciliam,
1257 1841 1306 1883 C.
1331 1842 1525 1885 Valerius
1551 1841 1662 1883 Lae-

305 1905 426 1945 vinus
454 1904 704 1945 Sardiniam.

257 1976 275 2005 8
387 1967 441 2019 Q.
477 1967 653 2008 Fulvius
697 1966 842 2008 consul
885 1967 1125 2021 priusquam
1167 1966 1293 2006 ullam
1329 1981 1416 2006 rem
1452 1965 1660 2020 publicam

301 2037 460 2084 ageret,
498 2029 673 2070 liberare
710 2036 749 2069 et
788 2043 832 2069 se
868 2036 909 2069 et
950 2043 1037 2068 rem
1072 2028 1281 2082 publicam
1316 2027 1516 2082 religione
1553 2028 1658 2068 votis

255 2103 272 2132 9
302 2092 512 2133 solvendis
555 2091 658 2131 dixit.
693 2091 818 2132 velle:
862 2090 1029 2131 vovisse
1061 2105 1141 2143 quo
1179 2091 1243 2131 die
1281 2098 1536 2144 postremum
1567 2104 1660 2130 cum

301 2154 524 2195 Celtiberis
549 2161 779 2209 pugnasset
804 2153 924 2194 ludos
950 2152 1042 2194 Iovi
1067 2152 1222 2207 optimo
1243 2153 1423 2194 maximo
1450 2160 1489 2193 et
1515 2152 1659 2193 aedem

301 2216 481 2269 equestri
504 2216 715 2256 Fortunae
741 2230 833 2256 sese
859 2215 1065 2255 facturum
1075 2231 1084 2263 3
1123 2215 1165 2255 in
1196 2230 1287 2255 eam
1317 2230 1405 2255 rem
1432 2214 1511 2255 sibi
1535 2228 1659 2269 pecu—

236 2287 273 2316 10
299 2279 409 2318 niam
436 2278 641 2319 conlatam
666 2292 758 2318 esse
785 2278 836 2317 ab
852 2277 1067 2331 Hispanis.
1110 2277 1197 2316 ludi
1219 2277 1372 2317 decreti
1391 2284 1431 2317 et
1450 2283 1495 2316 ut
1514 2276 1659 2316 duum—

301 2341 375 2380 viri
407 2341 459 2380 ad
490 2341 637 2381 aedem
666 2340 885 2381 locandam
917 2347 1165 2380 crearentur.
1226 2340 1276 2380 de
1307 2338 1483 2393 pecunia
1506 2338 1657 2387 finitur,

301 2417 350 2442 ne
377 2402 506 2442 maior
532 2417 658 2443 eausa
683 2402 875 2443 ludorum
901 2409 1212 2442 consumeretur
1239 2416 1361 2455 quam
1387 2408 1541 2453 quanta
1557 2400 1594 2441 F
1597 2400 1657 2439 ul—

300 2464 364 2504 vio
378 2464 578 2505 Nobiliori
602 2471 695 2519 post
710 2464 948 2504 Aetolicum
972 2464 1127 2503 bellum
1152 2464 1271 2504 ludos
1298 2462 1466 2503 facienti
1492 2462 1656 2502 decreta

237 2533 270 2561 11
300 2533 429 2573 esset,
467 2541 571 2566 neve
608 2525 707 2578 quid
745 2526 797 2566 ad
827 2541 897 2566 eos
929 2525 1048 2566 ludos
1080 2532 1328 2573 accerseret,
1367 2531 1551 2579 cogeret,
1590 2536 1656 2563 ac-

300 2585 471 2639 ciperet,
511 2587 666 2628 faceret
691 2587 890 2628 adversus
917 2587 958 2627 id
985 2594 1153 2628 senatus
1180 2587 1433 2634 consultum,
1466 2584 1575 2638 quod
1600 2583 1651 2623 L.
