1799 2900
483 182 635 216 Linea
659 183 808 227 xxxi,
837 184 978 218 11-13.
1008 183 1206 227 [a.c.200]
1475 173 1524 213 11

168 290 314 337 Varro,
333 286 406 342 Sp.
422 286 659 334 Lucretius,
677 285 755 326 Cn.
773 286 991 328 Octavius.
1019 287 1335 341 quinqueremes
1351 286 1525 341 singulis

167 351 300 392 datae.

250 411 357 451 XII.
406 409 595 450 Litterae
639 409 789 450 deinde
830 411 873 451 in
916 421 1062 452 senatu
1103 411 1299 451 recitatae
1336 417 1433 450 sunt
1470 408 1524 462 Q.
1554 423 1568 452 1

165 473 343 515 Minucii
372 473 594 527 praetoris,
633 472 699 512 cui
722 473 876 513 Bruttii
906 474 1120 528 provincia
1151 482 1257 514 erat:
1306 472 1524 528 pecuniam

165 536 315 577 Locris
348 550 400 576 ex
428 535 708 589 Proserpinae
746 535 980 577 thensauris
1018 546 1139 577 nocte
1177 536 1284 576 clam
1320 535 1526 576 sublatam

165 612 241 638 nec
289 598 343 638 ad
391 612 493 650 quos
542 597 747 652 pertineat
800 598 961 638 facinus
1016 598 1193 653 vestigia
1239 598 1324 638 ulla
1371 606 1524 638 extare.

164 659 334 714 indigne
364 674 514 714 passus
549 667 717 700 senatus
750 675 833 700 non
865 660 1019 700 cessari
1057 661 1108 701 ab
1146 660 1358 714 sacrilegis
1398 668 1439 700 et
1474 674 1525 699 ne
1553 672 1570 700 2

164 722 417 762 Pleminium
451 721 635 774 quidem,
674 729 758 762 tam
790 722 946 762 clarum
975 736 1203 775 recensque
1233 736 1367 762 noxae
1405 721 1528 762 simul

166 798 214 824 ac
249 799 408 838 poenae
451 784 706 838 exemplum,
750 784 938 824 homines
984 785 1203 825 deterrere.
1267 782 1315 824 C.
1353 783 1527 824 Aurelio
1553 795 1571 824 3

166 845 326 886 consuli
361 846 576 900 negotium
613 846 772 895 datum,
816 855 861 886 ut
902 846 955 886 ad
991 855 1224 901 praetorem
1259 845 1303 886 in
1339 845 1526 886 Bruttios

167 908 383 948 scriberet:
423 909 585 948 senatui
610 908 773 962 placere
800 910 1085 961 quaestionem
1112 909 1162 949 de
1189 908 1380 962 expilatis
1408 908 1527 948 then-

166 970 298 1010 sauris
325 970 471 1010 eodem
497 970 688 1024 exemplo
709 970 865 1018 haberi,
893 985 974 1022 quo
994 970 1056 1010 M.
1076 970 1335 1024 Pomponius
1362 980 1527 1024 praetor

167 1032 342 1072 triennio
367 1038 462 1072 ante
488 1031 720 1080 habuisset3
771 1046 876 1084 quae
901 1032 1070 1071 inventa
1093 1033 1270 1086 pecunia
1297 1042 1425 1080 esset,
1463 1046 1527 1071 re-
1551 1045 1570 1073 4

165 1093 262 1148 poni
272 1110 281 1141 3
317 1094 353 1133 si
376 1107 457 1146 quo
483 1093 618 1134 minus
644 1094 859 1134 inventum
886 1094 1004 1142 foret,
1032 1094 1190 1147 expleri
1214 1108 1262 1134 ac
1287 1094 1525 1148 piacularia,

166 1155 200 1195 si
222 1155 441 1203 videretur,
469 1155 575 1195 sicut
594 1165 689 1195 ante
710 1155 924 1210 pontifices
947 1157 1221 1204 censuissent,
1247 1156 1348 1195 fieri.
1383 1170 1526 1195 curam
1552 1168 1570 1195 5

166 1216 396 1270 expiandae
417 1216 652 1257 violationis
679 1217 766 1257 eius
793 1218 937 1272 templi
962 1217 1152 1272 prodigia
1172 1218 1296 1258 etiam
1318 1218 1394 1258 sub
1416 1217 1525 1257 idem

167 1287 329 1333 tempus
354 1278 540 1333 pluribus
572 1279 672 1320 locis
706 1280 894 1319 nuntiata
926 1280 1222 1320 accenderunt:
1271 1280 1314 1319 in
1341 1280 1525 1319 Lucanis

166 1340 326 1380 caelum
346 1341 498 1380 arsisse
519 1341 775 1390 adferebant,
799 1341 989 1381 Priverni
1010 1356 1156 1382 sereno
1170 1357 1244 1396 per
1265 1342 1373 1382 diem
1396 1350 1525 1381 totum

164 1403 334 1442 rubrum
372 1402 502 1443 solem
533 1402 681 1452 fuisse,
720 1403 904 1443 Lanuvii
940 1404 1095 1458 templo
1129 1403 1323 1458 Sospitae
1354 1404 1526 1444 Iunonis
1554 1417 1571 1444 υ·

165 1473 285 1505 nocte
318 1465 534 1521 strepitum
565 1466 778 1520 ingentem
809 1476 1012 1507 exortum.
1072 1467 1155 1507 iam
1189 1466 1428 1507 animalium
1454 1466 1528 1506 ob-

167 1527 280 1567 sceni
305 1526 414 1567 fetus
440 1527 627 1582 pluribus
652 1528 754 1569 locis
780 1529 1095 1569 nuntiabantur:
1132 1530 1174 1568 in
1202 1528 1369 1569 Sabinis
1396 1528 1528 1568 incer-

167 1598 231 1629 tus
251 1588 387 1629 infans
408 1598 528 1630 natus
549 1591 756 1631 masculus
779 1607 831 1631 an
856 1592 1012 1633 femina
1037 1605 1161 1641 esset,
1189 1592 1291 1632 alter
1317 1591 1527 1632 sexdecim

166 1651 248 1690 iam
284 1666 486 1691 annorum
521 1652 622 1692 item
659 1654 855 1708 ambiguo
892 1669 995 1694 sexu
1030 1654 1222 1695 inventus
1233 1671 1243 1703 3
1291 1654 1526 1694 Frusinone

167 1728 299 1766 agnus
338 1726 432 1752 cum
469 1713 588 1754 suillo
625 1715 778 1768 capite,
818 1714 1045 1755 Sinuessae
1081 1731 1232 1769 porcus
1266 1730 1359 1756 cum
1393 1715 1526 1768 capite

167 1775 346 1815 humano
372 1785 512 1823 natus,
550 1776 591 1815 iu
616 1776 802 1816 Lucanis
833 1776 876 1816 in
905 1792 1006 1830 agro
1037 1777 1203 1830 publico
1235 1777 1400 1817 eculeus
1434 1791 1526 1816 eum

167 1837 346 1889 quinque
382 1837 572 1891 pedibus.
634 1838 759 1879 foeda
789 1839 928 1879 omnia
960 1847 1001 1879 et
1033 1839 1235 1879 deformia
1267 1838 1525 1890 errantisque
1552 1850 1571 1879 8

166 1899 208 1938 in
234 1898 388 1939 alienos
415 1899 523 1939 fetus
550 1907 721 1941 naturae
744 1901 848 1949 visa3
877 1908 970 1941 ante
991 1901 1128 1941 omnia
1154 1900 1380 1941 abominati
1405 1901 1527 1940 semi-

166 1975 301 2000 mares
322 1960 506 2013 iussique
526 1962 569 2000 in
589 1977 702 2002 mare
728 1963 934 2016 extemplo
961 1962 1180 2016 deportari,
1208 1962 1313 2002 sicut
1337 1962 1525 2016 proxime

168 2020 218 2062 C.
246 2022 442 2071 Claudio,
480 2023 542 2063 M.
570 2024 694 2065 Livio
722 2025 960 2064 consulibus
988 2025 1228 2078 deportatus
1262 2023 1405 2063 similis
1432 2038 1526 2077 pro-

167 2083 267 2138 digii
292 2084 400 2124 fetus
428 2092 527 2125 erat.
582 2086 710 2127 nihilo
736 2087 871 2127 minus
900 2087 1156 2126 decemviros
1184 2086 1296 2126 adire
1320 2085 1447 2126 libros
1475 2085 1524 2125 dc
1552 2098 1568 2126 9

166 2152 355 2200 portento
393 2161 442 2187 eo
478 2147 700 2188 iusserunt.
762 2148 984 2188 decemviri
1022 2163 1072 2189 ex
1108 2148 1223 2187 libris
1260 2162 1326 2187 res
1365 2146 1525 2186 divinas

167 2207 352 2255 easdem,
398 2222 503 2260 quae
544 2210 732 2263 proxime
777 2210 1004 2250 secundum
1040 2210 1082 2249 id
1117 2209 1355 2264 prodigium
1390 2209 1525 2248 factae

167 2276 327 2317 essent,
370 2269 637 2323 imperarunt.
699 2285 866 2311 carmen
908 2280 1123 2325 praeterea
1165 2271 1216 2311 ab
1255 2281 1315 2311 ter
1350 2270 1524 2310 novenis

167 2330 395 2384 virginibus
434 2331 525 2371 cani
559 2347 634 2386 per
662 2334 808 2374 urbem
839 2334 1068 2381 iusserunt,
1107 2333 1344 2385 donumque
1374 2332 1527 2373 Iunoni

165 2392 334 2446 reginae
365 2393 475 2433 ferri.
536 2408 586 2433 ea
615 2394 675 2434 uti
706 2395 853 2434 fierent
888 2393 938 2435 C.
964 2394 1161 2434 Aurelius
1194 2394 1339 2435 consul
1371 2409 1423 2434 ex
1454 2394 1525 2434 de-
1553 2407 1593 2436 10

167 2454 441 2494 cemvirorum
464 2470 667 2509 responso
693 2456 864 2496 curavit.
915 2471 1092 2504 carmen,
1121 2456 1226 2496 sicut
1250 2465 1415 2510 patrum
1439 2470 1526 2496 me-

166 2516 297 2557 moria
322 2516 485 2565 Livius,
511 2518 569 2557 ita
593 2526 681 2558 tum
707 2517 890 2558 condidit
913 2518 963 2558 P.
991 2518 1181 2558 Licinius
1210 2518 1387 2572 Tegula.

250 2577 382 2618 XIII.
429 2579 623 2632 Expiatis
655 2579 846 2619 omnibus
882 2579 1153 2634 religionibus
1184 2604 1241 2609 ——
1270 2595 1367 2620 nam
1399 2580 1522 2620 etiam
1552 2593 1562 2621 1

167 2639 314 2680 Locris
342 2640 602 2696 sacrilegium
628 2643 954 2696 pervestigatum
981 2643 1032 2682 ab
1053 2642 1106 2694 Q.
1127 2642 1314 2683 Minucio
1340 2650 1426 2683 erat
1451 2657 1523 2696 pe-

1555 1666 1570 1693 *Ι
