1799 2900
477 104 631 139 LIBER
655 105 840 149 XXXVI,
867 105 921 139 32.
941 104 995 139 33.
1023 106 1072 150 [a.
1087 103 1124 139 C.
1141 105 1221 148 191]
1439 94 1520 136 247

174 224 265 251 0550
297 222 473 261 aequum
505 207 731 248 censebant
754 208 952 249 Romani:
990 224 1072 249 non
1106 207 1215 248 enim
1238 207 1315 248 M’.
1341 206 1525 247 Acilium

113 302 116 307 -
173 271 387 313 consulem
416 269 686 324 legionesque
717 271 931 311 Romanas
958 270 1171 326 Diophani
1197 278 1237 311 et
1261 270 1444 310 Achaeis
1471 269 1523 309 ad

173 333 475 388 Thermopylas
491 348 716 388 pugnasse.
753 333 997 387 Diophanes
1013 334 1212 374 adversus
1233 333 1334 373 haec
1348 346 1525 386 purgare

173 395 378 436 interdum
394 410 486 435 sese
506 402 768 449 gentemque,
784 395 990 435 interdum
1012 396 1061 436 de
1082 395 1169 435 iure
1190 395 1287 435 facti
1308 395 1524 435 disserere.

174 457 342 511 quidam
356 457 622 498 Achaeorum
649 465 689 497 et
713 457 828 497 initio
843 473 932 498 eam
960 473 1003 498 se
1023 472 1109 497 rem
1130 465 1373 511 aspernatos
1399 463 1526 497 testa-

173 520 335 567 bantur,
363 527 400 559 et
417 527 513 559 tune
532 519 800 573 pertinaciam
816 519 1115 573 increpitabant
1136 518 1357 573 praetoris3
1384 526 1526 558 aucto-

173 582 369 634 ribusque
400 582 450 622 iis
477 582 688 622 decretum
713 590 794 630 est,
827 588 872 621 ut
896 581 947 622 T.
975 581 1170 632 Quinctio
1196 596 1244 621 ea
1269 596 1334 621 res
1360 579 1528 635 permit-

173 653 340 684 teretur.
391 651 477 684 erat
504 642 726 695 Quinctius
753 644 859 684 sicut
884 643 1200 683 adversantibus
1227 658 1362 696 asper,
1388 642 1463 691 ita,
1491 641 1525 682 si

174 706 358 754 cederes,
385 705 495 746 idem
522 706 751 760 placabilis.
801 706 956 746 omissa
981 705 1105 759 igitur
1131 705 1392 746 contentione
1413 704 1526 745 vocis

174 768 395 820 vultusque
435 768 489 808 ‘si
519 768 679 808 utilem’
712 768 845 821 inquit
882 769 1210 823 ‘possessionem
1244 768 1331 808 eius
1368 767 1528 807 insulae

176 844 388 870 censerem
414 829 597 870 Achaeis
624 845 736 878 esse,
770 838 911 870 auctor
937 845 1073 870 essem
1100 829 1260 870 senatui
1292 829 1528 883 populoque

174 891 378 939 Romano,
404 900 449 931 ut
469 907 560 932 eam
576 907 649 932 vos
672 891 824 932 habere
847 891 1040 932 sinerent.
1079 900 1259 931 ceterum
1276 891 1380 931 sicut
1402 898 1530 931 testu-

176 953 327 1001 dinem,
354 953 425 992 ubi
445 953 630 993 conlecta
656 953 697 992 in
718 968 837 993 suum
858 964 1053 1006 tegumen
1069 960 1144 1001 est,
1171 960 1302 992 tutam
1323 953 1375 992 ad
1395 952 1527 992 omnis

175 1014 280 1054 ictus
310 1015 428 1055 video
455 1030 567 1063 esse,
594 1015 665 1055 ubi
691 1014 843 1055 exserit
873 1014 1001 1068 partis
1028 1014 1205 1067 aliquas,
1240 1014 1528 1066 quodcumque

175 1076 359 1124 nudavit,
382 1076 607 1117 obnoxium
623 1084 744 1128 atque
760 1076 967 1115 infirmum
986 1076 1139 1116 habere
1153 1101 1204 1124 —‚
1225 1075 1336 1115 haud
1351 1074 1530 1114 dissimi-

174 1137 266 1177 liter
291 1152 378 1185 vos,
404 1138 579 1185 Achaei,
607 1138 770 1178 clausos
796 1137 977 1190 undique
1003 1137 1118 1183 mari,
1147 1137 1256 1189 quod
1281 1136 1387 1176 intra
1406 1136 1531 1176 Pelo-

174 1199 352 1253 ponnesi
378 1206 441 1238 est
467 1199 684 1247 terminos,
717 1214 766 1239 ea
791 1206 829 1239 et
855 1199 1026 1253 iungere
1052 1198 1169 1239 vobis
1197 1207 1235 1238 et
1261 1198 1401 1237 iuncta
1425 1197 1530 1238 tueri

175 1260 315 1309 facile,
354 1260 477 1300 simul
503 1261 698 1301 aviditate
731 1261 850 1315 plura
876 1260 1151 1315 amplectendi
1183 1260 1278 1300 hine
1305 1259 1527 1308 excedatis,

174 1323 286 1363 nuda
313 1323 430 1363 vobis
464 1323 602 1363 omnia
628 1338 732 1376 quae
759 1331 875 1364 extra
907 1324 988 1364 sint
1021 1331 1061 1364 et
1093 1322 1282 1378 exposita
1308 1322 1360 1362 ad
1386 1337 1528 1362 omnes

174 1384 279 1425 ictus
305 1385 423 1425 esse.’
474 1385 722 1426 adsentienti
747 1385 857 1425 omni
883 1385 1055 1426 coneilio
1081 1399 1158 1425 nec
1182 1384 1405 1440 Diophane
1425 1384 1533 1424 ultra

176 1447 344 1488 tendere
372 1462 471 1487 auso
499 1447 738 1501 Zacynthus
764 1448 966 1488 Romanis
993 1447 1178 1487 traditur.

261 1507 490 1549 XXXHL
528 1509 611 1549 Per
632 1509 741 1549 idem
761 1517 924 1563 tempus
944 1509 1163 1563 Philippus
1180 1524 1252 1549 rex
1267 1508 1532 1563 proficiscen-

178 1577 259 1610 tem
286 1570 499 1610 consulem
526 1571 578 1610 ad
601 1571 864 1625 Naupactum
890 1579 1196 1625 percunctatus,
1224 1570 1258 1610 si
1285 1585 1328 1611 se
1354 1569 1530 1618 interim,

178 1646 283 1684 quae
321 1632 572 1672 defecissent
610 1633 660 1672 ab
698 1632 894 1673 societate
931 1633 1140 1681 Romana,
1186 1633 1309 1671 urbes
1346 1630 1530 1684 recipere

178 1693 320 1742 vellet,
357 1694 620 1747 permittente
652 1709 699 1735 eo
732 1695 784 1734 ad
815 1694 1127 1734 Demetriadem
1160 1693 1299 1748 copias
1333 1692 1528 1740 admovit,

179 1757 290 1796 haud
324 1757 492 1811 ignarus
531 1766 685 1809 quanta
720 1757 776 1797 ibi
815 1766 901 1797 tum
938 1756 1116 1797 turbatio
1155 1763 1278 1796 esset.
1347 1754 1531 1794 destituti

180 1818 288 1858 enim
314 1820 365 1858 ab
391 1818 500 1859 omni
528 1833 620 1872 spe,
659 1833 752 1858 cum
778 1819 963 1858 desertos
999 1833 1042 1858 se
1070 1817 1120 1858 ab
1146 1816 1375 1864 Antiocho,
1415 1830 1531 1869 spem

178 1880 333 1920 nullam
359 1880 399 1920 in
424 1881 587 1920 Aetolis
614 1895 706 1921 esse
732 1887 958 1927 cernerent,
987 1879 1074 1919 dics
1100 1888 1324 1930 noctesque
1351 1885 1418 1917 aut
1432 1877 1532 1917 Phi-

179 1941 279 1996 lippi
304 1942 434 1982 hostis
468 1942 692 1982 adventum
717 1950 786 1982 aut
812 1941 1069 1982 infestiorem
1095 1940 1237 1986 etiam,
1277 1953 1356 1991 quo
1382 1938 1530 1978 iustius

179 2003 270 2043 irati
296 2012 424 2052 erant,
450 2004 735 2045 Romanorum
761 2004 1073 2058 exspectabant.
1132 2002 1254 2041 turba
1279 2008 1366 2041 erat
1389 2000 1446 2040 ibi
1470 2000 1532 2039 in-

180 2065 345 2106 condita
380 2066 606 2120 regiorum,
646 2066 714 2118 qui
750 2066 882 2120 primo
919 2064 1040 2119 pauci
1078 2064 1120 2103 in
1151 2062 1357 2118 praesidio
1387 2061 1531 2110 relicti,

180 2134 325 2181 postea
349 2128 507 2182 plures,
539 2128 723 2182 plerique
755 2128 932 2168 inermes
959 2142 1010 2167 ex
1042 2126 1198 2181 proelio
1226 2125 1400 2165 adverso
1432 2124 1533 2179 fuga

181 2188 317 2237 delati,
345 2203 420 2229 nec
447 2190 593 2229 virium
620 2204 695 2230 1100
721 2189 845 2230 animi
872 2188 971 2228 satis
999 2188 1050 2228 ad
1071 2187 1330 2228 obsidionem
1357 2186 1533 2226 toleran-

181 2250 276 2289 dam
302 2250 522 2291 habebant.
582 2251 719 2304 itaque
745 2250 984 2305 praemissis
1011 2265 1035 2290 a
1059 2249 1267 2303 Philippo,
1295 2248 1390 2301 quia
1416 2262 1533 2302 spem

179 2311 449 2365 impetrabilis
465 2312 610 2352 veniae
625 2313 912 2360 ostendebant,
938 2311 1256 2366 responderunt,
1282 2318 1422 2364 patere
1438 2323 1532 2363 por-

181 2381 243 2412 tas
270 2372 370 2427 regi.
431 2373 483 2413 ad
513 2373 692 2427 primum
717 2374 804 2414 eius
837 2374 1072 2427 ingressum
1103 2371 1336 2426 principum
1361 2371 1527 2423 quidam

181 2435 281 2474 urbe
302 2443 582 2484 excesserunt,
608 2435 871 2488 Eurylochus
893 2442 1067 2475 mortem
1088 2433 1165 2474 sibi
1191 2432 1404 2473 conscivit.
1442 2432 1533 2472 An-

182 2495 305 2536 tiochi
331 2497 481 2537 milites
501 2521 557 2525 —
578 2497 636 2537 sic
661 2497 770 2537 enim
796 2497 907 2550 pacti
932 2504 1047 2536 erant
1065 2520 1122 2524 —
1140 2510 1213 2550 per
1238 2493 1532 2535 Macedoniam

181 2557 483 2612 Thraciamque
515 2559 860 2612 prosequentibus
892 2556 1216 2606 Macedonibus,
1253 2571 1304 2597 ne
1336 2556 1427 2609 quis
1459 2570 1530 2596 eos

1551 344 1568 372 3

1549 467 1567 496 4

1556 1698 1575 1727 [0

1556 2384 1573 2412 6
