1799 2900
410 79 562 114 LIBER
585 79 831 124 xxxvnu,
857 80 911 114 41.
933 80 988 115 42.
1015 82 1065 124 [a.
1082 78 1216 123 e.1s4]
1407 69 1485 110 411

140 185 193 226 ad
217 185 298 225 duo
324 182 435 223 milia
459 181 672 223 hominum
698 183 921 224 damnavit.
960 191 1001 224 et
1024 183 1077 224 L.
1102 181 1344 224 Postumius
1369 195 1489 237 prae-

135 254 220 296 tor,
252 245 318 286 cui
343 245 569 285 Tarentum
601 245 814 299 provincia
839 252 1050 294 evenerat,
1075 260 1249 299 magnas
1276 251 1489 299 pastorum

140 306 442 349 coniurationes
468 305 707 355 vindicavit,
735 314 776 347 et
799 306 993 360 reliquias
1015 305 1340 347 Bacchanalium
1365 319 1491 358 quae-

140 368 283 409 stionis
320 382 413 408 cum
450 381 548 407 cura
583 375 803 409 exsecutus
841 376 916 409 est.
982 368 1133 409 multos
1171 367 1240 420 qui
1277 374 1346 408 aut
1377 366 1490 406 citati

137 445 221 471 non
247 430 464 470 adfuerant
483 436 553 469 aut
572 429 699 470 vades
721 430 1000 479 deseruerant,
1026 430 1068 470 in
1089 444 1137 470 ea
1160 429 1330 483 regione
1345 428 1491 468 Italiae

137 492 313 532 latentes
349 490 498 545 partim
535 491 682 532 noxios
724 491 938 541 iudicavit,
981 490 1132 546 partim
1168 490 1491 545 comprehensos

137 555 318 595 Romam
343 553 396 593 ad
421 560 611 593 senatum
635 553 760 594 misit.
799 554 842 594 in
866 567 1073 595 carcerem
1098 567 1242 594 omnes
1269 567 1292 593 a
1315 553 1365 593 P.
1388 550 1492 593 Cor-

137 615 246 657 nelio
273 614 447 655 coniecti
473 622 581 655 sunt.

223 676 478 717 XXXXH.
537 678 588 717 In
631 677 838 731 Hispania
883 676 1076 718 ulteriore
1119 675 1260 716 fractis
1303 673 1491 730 proximo

138 739 246 779 bello
260 739 476 779 Lusitanis
493 739 655 792 quietae
669 755 734 780 res
751 740 926 787 fuerant,
949 739 1043 779 etin
1063 737 1249 778 citeriore
1263 738 1318 778 A.
1334 737 1492 777 Teren-

138 801 219 841 tius
246 801 287 840 in
303 800 568 841 Suessetanis
594 801 792 856 oppidum
808 799 1060 841 Corbionem
1080 799 1210 840 vineis
1238 807 1278 840 et
1297 800 1490 854 operibus

139 862 411 917 expugnavit,
445 863 630 917 captivos
666 863 869 912 vendidit3
908 863 1046 915 quieta
1077 861 1225 901 deinde
1256 861 1429 901 hiberna
1453 867 1494 900 et

140 925 302 966 citerior
326 925 538 979 provincia
563 926 717 966 habuit.
756 934 915 966 veteres
942 933 1152 979 praetores
1171 923 1220 965 C.
1240 923 1491 978 Calpurnius

137 987 238 1028 Piso
265 996 305 1027 et
329 987 382 1027 L.
410 987 630 1038 Quinctius
656 987 837 1028 Romam
866 987 1089 1027 redierunt.
1150 985 1314 1038 utrique
1340 1000 1493 1039 magno

138 1056 303 1103 patrum
331 1063 537 1089 consensu
563 1048 793 1103 triumphus
821 1055 883 1088 est
917 1049 1121 1088 decretus.
1180 1047 1291 1101 prior
1318 1046 1368 1087 C.
1396 1045 1494 1086 Cal-

138 1110 310 1165 purnius
343 1110 392 1150 de
425 1110 640 1149 Lusitanis
673 1118 713 1150 et
740 1109 960 1150 Celtiberis
994 1109 1281 1164 triumphavit3
1320 1122 1493 1148 coronas

139 1186 285 1212 aureas
316 1171 408 1211 tulit
434 1171 645 1224 octoginta
676 1178 758 1212 tres
791 1178 832 1211 et
869 1171 1088 1211 duodecim
1119 1170 1232 1210 milia
1260 1170 1399 1225 pondo
1431 1184 1495 1209 ar-

138 1234 265 1288 genti.
302 1247 456 1288 paucos
482 1240 577 1287 post
603 1233 689 1273 dies
722 1233 775 1273 L.
792 1232 1013 1284 Quinctius
1038 1231 1257 1286 Crispinus
1279 1246 1329 1271 ex
1348 1231 1494 1271 iisdem

140 1295 355 1336 Lusitanis
373 1294 676 1348 Celtiberisque
692 1296 978 1350 triumphavit:
1006 1295 1248 1335 tantundem
1265 1293 1352 1334 auri
1372 1300 1495 1346 atque

139 1357 299 1412 argenti
324 1357 365 1396 in
392 1372 440 1397 eo
467 1357 674 1411 triumpho
700 1358 944 1411 praelatum.

228 1418 436 1459 Censores
462 1418 524 1459 M.
551 1418 725 1459 Porcius
758 1426 798 1459 et
823 1419 876 1460 L.
902 1418 1095 1462 Valerius
1126 1424 1239 1458 metu
1270 1417 1400 1457 mixta
1424 1431 1495 1456 ex-

141 1482 394 1536 spectatione
426 1489 615 1521 senatum
648 1481 856 1535 legerunt3
895 1488 1054 1534 septem
1085 1487 1303 1520 moverunt
1335 1486 1493 1527 senatu,

143 1558 194 1583 ex
220 1543 367 1596 quibus
399 1558 528 1582 unum
561 1543 768 1596 insignem
799 1550 839 1582 et
863 1542 1077 1582 nobilitate
1103 1548 1143 1581 et
1167 1541 1412 1589 honoribus,
1442 1539 1496 1581 L.

143 1604 386 1656 Quinctium
421 1604 705 1645 Flamininum
749 1604 1021 1644 consularem.
1092 1610 1257 1657 patrum
1299 1602 1497 1642 memoria

142 1667 378 1706 institutum
404 1667 546 1715 fertur,
572 1674 618 1706 ut
643 1680 836 1707 censores
863 1665 984 1706 motis
1006 1680 1028 1706 e
1049 1672 1195 1705 senatu
1216 1664 1498 1704 adscriberent

143 1736 276 1769 notas.
316 1727 489 1769 Catonis
515 1735 555 1768 et
581 1728 684 1768 aliae
711 1728 878 1780 quidem
904 1727 1076 1767 acerbae
1102 1726 1307 1767 orationes
1334 1733 1499 1766 exstant

142 1790 184 1830 in
210 1805 299 1838 eos,
339 1804 442 1842 quos
475 1798 544 1830 aut
577 1790 783 1830 senatorio
820 1789 912 1829 loco
944 1788 1073 1829 movit
1099 1797 1168 1828 aut
1194 1788 1341 1840 quibus
1369 1802 1497 1840 equos

144 1851 315 1900 ademit3
342 1851 464 1906 longe
490 1851 737 1906 gravissima
761 1851 803 1891 in
828 1851 882 1891 L.
898 1849 1139 1902 Quinctium
1165 1849 1294 1890 oratio
1321 1856 1396 1898 est,
1417 1863 1498 1902 qua

143 1913 178 1953 si
215 1920 430 1953 accusator
466 1920 560 1953 ante
597 1922 757 1962 notam,
796 1927 878 1953 uon
918 1926 1065 1953 censor
1101 1918 1196 1966 post
1226 1918 1366 1951 notam
1397 1924 1497 1951 usus

142 1983 265 2024 esset,
291 1975 467 2016 retinere
482 1976 534 2016 L.
550 1975 793 2027 Quinctium
812 1975 855 2015 in
875 1982 1021 2016 senatu
1041 1989 1092 2015 ne
1118 1974 1243 2014 frater
1266 1973 1432 2026 quidem
1445 1972 1496 2013 T.

143 2036 384 2088 Quinctius,
427 2037 461 2076 si
493 2044 579 2077 tum
606 2052 752 2077 censor
782 2044 911 2086 esset,
949 2036 1167 2090 potuisset.
1226 2035 1332 2076 inter
1363 2043 1498 2076 cetera

143 2098 293 2138 obieeit
317 2098 372 2147 ei,
398 2098 640 2152 Philippum
663 2099 872 2146 Poenum,
899 2112 1040 2138 carum
1065 2111 1113 2137 ac
1137 2098 1275 2138 nobile
1302 2104 1495 2144 scortum,

144 2160 196 2199 ab
220 2160 355 2200 Roma
378 2160 421 2199 in
449 2159 630 2200 Galliam
660 2160 916 2215 provinciam
941 2175 1015 2214 spe
1040 2159 1271 2214 ingentium
1298 2159 1499 2199 donorum

143 2221 400 2276 perductum.
439 2235 533 2261 eum
559 2237 746 2276 puerum,
772 2236 846 2276 per
871 2221 1085 2261 lasciviam
1111 2235 1204 2260 cum
1224 2220 1495 2268 cavillaretur,

144 2283 394 2336 exprobrare
431 2283 590 2322 consuli
634 2297 835 2337 persaepe
873 2282 1057 2329 solitum,
1096 2282 1207 2334 quod
1244 2282 1320 2321 sub
1362 2281 1498 2335 ipsum

145 2344 427 2398 spectaculum
462 2344 751 2398 gladiatorium
789 2344 990 2384 abductus
1028 2343 1080 2383 ab
1115 2343 1251 2383 Roma
1287 2350 1415 2391 esset,
1453 2350 1498 2382 ut

144 2405 390 2458 obsequium
421 2405 597 2446 amatori
628 2405 812 2445 iactaret.
873 2405 978 2445 forte
1005 2405 1266 2458 epulantibus
1297 2404 1364 2452 iis,
1403 2418 1496 2443 cum

144 2467 226 2506 iam
251 2467 346 2507 vino
366 2467 647 2515 incaluissent,
673 2466 907 2507 nuntiatum
931 2466 973 2505 in
993 2465 1182 2507 convivio
1203 2480 1294 2506 esse
1314 2464 1496 2506 nobilem

146 2529 295 2569 Boium
322 2543 414 2569 cum
439 2529 579 2569 liberis
606 2529 865 2582 transfugam
892 2528 1076 2569 venisse&
1103 2527 1322 2569 convenire
1348 2541 1496 2568 consu-

1519 932 1537 961 10

1526 2416 1562 2445 10
