1799 2900
429 58 583 93 LIBER
608 58 855 102 XXXVIIII,
882 58 936 92 30.
953 58 1008 92 31.
1036 59 1088 101 [a.
1105 55 1238 100 (3.185]
1429 45 1512 88 399

157 164 247 221 piae
272 163 315 204 in
341 162 471 203 aciem
497 162 670 203 eductae
696 169 803 203 sunt.
858 162 901 202 in
927 177 975 203 eo
1003 160 1266 202 tumultuario
1293 158 1515 201 certamine
1540 173 1558 202 3

157 233 195 269 et
220 226 310 267 loca
338 240 413 265 sua
437 231 478 265 ct
501 239 633 278 genus
659 239 824 278 pugnae
855 239 929 279 pro
960 223 1079 264 hoste
1106 223 1234 264 fuere.
1295 223 1375 263 duo
1400 236 1517 262 exer—

158 289 261 329 citus
282 286 463 328 Romani
488 286 570 327 fusi
597 293 719 339 atque
744 287 785 326 in
812 294 948 327 castra
967 286 1171 340 compulsi
1198 292 1305 326 sunt.
1353 299 1435 325 non
1454 284 1516 324 in-

157 350 297 392 stitere
333 348 535 404 perculsis
573 348 728 389 hostes.
790 356 1000 403 praetores
1031 348 1228 397 Romani,
1266 363 1317 389 ne
1348 355 1515 403 postero

157 413 222 453 die
248 420 384 456 castra
409 412 766 465 obpugnarentur,
805 410 967 451 silentio
997 410 1209 465 proximae
1236 411 1367 451 noctis
1394 411 1517 452 tacito

158 475 276 529 signo
303 473 528 514 exercitum
556 473 828 513 abduxerunt.
876 472 966 513 luce
991 472 1125 527 prima
1137 472 1318 527 Hispani
1345 473 1431 513 acic
1456 472 1518 513 in-

157 542 312 577 structa
349 535 402 575 ad
439 535 593 575 vallum
637 542 899 575 accesserunt
938 548 1150 587 vacuaque
1193 542 1356 589 praeter
1400 551 1517 591 spem

156 606 291 638 castra
316 597 514 651 ingressi,
541 611 646 650 quae
673 597 868 637 derelicta
892 597 997 637 inter
1016 605 1259 637 nocturnam
1280 597 1519 652 trepidatio-

155 674 252 700 nem
278 666 412 708 erant,
450 659 706 713 diripuerunt
736 658 998 713 regressique
1029 659 1072 698 in
1103 666 1238 700 castra
1264 674 1339 700 sua
1362 673 1517 714 paucos

157 722 244 762 dies
272 721 398 774 quieti
425 721 585 762 stativis
612 727 865 761 manserunt.
921 720 1205 761 Romanorum
1232 721 1518 774 sociorumque

154 784 195 824 in
228 784 385 838 proelio
417 784 599 838 fugaque
630 783 683 823 ad
715 782 895 836 quinque
925 782 1039 823 milia
1069 784 1224 832 occisa,
1269 798 1443 837 quorum
1474 799 1518 824 se

157 846 300 900 spoliis
328 845 469 886 hostes
497 852 720 885 armarunt.
775 844 870 885 inde
898 845 950 885 ad
975 844 1140 900 Tagum
1165 846 1320 886 fiumen
1344 847 1518 901 profecti

157 916 265 948 sunt.
321 915 531 962 praetores
558 906 720 947 interim
746 906 925 948 Romani
952 922 1073 948 omne
1099 907 1141 947 id
1167 916 1329 962 tempus
1357 917 1519 949 contra—

157 969 303 1010 hendis
342 985 393 1010 ex
425 968 660 1009 civitatibus
693 968 815 1009 sociis
843 969 1127 1023 Hispanorum
1160 970 1323 1010 auxiliis
1357 979 1396 1011 et
1426 971 1519 1012 refi-

156 1031 312 1072 ciendis
339 1032 390 1072 ab
417 1038 570 1071 terrore
602 1030 802 1070 adversae
834 1045 1000 1084 pugnae
1033 1031 1209 1071 militum
1242 1032 1388 1072 animis
1421 1047 1519 1073 con-

157 1100 433 1147 sumpserunt.
474 1092 543 1132 ubi
569 1092 668 1132 satis
695 1092 887 1146 placuere
913 1091 1020 1132 vires
1048 1099 1087 1132 et
1112 1092 1194 1132 iam
1214 1092 1332 1133 miles
1353 1108 1517 1146 quoque

156 1155 209 1195 ad
234 1154 454 1194 delendam
478 1154 657 1207 priorem
682 1152 953 1206 ignominiam
978 1153 1141 1193 hostem
1166 1155 1384 1208 poscebat,
1418 1156 1519 1196 duo-

156 1216 289 1258 decim
314 1216 426 1256 milia
457 1230 657 1270 passuum
688 1215 739 1255 ab
765 1215 885 1269 Tago
916 1215 1084 1256 flumine
1114 1226 1342 1270 posuerunt
1370 1226 1517 1258 castra.

155 1279 251 1319 inde
277 1278 397 1319 tertia
422 1278 563 1332 vigilia
589 1277 761 1318 sublatis
796 1277 946 1331 signis,
985 1278 1185 1330 quadrato
1218 1279 1382 1332 agmine
1407 1279 1520 1334 prin-

159 1340 265 1395 cipio
291 1340 394 1380 lucis
422 1341 473 1380 ad
499 1339 607 1394 Tagi
632 1339 765 1394 ripam
790 1348 1081 1394 pervenerunt.
1142 1348 1254 1381 trans
1280 1341 1452 1382 fluvium
1476 1342 1519 1382 in

156 1402 259 1443 colle
285 1401 467 1442 hostium
494 1410 630 1442 castra
655 1410 783 1442 crant.
845 1402 1072 1456 extemplo,
1112 1417 1193 1455 qua
1223 1403 1384 1444 duobus
1416 1404 1516 1445 locis

157 1464 264 1504 vada
298 1464 483 1504 nudabat
520 1463 678 1512 amnis,
729 1464 875 1503 dextra
915 1472 1033 1518 parte
1073 1462 1350 1518 Calpurnius,
1399 1465 1519 1506 laeva

157 1525 378 1577 Quinctius
410 1525 614 1566 exercitus
648 1525 920 1565 traduxerunt
952 1525 1089 1578 quieto
1121 1525 1239 1567 hoste
1273 1527 1369 1566 dum
1395 1527 1519 1567 mira-

155 1594 221 1628 tur
247 1586 430 1627 subitum
456 1587 679 1627 adventum
701 1586 1002 1639 consultatque,
1030 1587 1098 1640 qui
1121 1588 1341 1628 tumultum
1367 1589 1518 1630 inicere

156 1648 457 1704 trepidantibus
494 1648 536 1689 in
571 1648 662 1703 ipso
701 1648 875 1689 transitu
907 1649 1039 1689 amnis
1078 1650 1294 1704 potuisset.
1354 1651 1518 1691 interim

155 1711 355 1760 Romani,
392 1710 685 1765 inpedimentis
717 1725 880 1764 quoque
913 1711 1103 1752 omnibus
1130 1712 1329 1753 traductis
1357 1720 1519 1754 contra-

157 1773 315 1826 ctisque
340 1773 382 1813 in
408 1787 535 1813 unum
554 1772 712 1821 locum,
740 1773 836 1826 quia
856 1773 938 1813 iam
957 1773 1114 1814 moveri
1136 1774 1331 1814 videbant
1355 1774 1519 1816 hostem

158 1850 234 1876 nee
260 1835 440 1889 spatium
466 1842 553 1875 erat
571 1842 707 1875 castra
726 1836 1046 1884 communiendi,
1074 1836 1204 1877 aciem
1224 1836 1517 1879 instruxerunt.

157 1896 199 1937 in
222 1896 359 1937 medio
383 1896 542 1938 locatae
568 1897 710 1950 quinta
725 1895 941 1952 Calpurnii
965 1897 1074 1952 legio
1094 1905 1132 1939 et
1153 1906 1299 1939 octava
1313 1898 1517 1950 Quinctii,

157 1958 200 2001 id
218 1960 344 2000 robur
365 1959 488 2000 totius
510 1959 715 2000 exercitus
738 1968 836 2000 erat.
886 1973 1079 2014 campum
1100 1968 1287 2014 apertum
1311 1975 1444 2014 usque
1466 1962 1519 2002 ad

158 2021 340 2062 hostium
366 2028 501 2061 castra
527 2020 754 2070 habebant,
781 2021 955 2062 liberum
981 2037 1005 2062 a
1029 2030 1142 2063 metu
1167 2022 1422 2063 insidiarum.

242 2082 424 2124 XXXI.
478 2083 660 2138 Hispani
684 2093 906 2138 postquam
931 2084 973 2125 in
999 2085 1187 2126 citeriore
1212 2085 1302 2140 ripa
1327 2086 1408 2127 duo
1434 2086 1520 2127 Ro-

158 2159 373 2185 manorum
399 2144 566 2199 agmina
592 2154 915 2199 conspexerunt,
941 2153 987 2186 ut
1010 2147 1251 2201 priusquam
1279 2161 1323 2188 se
1347 2147 1518 2202 iungere

159 2214 282 2259 atque
317 2206 520 2246 instruere
551 2216 724 2261 possent
754 2216 1007 2262 occuparent
1037 2224 1126 2257 eos,
1165 2209 1310 2249 castris
1347 2216 1518 2263 repente

159 2268 281 2309 effusi
306 2282 429 2308 cursu
455 2268 507 2308 ad
531 2283 717 2322 pugnam
740 2270 927 2310 tendunt.
967 2279 1085 2311 atrox
1103 2271 1148 2311 in
1173 2270 1373 2325 principio
1398 2285 1518 2325 proe-

159 2330 258 2370 lium
288 2329 366 2369 fuit
397 2336 437 2369 et
462 2330 664 2383 Hispanis
701 2331 856 2371 recenti
889 2331 1060 2372 victoria
1090 2331 1242 2372 inflatis
1280 2339 1320 2372 et
1356 2331 1519 2373 insueta

1547 1287 1563 1316 9

1548 1350 1586 1379 10

1548 1663 1582 1690 11

1548 1908 1585 1937 12

1547 2095 1559 2123 l

1543 2280 1562 2310 2

158 2391 386 2445 ignominia
410 2390 538 2431 milite
558 2391 748 2432 Romano
775 2407 963 2434 accenso.
1013 2393 1208 2434 acerrime
1233 2394 1370 2434 media
1395 2393 1516 2443 acies,
1543 2405 1563 2435 3

159 2453 265 2494 duae
302 2453 553 2494 fortissimae
588 2453 795 2507 legiones,
834 2455 1103 2505 dimicabant3
1142 2470 1245 2508 quas
1277 2470 1370 2496 cum
1400 2456 1518 2496 aliter

159 2515 315 2555 moveri
341 2515 433 2556 loco
457 2529 540 2556 non
564 2529 689 2570 posse
718 2516 845 2558 hostis
873 2525 1076 2566 cerneret,
1116 2531 1246 2559 cuneo
1270 2517 1417 2558 institit
1441 2533 1516 2572 pu-
