1799 2900
486 70 640 104 LIBER
664 71 867 115 xxxvii,
892 70 946 105 41.
965 71 1019 105 42.
1048 73 1096 114 [a.
1113 69 1151 104 e.
1169 69 1246 112 190]
1460 57 1544 98 295

193 179 384 219 baturum
411 173 589 215 hostium
616 174 747 214 aciem
762 174 996 215 Antiochus
1019 173 1260 221 crediderat,
1285 173 1326 212 in
1348 186 1444 211 suos
1465 178 1545 210 ter-

192 253 327 280 rorem
347 243 568 277 verterunt.
608 244 790 276 armatae
818 244 955 277 autem
980 236 1021 275 in
1047 236 1156 276 hunc
1176 234 1354 275 maxime
1375 233 1543 273 modum

193 307 328 340 erant:
355 298 547 352 cuspides
575 298 681 338 circa
708 305 916 339 temonem
942 299 993 338 ab
1020 298 1117 352 iugo
1144 298 1287 337 decem
1312 295 1450 336 cubita
1474 309 1544 335 ex-

194 361 339 402 stantis
372 360 484 401 velut
514 374 667 401 cornua
698 360 924 410 habebant,
962 361 1110 413 quibus
1149 359 1348 412 quidquid
1378 357 1545 399 obvium

194 424 358 463 daretur
389 423 692 477 transfigerent.
761 432 801 463 et
832 423 873 463 in
905 423 1101 463 extremis
1133 422 1241 476 iugis
1279 421 1399 462 binae
1437 419 1545 460 circa

195 485 429 526 eminebant
457 485 605 530 falces,
645 484 773 525 altera
798 493 973 538 aequata
997 485 1114 538 iugo,
1152 484 1280 524 altera
1310 482 1479 523 inferior
1503 481 1545 520 in

195 556 346 588 terram
373 547 552 595 devexa,
578 546 647 587 illa
671 554 716 587 ut
742 546 940 600 quidquid
965 547 1017 587 ab
1043 546 1169 586 latere
1195 546 1426 586 obiceretur
1452 543 1546 584 abs-

193 609 360 657 cideret,
387 609 489 649 hacc
509 617 551 648 ut
572 609 788 663 prolapsos
811 609 1116 661 subeuntesque
1138 607 1407 662 contingeret.
1446 605 1544 645 item

192 673 244 712 ab
270 672 417 712 axibus
443 679 625 712 rotarum
658 672 863 724 utrimque
888 672 1009 711 binae
1035 671 1181 711 codem
1206 670 1329 711 modo
1358 669 1546 709 diversae

194 735 482 788 deligabantur
520 734 661 774 falces,
724 734 782 774 sic
820 741 997 774 armatas
1031 733 1273 787 quadrigas,
1312 731 1408 785 quia
1440 730 1473 771 si
1504 730 1544 769 in

194 805 374 837 extremo
415 806 482 837 aut
514 797 555 836 in
588 797 724 837 medio
753 797 911 837 locatae
943 796 1097 845 forent,
1134 810 1208 850 per
1235 810 1331 835 suos
1359 793 1546 848 agendae

193 866 326 907 erant,
363 859 404 898 in
436 859 567 913 prima
594 859 698 907 acic,
736 867 781 899 ut
807 866 900 899 ante
927 859 1079 898 dictum
1107 866 1188 907 cst,
1225 857 1434 899 locaverat
1458 872 1545 896 rex.

194 921 303 975 quod
328 921 397 961 ubi
424 922 634 961 Eumenes
668 921 789 969 vidit,
827 920 939 960 haud
971 919 1139 973 ignarus
1166 934 1331 974 pugnae
1357 927 1396 959 et
1423 933 1546 971 quam

194 998 345 1037 anceps
372 990 483 1023 esset
508 983 648 1022 auxilii
678 998 829 1037 genus,
864 982 897 1022 si
923 982 1013 1034 quis
1046 996 1244 1036 pavorem
1270 981 1402 1035 magis
1430 980 1545 1033 equis

192 1045 361 1086 iniceret
387 1059 509 1097 quani
536 1044 644 1084 iusta
671 1045 897 1084 adoriretur
923 1059 1082 1098 pugna,
1116 1042 1340 1084 Cretenses
1375 1043 1546 1097 sagitta-

192 1107 274 1147 rios
301 1106 614 1158 funditoresque
641 1113 681 1146 et
712 1106 958 1146 iaculatores
992 1105 1175 1158 equitum
1208 1120 1290 1145 non
1323 1105 1545 1153 confertos,

193 1169 265 1208 sed
298 1182 421 1220 quam
454 1167 632 1208 maxime
666 1175 839 1221 possent
871 1167 1081 1221 dispersos
1116 1181 1332 1207 excurrere
1364 1166 1477 1207 iubet
1508 1176 1549 1206 et

192 1245 241 1270 ex
268 1229 458 1270 omnibus
488 1229 609 1269 simul
634 1229 820 1284 partibus
847 1230 928 1270 tela
953 1229 1154 1283 ingerere.
1188 1228 1291 1269 haec
1317 1229 1427 1269 velut
1453 1244 1547 1282 pro—

193 1292 295 1332 cella
331 1292 481 1346 partim
513 1292 751 1332 vulneribus
784 1292 1002 1332 missilium
1039 1291 1221 1344 undique
1253 1291 1544 1339 coniectorum,

191 1355 339 1409 partim
367 1354 612 1395 clamoribus
640 1355 819 1395 dissonis
846 1354 902 1395 ita
928 1354 1209 1395 consternavit
1235 1368 1382 1407 equos,
1415 1360 1459 1393 ut
1483 1368 1548 1393 re-

191 1426 313 1472 pente
341 1417 450 1457 velut
477 1417 665 1457 effrenati
690 1416 847 1472 passim
873 1417 1029 1458 incerto
1050 1430 1173 1456 cursu
1198 1416 1420 1464 ferrentur3
1448 1429 1548 1468 quo-

191 1495 282 1520 rum
313 1479 477 1534 inpetus
510 1487 550 1519 et
584 1479 688 1519 levis
721 1487 929 1520 armatura
960 1487 999 1519 et
1032 1478 1213 1533 expediti
1244 1478 1475 1519 funditores
1508 1484 1549 1517 et

192 1541 315 1581 velox
353 1540 567 1581 Cretensis
610 1549 820 1582 momento
865 1541 1147 1589 declinabant3
1192 1549 1233 1581 et
1270 1555 1395 1594 eques
1439 1540 1547 1580 insc-

194 1603 357 1656 quendo
383 1603 603 1643 tumultum
630 1618 677 1643 ac
702 1619 899 1657 pavorem
925 1604 1039 1656 equis
1067 1603 1336 1655 camelisque,
1375 1609 1416 1642 ct
1445 1600 1546 1655 ipsis

194 1666 314 1706 simul
341 1665 634 1714 consternatis,
674 1667 872 1719 augebat,
911 1665 1091 1705 clamore
1117 1672 1157 1705 et
1188 1665 1240 1704 ab
1272 1664 1352 1704 alia
1377 1663 1548 1704 circum-

194 1727 388 1768 stantium
421 1729 540 1768 turba
571 1727 785 1782 multiplici
818 1727 991 1768 adiecto.
1051 1727 1109 1767 ita
1140 1726 1276 1767 medio
1308 1726 1413 1766 inter
1444 1726 1545 1766 duas

194 1789 301 1829 acies
335 1804 481 1843 campo
514 1789 734 1844 exiguntur
767 1789 1012 1844 quadrigae,
1052 1795 1271 1842 amotoque
1302 1787 1415 1828 inani
1445 1788 1550 1827 ludi-

193 1851 295 1900 brio,
323 1859 408 1891 tum
430 1852 594 1891 demum
616 1852 669 1891 ad
688 1852 842 1892 iustum
862 1851 1065 1906 proelium
1087 1850 1206 1905 signo
1227 1850 1433 1902 utrimque
1453 1850 1549 1890 dato

195 1928 440 1955 concursum
466 1922 541 1954 est.

277 1975 533 2016 XXXXH.
585 1975 783 2017 Ceterum
814 1992 921 2016 vana
952 1975 1021 2016 illa
1046 1990 1111 2016 res
1138 1989 1259 2016 verae
1292 1990 1388 2015 mox
1420 1974 1547 2014 cladis

195 2052 320 2078 causa
345 2038 434 2079 fuit.
485 2039 637 2079 auxilia
664 2039 772 2079 enim
799 2038 1047 2079 subsidiaria
1072 2052 1177 2091 quae
1203 2037 1392 2092 proxima
1415 2037 1550 2077 locata

195 2107 329 2148 erant,
366 2115 520 2154 pavore
552 2111 592 2141 et
625 2101 956 2141 consternatione
989 2100 1283 2154 quadrigarum
1314 2098 1472 2147 territa,
1511 2106 1551 2138 et

194 2161 286 2215 ipsa
309 2161 350 2201 in
376 2162 519 2216 fugam
551 2177 673 2202 versa
698 2163 905 2203 nudarunt
930 2162 1068 2203 omnia
1099 2176 1230 2214 usquc
1257 2161 1309 2201 ad
1334 2161 1550 2215 cataphra-

196 2230 283 2263 ctos
310 2223 482 2275 equites.
544 2224 596 2264 ad
622 2239 724 2277 quos
753 2240 844 2265 cum
871 2224 1083 2279 dissipatis
1111 2223 1306 2264 subsidiis
1338 2223 1550 2277 pervenis-
1577 2256 1592 2263 -

197 2292 257 2325 set
279 2284 484 2337 equitatus
499 2285 727 2334 Romanus,
754 2302 806 2327 ne
825 2287 1003 2341 primum
1023 2286 1189 2338 quidem
1210 2285 1394 2340 inpetum
1417 2284 1548 2339 (pars)

197 2362 338 2387 eorum
365 2347 666 2397 sustinuerunt3
694 2349 762 2389 alii
787 2349 868 2389 fusi
891 2356 997 2397 sunt,
1025 2348 1093 2389 alii
1117 2356 1285 2402 propter
1303 2347 1549 2402 gravitatem

196 2416 528 2463 tegumentorum
554 2425 843 2463 armorumque
869 2411 1059 2465 obpressi
1086 2417 1193 2451 sunt.
1244 2418 1374 2451 totum
1401 2409 1548 2451 deinde

196 2471 360 2511 laevum
380 2485 507 2512 cornu
532 2472 756 2520 inclinavit,
783 2480 824 2512 et
848 2472 1022 2513 turbatis
1044 2472 1324 2521 auxiliaribus,
1352 2472 1419 2526 qui
1445 2471 1550 2512 inter

198 2533 377 2585 equitem
409 2540 448 2574 et
480 2547 583 2586 quos
616 2534 825 2589 adpellant
862 2534 1124 2589 phalangitas
1156 2541 1290 2584 erant,
1328 2549 1459 2587 usque
1496 2533 1549 2574 ad

1572 434 1587 462 ⁶«)

1576 1239 1614 1268 10

1578 1427 1612 1455 11

1577 1737 1614 1766 12

1576 2234 1593 2253 s)

1575 2423 1593 2452 3
