1799 2900
280 98 364 139 420
529 104 681 138 LIBER
706 102 952 146 XXXVHII,
977 101 1030 137 52.
1052 103 1106 137 53.
1134 105 1181 146 [a.
1196 115 1232 138 u.
1247 102 1373 147 2571]

279 210 331 251 ad
358 222 480 262 quam
506 221 588 247 non
615 205 804 247 adfuerat
829 220 944 254 reus,
977 206 1127 246 absens
1155 206 1322 255 citatus,
1355 204 1631 247 voluntarium

280 286 362 312 non
400 269 565 310 sibimet
601 267 691 323 ipse
724 266 877 316 solum,
916 267 991 308 scd
1021 267 1144 308 etiam
1175 268 1309 308 funeri
1341 283 1415 309 suo
1441 267 1631 309 exsilium

279 332 439 374 indixit.

240 411 251 438 1
364 393 488 434 LIII.
538 392 653 433 Dum
691 406 740 432 ca
776 390 817 430 in
852 390 1165 445 Peloponneso,
1211 407 1234 432 a
1270 391 1419 446 quibus
1458 391 1633 432 devertit

278 456 428 504 oratio,
467 461 684 509 geruntur,
722 452 879 494 reditus
905 452 947 493 in
971 453 1265 494 Macedoniam
1290 454 1495 494 Demetrii
1520 454 1633 507 lega-

234 532 251 560 2
279 526 496 570 torumque
522 516 639 556 aliter
665 515 837 555 aliorum
863 515 1072 556 adfecerat
1097 516 1268 557 animos.
1314 517 1461 571 volgus
1488 516 1633 556 Mace-

278 581 445 627 donum,
473 593 575 632 quos
596 577 693 618 belli
713 578 764 617 ab
779 577 980 618 Romanis
1001 577 1237 618 inminentis
1260 586 1393 619 metus
1420 586 1632 626 terruerat,

278 641 541 683 Demetrium
561 649 604 680 ut
630 640 744 695 pacis
772 648 981 680 auctorem
1004 653 1096 680 cum
1121 640 1278 694 ingenti
1306 640 1448 681 favore
1470 640 1634 694 conspi-

278 705 454 752 ciebant,
481 703 603 744 simul
629 709 667 743 et
694 717 767 757 spe
794 702 904 742 haud
929 702 1055 742 dubia
1079 716 1252 756 regnum
1279 701 1315 742 ci
1340 709 1633 756 postmortem

234 780 252 809 3
279 766 408 821 patris
436 765 712 806 destinabant.
761 779 857 804 nam
883 763 959 804 etsi
986 763 1118 803 minor
1142 771 1277 804 aetate
1303 778 1426 816 quam
1450 763 1632 804 Perseus

278 836 401 877 esset,
423 827 532 868 hunc
551 827 660 867 iusta
680 833 810 867 matre
832 826 1026 874 familiae,
1052 826 1167 866 illum
1186 826 1344 881 paelice
1364 834 1499 866 ortum
1520 840 1632 866 esse:

276 892 393 932 illum
418 899 461 930 ut
494 905 545 930 cx
577 890 746 944 vulgato
772 903 942 944 corpore
975 889 1161 943 genitum
1187 888 1343 928 nullam
1374 888 1474 929 certi
1504 887 1632 942 patris

276 962 417 994 notam
444 953 608 1000 habere,
636 952 745 992 hunc
770 951 976 1005 insignem
1004 950 1313 991 similitudinem
1326 950 1511 1006 Philippi
1535 964 1634 1005 prae

231 1026 250 1054 4
278 1031 321 1056 se
348 1015 468 1056 ferre.
529 1014 580 1054 ad
615 1013 694 1054 hoc
718 1014 930 1054 Romanos
956 1012 1219 1054 Demetrium
1251 1013 1293 1052 in
1324 1020 1496 1067 paterno
1530 1012 1632 1053 solio

276 1078 504 1124 locaturos,
542 1076 687 1116 Persei
718 1075 874 1115 nullam
907 1075 1017 1129 apud
1047 1090 1118 1116 ecs
1155 1075 1332 1130 gratiam
1364 1089 1470 1115 esse.
1530 1074 1633 1115 haec

232 1150 250 1178 5
278 1139 402 1193 vulgo
433 1138 720 1191 loquebantur.
781 1137 919 1190 itaque
952 1145 990 1177 et
1022 1137 1180 1178 Persea
1210 1151 1308 1177 cura
1345 1137 1543 1190 angebat,
1581 1151 1633 1177 ne

276 1216 422 1255 parum
448 1214 522 1254 pro
550 1214 593 1239 se
622 1214 703 1239 una
729 1207 842 1239 aetas
865 1199 1031 1247 valeret,
1059 1212 1151 1238 cum
1179 1198 1267 1239 aliis
1290 1198 1480 1239 omnibus
1507 1198 1631 1238 rebus

232 1274 249 1301 υ·
276 1263 401 1303 frater
438 1261 623 1317 superior
656 1269 783 1310 esset3
822 1268 862 1301 ct
885 1261 1106 1315 Philippus
1136 1260 1244 1315 ipse,
1283 1260 1350 1300 vix
1382 1260 1444 1301 sui
1476 1259 1633 1300 arbitrii

275 1324 377 1373 fore,
404 1338 527 1377 quem
557 1322 752 1363 heredem
777 1322 894 1376 regni
925 1322 1175 1375 relinqueret
1201 1321 1392 1370 credens,
1428 1321 1505 1362 sibi
1531 1336 1632 1374 quo-

275 1400 354 1439 que
386 1385 619 1439 graviorem
650 1399 742 1424 esse
775 1398 899 1436 quam
932 1384 1054 1424 vellet
1085 1383 1287 1424 minorem
1317 1383 1447 1423 filium
1481 1383 1629 1424 aiebat.

233 1458 248 1486 7
276 1447 563 1488 offendebatur
593 1446 800 1486 interdum
833 1459 1035 1486 concursu
1066 1445 1349 1485 Macedonum
1381 1445 1434 1485 ad
1464 1459 1558 1486 eum
1589 1451 1629 1485 et

231 1520 250 1549 ὃ
277 1509 448 1549 alteram
479 1508 561 1548 iam
595 1522 638 1548 se
671 1507 765 1547 vivo
795 1507 954 1561 regiam
985 1521 1078 1547 esse
1112 1506 1416 1560 indignabatur.
1477 1505 1631 1560 etipse

273 1570 434 1611 iuvenis
465 1569 577 1610 haud
609 1569 731 1610 dubie
768 1568 946 1609 inflatior
981 1568 1177 1617 redierat,
1216 1569 1410 1608 subnisus
1449 1583 1549 1623 erga
1585 1583 1630 1610 se

274 1632 434 1673 iudiciis
456 1640 624 1673 senatus
646 1632 938 1684 concessisque
954 1631 1032 1672 sibi
1054 1645 1159 1684 quae
1179 1630 1286 1685 patri
1306 1637 1458 1685 negata
1472 1638 1630 1680 essent3

230 1706 247 1734 9
275 1702 314 1735 et
340 1694 472 1735 omnis
498 1693 652 1734 mentio
666 1693 951 1734 Romanorum
977 1700 1174 1746 quantam
1200 1692 1444 1747 dignitatem
1465 1692 1501 1732 ei
1521 1693 1632 1747 apud

274 1766 433 1798 ceteros
465 1756 744 1804 Maccdonas,
782 1764 939 1796 tantam
970 1754 1167 1795 invidiam
1200 1769 1283 1795 non
1314 1754 1426 1809 apud
1462 1753 1631 1795 fratrem

210 1829 248 1857 10
275 1819 415 1866 modo,
449 1818 523 1858 sed
555 1817 678 1858 etiam
711 1817 822 1871 apud
853 1825 1015 1872 patrem
1045 1816 1310 1865 conciliabat,
1342 1816 1484 1869 utique
1515 1824 1631 1871 post—

274 1896 397 1934 quam
421 1879 547 1935 lcgati
574 1879 641 1919 alii
667 1878 846 1920 Romani
873 1885 1086 1927 venerunt,
1113 1887 1154 1919 et
1179 1878 1405 1932 cogebatur
1431 1878 1630 1918 decedere

272 1943 454 1984 Thracia
479 1942 769 1998 praesidiaque
790 1941 995 1982 deducere
1015 1949 1053 1981 et
1075 1940 1154 1981 alia
1174 1950 1243 1981 aut
1263 1956 1313 1981 ex
1335 1940 1499 1981 decreto
1520 1939 1631 1994 prio-

271 2021 363 2046 rum
396 2005 629 2059 legatorum
655 2011 724 2044 aut
755 2019 807 2044 ex
832 2019 942 2044 nova
967 2002 1259 2044 constitutione
1286 2010 1453 2043 senatus
1479 2002 1629 2043 facere.

211 2077 245 2105 11
276 2067 349 2107 sed
375 2066 515 2107 omnia
545 2080 734 2106 maerens
761 2065 928 2118 quidem
959 2072 1000 2105 et
1030 2080 1202 2119 gemens
1226 2089 1260 2092 —
1284 2079 1332 2105 eo
1358 2064 1492 2117 magis
1519 2063 1630 2117 quod

272 2129 401 2169 filium
427 2127 749 2181 frequentiorem
779 2142 908 2182 prope
934 2141 1028 2167 cum
1059 2126 1138 2166 illis
1165 2141 1288 2179 quam
1320 2140 1460 2167 secum
1487 2140 1628 2167 cerne-

272 2191 343 2231 bat.
368 2215 401 2218 —
426 2190 693 2231 oboedienter
719 2197 857 2229 tamen
884 2189 1083 2229 adversus
1109 2188 1323 2229 Romanos
1350 2188 1549 2236 faciebat,
1575 2202 1627 2228 ne

207 2264 246 2291 12
274 2267 395 2305 quam
429 2251 621 2293 movendi
647 2251 854 2306 extemplo
886 2250 983 2291 bclli
1013 2264 1182 2290 causam
1212 2251 1442 2304 praeberet.
1503 2249 1626 2290 etiam

273 2314 519 2354 avertendos
552 2313 711 2353 animos
738 2328 761 2353 a
787 2312 1015 2367 suspitione
1041 2312 1185 2352 talium
1211 2312 1475 2353 consiliorum
1499 2318 1627 2360 ratus,

271 2375 450 2414 mediam
475 2375 517 2415 in
533 2374 756 2415 Thraciam
777 2374 1002 2414 exercitum
1028 2374 1070 2414 in
1085 2373 1276 2428 Odrysas
1298 2383 1336 2414 et
1351 2373 1626 2414 Dentheletos

209 2448 246 2477 13
273 2445 311 2476 et
348 2437 505 2477 Bessos
550 2436 684 2484 duxit3
733 2435 1045 2490 Philippopolin
1087 2436 1232 2476 urbem
1276 2435 1377 2489 fuga
1420 2435 1625 2475 desertam

272 2497 585 2550 oppidanorum,
613 2498 680 2550 qui
707 2498 749 2538 in
775 2498 964 2553 proxima
989 2497 1190 2538 montium
1214 2497 1313 2551 iuga
1338 2511 1431 2537 cum
1456 2494 1621 2536 familiis

271 2567 512 2611 receperant
544 2574 655 2609 sese,
683 2560 792 2614 cepit
822 2566 1158 2614 campestresque
1190 2559 1408 2607 barbaros,
1440 2557 1622 2611 depopu-
