1799 2900
481 641 788 698 [PERIOCHA
818 644 970 683 LIBRI
1000 639 1180 695 XXXI]

221 743 335 788 [Belli
355 744 536 778 adversus
552 743 766 787 Philippum
782 742 1026 777 Macedoniae
1041 751 1179 786 regem,
1202 739 1303 785 quod
1323 735 1504 771 intermis-

154 807 233 829 sum
249 798 341 838 erat,
368 794 517 839 repetiti
541 805 676 828 causae
697 793 910 828 referuntur
929 794 1017 827 hae:
1042 796 1208 837 tempore
1229 789 1417 824 initiorum
1432 786 1505 820 duo

152 846 304 880 iuvenes
320 846 553 889 Acarnanes,
581 845 643 888 qui
658 856 733 878 non
747 849 853 878 erant
866 843 1014 887 initiati,
1039 843 1209 876 Athenas
1224 841 1406 874 venerunt
1419 836 1507 871 etin

153 897 358 930 sacrarium
374 895 521 930 Cereris
537 907 619 929 cum
633 895 716 929 aliis
731 895 976 940 popularibus
993 894 1067 927 suis
1082 893 1325 926 intraverunt.
1358 889 1405 922 ob
1420 887 1505 930 hoc,

153 952 346 992 tamquam
372 957 549 980 summum
564 945 672 980 nefas
693 946 982 988 commisissent,
1010 945 1056 978 ab
1070 942 1365 977 Atheniensibus
1393 938 1507 973 occisi

154 1003 249 1031 sunt.
298 998 516 1031 Acarnanes
536 997 719 1031 mortibus
740 1007 888 1030 suorum
906 995 1079 1030 commoti
1093 995 1141 1028 ad
1161 992 1407 1027 vindicandos
1420 990 1507 1023 illos

153 1048 328 1083 auxilium
350 1060 371 1082 a
391 1048 567 1092 Philippo
589 1048 778 1090 petierunt
799 1051 836 1081 et
855 1046 1024 1080 Athenas
1047 1046 1373 1089 obpugnaverunt,
1394 1041 1506 1074 Athe-

153 1099 303 1133 nienses
330 1098 506 1132 auxilium
533 1109 555 1131 a
578 1098 759 1131 Romanis
786 1097 986 1141 petierunt.
1045 1099 1132 1139 post
1156 1105 1287 1138 pacem
1313 1091 1507 1135 Carthagi-

152 1150 344 1183 niensibus
371 1149 496 1181 datam
517 1148 646 1192 paucis
667 1147 857 1181 mensibus
884 1152 1057 1191 coeptum
1072 1149 1146 1187 est,
1169 1145 1216 1178 ab
1237 1143 1328 1177 urbe
1356 1142 1509 1176 condita

153 1205 276 1234 autem
297 1210 394 1233 anno
418 1198 718 1243 quingentesimo
747 1196 1070 1242 quinquagesimo.
1109 1206 1191 1228 cum
1212 1192 1509 1234 Atheniensium,

154 1251 216 1296 qui
248 1262 270 1284 a
301 1250 476 1295 Philippo
511 1248 802 1291 obsidebantur,
843 1247 960 1291 legati
987 1247 1164 1281 auxilium
1191 1256 1212 1279 a
1238 1248 1370 1279 senatu
1396 1243 1509 1288 petis-

154 1306 237 1335 sent
262 1304 299 1335 et
317 1301 355 1334 id
377 1303 529 1334 senatus
549 1299 743 1333 ferendum
768 1299 993 1341 censuisset,
1025 1297 1155 1342 plebe,
1184 1296 1286 1340 quod
1311 1299 1368 1328 tot
1392 1293 1510 1328 bello-

153 1364 232 1386 rum
260 1351 459 1386 continuus
490 1351 598 1385 labor
624 1350 747 1395 gravis
769 1353 867 1393 erat,
895 1348 1140 1383 dissentiente
1161 1347 1281 1381 tenuit
1306 1344 1510 1380 auctoritas

153 1407 313 1448 patrum,
335 1406 376 1436 ut
390 1402 514 1436 sociae
536 1402 676 1436 civitati
696 1401 784 1435 ferri
806 1411 955 1446 quoque
971 1410 1076 1445 opem
1092 1399 1254 1444 populus
1268 1397 1426 1431 iuberet.
1474 1395 1509 1429 id

154 1454 294 1489 bellum
307 1453 351 1488 P.
369 1452 533 1498 Sulpicio
551 1452 695 1486 consuli
709 1452 922 1486 mandatum
937 1456 1004 1494 est,
1027 1450 1088 1495 qui
1104 1449 1269 1484 exercitu
1282 1449 1321 1482 in
1334 1447 1510 1482 Macedo-

153 1504 254 1539 niam
268 1505 380 1538 ducto
403 1504 641 1548 equestribus
661 1503 814 1548 proeliis
835 1513 1013 1548 prospere
1035 1513 1114 1535 cum
1129 1500 1304 1545 Philippo
1319 1498 1512 1545 pugnavit.

154 1554 353 1589 Aboedeni
378 1565 400 1588 a
420 1554 594 1600 Philippo
624 1553 770 1588 obsessi
795 1554 844 1587 ad
871 1553 1078 1598 exemplum
1106 1551 1397 1596 Saguntinorum
1425 1559 1512 1582 suos

157 1616 273 1650 seque
289 1605 516 1639 occiderunt.
564 1605 608 1638 L.
623 1605 756 1638 Furius
777 1608 928 1649 praetor
944 1603 1075 1638 Gallos
1090 1603 1268 1636 Insubres
1283 1601 1513 1635 rebellantes

158 1661 195 1691 et
208 1656 462 1690 Hamilcarem
478 1657 646 1690 Poenum
660 1656 801 1690 bellum
815 1655 853 1688 in
868 1666 912 1689 ea
925 1658 1031 1699 parte
1046 1654 1179 1687 Italiae
1199 1653 1414 1687 molientem
1434 1650 1514 1685 acic

157 1706 256 1740 vicit.
315 1706 507 1740 Hamilcar
531 1717 576 1740 eo
601 1706 703 1740 bello
736 1706 882 1740 occisus
909 1709 966 1739 est
998 1709 1033 1738 et
1059 1704 1160 1738 milia
1192 1703 1380 1737 hominum
1407 1714 1513 1735 xxxv.

159 1761 355 1802 praeterea
369 1757 626 1802 expeditiones
641 1757 805 1800 Philippi
819 1756 919 1800 regis
935 1760 971 1789 et
985 1754 1126 1799 Sulpici
1141 1753 1305 1788 consulis
1326 1763 1513 1798 expugna-

159 1809 357 1853 tionesque
378 1807 525 1842 urbium
544 1808 592 1842 ab
613 1812 775 1852 utroque
798 1807 919 1841 factas
947 1806 1124 1840 continet.
1174 1804 1361 1850 Sulpicius
1382 1803 1515 1837 consul

159 1859 298 1894 bellum
317 1857 475 1903 gerebat
491 1857 756 1892 adiuvantibus
770 1869 860 1902 rege
875 1856 1004 1891 Attalo
1019 1859 1056 1890 et
1068 1855 1237 1890 Rhodiis.
1273 1853 1517 1898 triumphavit

161 1911 206 1944 dc
224 1910 343 1944 Gallis
359 1909 401 1943 L.
416 1909 549 1943 Furius
564 1911 744 1954 praetor]

650 2182 821 2236 ΤΙΤΙ
858 2181 1038 2234 LIVI

507 2287 590 2324 AB
629 2287 809 2325 VRBE
846 2284 1168 2324 CONDITA

661 2411 830 2448 LIBER
859 2409 1020 2446 XXXI.

250 2515 284 2555 I.
321 2515 395 2556 Me
416 2529 578 2569 quoque
597 2515 723 2564 iuvat,
740 2515 853 2555 velut
866 2515 956 2569 ipse
974 2513 1017 2554 in
1037 2520 1153 2568 parte
1173 2511 1327 2554 laboris
1351 2526 1398 2553 ac
1410 2513 1519 2568 peri-
1547 2528 1562 2558 1

166 2577 246 2617 culi
270 2578 437 2625 fuerim,
471 2578 523 2618 ad
546 2578 673 2618 finem
702 2578 800 2618 belli
824 2577 973 2618 Punici
1004 2575 1259 2631 pervenisse.
1319 2591 1417 2616 nam
1442 2575 1520 2616 etsi
1546 2590 1565 2619 2

164 2640 347 2694 profiteri
374 2654 519 2680 ausum
542 2640 868 2695 perscripturum
892 2655 959 2681 res
986 2638 1119 2680 omnis
1134 2638 1345 2679 Romanas
1365 2638 1409 2679 in
1427 2653 1522 2693 par-

167 2702 275 2742 tibus
292 2702 464 2757 singulis
485 2701 588 2742 tanti
602 2703 737 2757 operis
752 2701 918 2757 fatigari
931 2701 1099 2742 minime
1114 2699 1345 2750 conveniat,
1368 2707 1519 2749 tamen,
1547 2712 1566 2741 3

238 2769 301 2796 Livi
315 2770 367 2796 vul.
386 2768 432 2795 III.
1274 2766 1293 2799 1
