1799 2900
392 76 545 110 LIBER
570 76 803 119 xxxVHI1,
831 76 861 109 7.
883 76 913 109 s,
943 74 1234 119 [a.e.187.186]
1407 63 1488 105 379

225 179 358 220 Ludis
378 178 577 219 Romanis
604 193 652 218 eo
679 193 805 227 anno,
832 193 934 231 quos
954 178 1003 218 P.
1021 177 1239 218 Cornelius
1263 175 1489 230 Cethegus,
1516 188 1534 218 ὅ

137 245 192 284 A.
208 241 449 283 Postumius
472 239 651 280 Albinus
678 239 903 288 faciebant,
930 240 1061 280 malus
1087 240 1129 279 in
1157 238 1263 279 circo
1289 237 1491 279 instabilis

136 305 178 345 in
218 303 381 358 signum
407 301 637 343 Pollentiae
668 302 841 355 procidit
874 309 995 354 atque
1025 301 1069 341 id
1100 300 1259 341 deiecit.
1320 316 1368 341 ea
1398 299 1492 340 reli-

139 365 262 420 gione
299 363 400 404 moti
434 370 573 417 patres
611 370 651 403 et
695 363 802 404 diem
838 379 964 403 unum
1001 363 1262 403 adiciendum
1303 362 1492 403 ludorum

142 424 407 481 [celebritati]
436 434 682 465 censuerunt
715 434 755 465 et
786 425 905 479 signa
935 426 1015 466 duo
1046 440 1120 479 pro
1152 439 1234 465 uno
1258 423 1496 478 reponenda

142 495 182 528 et
207 502 362 527 novum
387 494 573 527 auratum
604 487 851 527 faciendum.
913 494 953 527 et
982 487 1132 541 plebeii
1161 486 1247 526 ludi
1279 487 1330 526 ab
1355 485 1496 526 aedili-

141 550 218 590 bus
246 548 296 590 C.
326 548 573 603 Sempronio
597 549 751 590 Blaeso
777 556 816 590 et
840 549 902 590 M.
922 549 1047 590 Furio
1067 549 1209 589 Lusco
1236 548 1344 588 diem
1369 562 1494 587 unum

141 611 358 651 instaurati
384 619 490 651 sunt.

223 672 348 714 VIII.
407 672 638 723 Insequens
665 687 796 712 annus
829 670 902 726 Sp.
934 671 1196 712 Postumium
1221 670 1422 712 Albinum
1455 680 1492 710 et

142 733 193 786 Q.
214 733 423 773 lWarcium
444 733 686 787 Philippum
712 734 902 773 eonsules
929 734 980 773 ab
1006 733 1187 773 exercitu
1212 733 1495 785 bellorumque

141 803 181 835 et
202 795 509 849 provinciarum
530 809 627 835 eura
648 795 700 834 ad
718 795 937 835 intestinae
959 795 1250 835 coniurationis
1273 794 1495 834 vindictam

143 858 302 898 avertit.
373 866 583 912 praetores
620 857 853 912 provincias
892 857 1023 898 sortiti
1061 866 1174 905 sunt,
1218 857 1268 897 T.
1300 856 1494 897 Blaenius

141 920 362 967 urbanam,
396 919 456 959 M.
480 919 667 959 Licinius
683 919 885 959 Lucullus
911 919 1016 959 inter
1042 919 1151 959 cives
1179 926 1218 959 et
1242 918 1496 972 peregrinOS,

142 980 191 1022 C.
214 981 409 1021 Aurelius
438 979 619 1020 Scaurus
648 980 901 1028 Sardiniam,
928 981 977 1021 P.
1001 979 1219 1020 Cornelius
1248 979 1365 1019 Sulla
1392 979 1496 1019 Sici-

140 1042 258 1090 liam,
296 1042 348 1082 L.
376 1041 595 1092 Quinctius
623 1040 841 1094 Crispinus
874 1041 1123 1095 Hispaniam
1160 1041 1407 1089 citeriorem,
1446 1040 1495 1081 C.

142 1102 395 1156 Calpurnius
426 1102 528 1142 Piso
552 1102 802 1156 Hispaniam
834 1102 1080 1142 ulteriorem.
1142 1102 1379 1142 consulibus
1412 1116 1497 1141 am-

142 1164 273 1204 bobus
295 1163 481 1215 quaestio
502 1163 551 1202 de
572 1163 838 1203 clandestinis
861 1162 1210 1203 coniurationibus
1232 1163 1395 1202 decreta
1421 1170 1495 1202 est.

143 1225 329 1266 Graecus
366 1224 559 1279 ignobilis
596 1224 639 1264 in
662 1224 874 1264 Etruriam
905 1225 1084 1278 primum
1116 1224 1228 1264 venit
1259 1224 1372 1264 nulla
1405 1238 1496 1263 eum

144 1294 230 1326 arte
256 1301 414 1334 earum,
448 1300 550 1338 quas
576 1286 726 1326 multas
754 1286 805 1326 ad
831 1287 1061 1327 animorum
1087 1300 1386 1340 corporumque
1413 1286 1497 1325 eul-

141 1355 228 1388 tum
252 1347 370 1388 nobis
398 1347 675 1387 eruditissima
701 1348 884 1388 omnium
910 1363 1012 1401 gens
1038 1348 1212 1395 invexit,
1242 1347 1495 1387 sacrificulus

142 1417 182 1450 et
206 1417 341 1458 vates,
379 1422 454 1449 nec
479 1408 513 1449 is
541 1409 610 1461 qui
635 1418 777 1463 aperta
800 1409 1017 1463 religione,
1056 1409 1270 1463 propalam
1302 1416 1340 1449 et
1373 1423 1498 1461 quae-

143 1477 251 1511 stum
284 1478 324 1511 et
354 1470 614 1524 disciplinam
644 1471 893 1524 profitendo,
934 1471 1091 1511 animos
1118 1486 1253 1511 errore
1280 1470 1495 1518 imbueret,

143 1533 216 1573 sed
242 1532 494 1573 occultorum
520 1542 558 1572 et
584 1541 876 1573 nocturnorum
903 1532 1073 1572 antistes
1101 1546 1323 1572 sacrorum.
1382 1531 1497 1571 initia

141 1601 275 1642 erant,
314 1608 419 1646 quae
454 1593 586 1647 primo
621 1595 765 1648 paucis
804 1595 954 1634 tradita
991 1602 1104 1641 sunt,
1149 1593 1297 1633 deinde
1336 1593 1495 1647 vulgari

141 1664 287 1710 coepta
325 1663 420 1695 sunt
455 1670 528 1708 per
564 1655 673 1695 viros
711 1655 999 1708 mulieresque.
1061 1655 1224 1695 additae
1262 1655 1494 1708 voluptates

140 1716 330 1771 religioni
354 1716 439 1756 vini
472 1724 511 1756 et
543 1717 774 1771 epularum,
813 1731 893 1769 quo
919 1717 1097 1771 plurium
1123 1716 1247 1756 animi
1280 1716 1495 1756 inliceren-

142 1786 218 1819 tur.
268 1792 360 1818 curn
386 1777 526 1817 vinum
553 1778 710 1819 animos
740 1777 930 1832 [mosset]
960 1786 1000 1818 et
1023 1794 1107 1818 nox
1132 1786 1170 1818 et
1191 1778 1307 1817 mixti
1329 1777 1493 1817 feminis

140 1854 295 1888 mares,
323 1839 468 1880 aetatis
490 1846 655 1880 tenerae
676 1840 915 1888 maioribus,
944 1840 1165 1880 discrimen
1186 1854 1306 1880 omne
1326 1839 1494 1893 pudoris

141 1901 461 1950 exstinxissent,
511 1902 767 1955 corruptelae
809 1902 988 1957 primum
1031 1902 1164 1942 omnis
1207 1901 1371 1955 generis
1408 1900 1493 1940 fieri

141 1970 330 2017 coeptae,
358 1977 452 2003 cum
478 1963 529 2003 ad
554 1963 596 2002 id
621 1963 795 2016 quisque
821 1978 901 2016 quo
926 1971 1072 2004 natura
1090 1963 1292 2017 pronioris
1313 1962 1494 2002 libidinis

143 2031 254 2065 esset
293 2033 481 2078 paratam
522 2025 776 2078 voluptatem
818 2025 1000 2066 haberet.
1078 2039 1156 2065 nec
1192 2039 1320 2064 unum
1361 2039 1492 2078 genus

141 2101 286 2134 noxae,
309 2093 450 2140 stupra
470 2087 704 2140 promiscua
723 2087 996 2141 ingenuorum
1017 2087 1344 2139 feminarumque
1365 2094 1492 2133 erant,

141 2148 216 2188 sed
242 2147 355 2199 (falsi
380 2147 525 2200 testes)
552 2148 660 2188 falsa
691 2148 810 2202 signa
841 2149 1158 2201 testimoniaque
1191 2156 1231 2188 et
1261 2148 1413 2187 indicia
1444 2162 1495 2187 ex

142 2209 287 2249 eadem
330 2208 496 2249 officina
538 2209 724 2257 exibant,
773 2225 933 2250 venena
973 2211 1156 2250 indidem
1192 2209 1493 2261 intestinaeque

141 2271 309 2318 caedes,
335 2270 392 2311 ita
416 2277 461 2310 ut
485 2285 536 2310 ne
563 2284 734 2325 corpora
759 2272 925 2323 quidem
945 2272 1150 2313 interdum
1169 2272 1222 2310 ad
1242 2270 1494 2324 sepulturam

143 2339 365 2373 exstarent.
403 2331 532 2371 multa
558 2332 670 2381 dolo,
696 2332 892 2385 pleraque
917 2348 990 2386 per
1014 2334 1098 2372 vim
1118 2332 1336 2372 audebant.
1373 2345 1494 2372 occu-

142 2393 254 2434 lebat
280 2392 361 2433 vim
394 2392 504 2445 quod
534 2408 631 2447 prae
665 2393 887 2433 ululatibus
920 2402 1291 2448 tympanorumque
1318 2400 1357 2433 et
1383 2406 1495 2446 cym-

141 2455 327 2495 balorum
368 2455 540 2508 strepitu
571 2455 684 2495 nulla
714 2470 795 2496 vox
824 2455 1107 2508 quiritantium
1138 2455 1244 2495 inter
1282 2462 1424 2509 stupra
1454 2460 1493 2494 et

143 2516 289 2557 caedes
316 2516 500 2557 exaudiri
526 2523 699 2571 poterat.

1519 314 1536 342 9

1523 498 1561 527 10

1522 867 1539 895 ¹0

1522 1420 1541 1447 4

1522 1543 1541 1571 5
