1799 2900
202 168 256 211 56
495 176 647 211 LIBER
672 175 839 220 XXXII,
866 176 918 209 12.
943 174 992 209 13.
1021 175 1256 219 [a.u.e.556]

138 294 177 324 ’.Ο
201 280 399 329 Romani,
438 279 574 333 quoad
599 287 732 319 tutum
758 278 835 318 fuit
859 277 1032 319 insecuti
1059 278 1277 319 caedentes
1305 277 1551 333 spoliantes-

156 602 174 630 [ὗ

137 2013 177 2042 10

138 2322 173 2349 11

140 2505 177 2533 12

203 358 281 396 quc
307 357 469 390 caesos,
508 347 643 381 castra
672 340 787 394 regia
817 339 938 380 ctiam
967 339 1054 380 sine
1080 340 1366 382 defensoribus
1394 340 1549 381 difficili

203 405 315 446 aditu
346 402 554 458 diripiunt.
615 409 737 455 atque
769 416 817 442 ea
848 410 967 443 nocte
1004 402 1045 442 in
1083 402 1168 443 suis
1206 402 1350 443 castris
1386 417 1551 444 manse-

202 474 307 506 runt.

285 526 415 567 XIII.
452 526 629 566 Postero
650 525 715 566 die
741 525 884 566 consul
910 539 982 579 per
1007 525 1118 580 ipsas
1145 526 1373 580 angustias,
1400 541 1480 579 qua
1508 541 1551 567 se

201 587 426 629 intervallis
453 588 607 627 flumen
631 586 830 635 insinuat,
868 586 1030 627 hostem
1062 587 1257 640 sequitur.
1317 603 1390 628 rex
1420 587 1552 642 primo

200 650 264 691 die
291 649 343 689 ad
369 656 503 690 castra
520 648 672 702 Pyrrhi
697 648 902 702 pervcnitg
928 648 1057 697 locus,
1084 663 1207 701 quem
1226 649 1281 689 ita
1302 656 1463 698 vocant,
1491 659 1553 689 est

200 711 240 751 111
261 710 477 766 Triphylia
503 718 634 750 1011110
654 709 883 750 Molotidis.
937 709 1032 750 inde
1058 719 1223 764 postero
1250 711 1314 751 die
1332 735 1387 739 —
1405 711 1552 765 ingens

199 773 276 813 iter
301 771 468 827 agmini,
497 772 571 812 sed
595 779 728 812 metus
749 772 924 826 urgebat
941 796 997 800 —
1016 771 1057 811 in
1078 780 1239 812 montes
1261 773 1436 825 Lyncon
1462 788 1554 827 per-

201 834 319 875 rexit.
379 833 459 888 ipsi
483 833 602 887 Epiri
629 841 736 881 sunt,
764 832 965 873 interiecti
989 832 1264 873 BIacedoniae
1291 833 1554 874 Thessaliae-

201 910 298 949 que:
346 895 455 936 latus
494 895 604 948 quod
647 894 782 948 vergit
822 894 863 934 in
901 894 1165 935 Thessaliam
1202 894 1338 935 oriens
1382 903 1554 949 spectat,

201 957 425 1012 septentrio
469 972 492 997 a
534 955 786 997 Macedonia
827 955 1016 997 obicitur.
1088 956 1227 996 vestiti
1269 956 1554 1009 frequentibus

201 1019 315 1060 silvis
365 1026 479 1067 sunt,
528 1018 627 1073 iuga
676 1033 838 1059 summa
887 1032 1055 1072 campos
1105 1026 1295 1072 patentes
1344 1033 1556 1071 aquasque

200 1080 391 1136 perennis
419 1081 585 1121 habent.
645 1080 701 1120 ibi
728 1080 888 1120 stativis
914 1096 988 1120 rex
1012 1094 1086 1134 per
1112 1080 1266 1133 aliquot
1292 1080 1379 1121 dies
1405 1080 1556 1120 habitis

202 1143 421 1182 fluctuatus
449 1142 584 1182 animo
612 1151 692 1190 cst,
729 1152 867 1182 utrum
899 1142 1085 1196 protinus
1118 1141 1160 1182 111
1184 1157 1359 1195 regnum
1386 1156 1430 1182 se
1454 1141 1557 1182 reci-

200 1211 315 1258 peret
342 1219 393 1243 an
418 1203 624 1257 praeverti
655 1203 697 1243 in
722 1203 985 1243 Thessaliam
1011 1211 1165 1257 posset.
1225 1203 1437 1244 inclinavit
1463 1218 1557 1244 sen-

201 1265 346 1312 tentia,
384 1274 427 1304 ut
459 1265 500 1304 in
526 1264 789 1304 Thessaliam
817 1279 966 1318 agmen
993 1264 1244 1313 demitteret,
1282 1264 1555 1317 Triccamque

199 1326 398 1381 proximis
425 1326 623 1366 limitibus
649 1326 770 1381 petit,
806 1326 901 1366 inde
933 1326 1076 1366 obvias
1108 1326 1232 1366 urbes
1264 1326 1413 1380 raptim
1438 1341 1557 1380 pera-

201 1389 349 1443 gravit.
410 1388 612 1436 homines,
640 1388 709 1440 qui
736 1387 851 1440 sequi
876 1394 1060 1442 possent,
1088 1387 1255 1427 sedibus
1283 1387 1456 1435 excibat,
1485 1403 1557 1442 op-

200 1450 298 1504 pida
322 1450 583 1490 incendebat.
644 1464 780 1489 rerum
808 1464 993 1497 suarum,
1021 1463 1123 1501 quas
1150 1456 1338 1502 possent,
1366 1449 1557 1489 ferenda--

201 1527 291 1552 rum
319 1525 460 1551 secum
486 1510 663 1551 dominis
689 1511 753 1551 ius
779 1511 922 1559 fiebat,
950 1518 1085 1551 cetera
1110 1511 1250 1550 militis
1277 1511 1432 1564 praeda
1456 1521 1552 1551 erat.

202 1587 279 1613 nec
309 1573 420 1626 quod
451 1573 501 1613 ab
532 1572 651 1613 hoste
683 1572 888 1612 crudelius
921 1572 1006 1626 pati
1037 1580 1228 1626 possent,
1265 1572 1412 1625 reliqui
1443 1572 1558 1625 quic-

202 1648 327 1687 quam
352 1634 442 1682 fuit,
469 1648 593 1686 quam
618 1648 723 1686 quae
749 1634 801 1673 ab
828 1633 949 1674 sociis
975 1633 1249 1688 patiebantur.
1305 1633 1408 1674 haec
1434 1633 1558 1674 etiam

201 1695 368 1736 facienti
399 1695 596 1749 Philippo
629 1696 779 1735 acerba
810 1701 944 1743 erant,
984 1695 1058 1736 sed
1089 1710 1111 1736 0
1143 1703 1252 1735 101111
1285 1710 1383 1736 111οΧ
1419 1695 1559 1736 futura

204 1755 383 1797 hostium
426 1764 599 1811 corpora
641 1757 788 1797 saltem
825 1756 983 1812 eripere
1022 1756 1227 1798 sociorum
1263 1757 1442 1797 volebat.
1501 1757 1558 1798 ita
1584 1751 1592 1755 .

201 1826 389 1858 evastata
413 1818 566 1872 oppida
591 1825 687 1858 sunt
710 1817 928 1867 Phacium,
956 1818 1125 1867 Iresiae,
1151 1818 1427 1873 Euhydrium,
1453 1819 1559 1859 Ere-

201 1879 290 1928 tria,
316 1879 680 1934 Palaepharsalus.
740 1880 900 1920 Pheras
927 1894 1019 1920 011111
1046 1887 1202 1934 peteret
1230 1881 1435 1928 exclusus,
1463 1880 1558 1933 quia

202 1955 267 1981 res
306 1942 454 1995 egebat
491 1956 607 1982 mora
643 1941 676 1981 si
714 1956 953 1996 expugnare
992 1942 1115 1982 vellet
1151 1956 1227 1981 1100
1263 1949 1425 1996 tempus
1457 1949 1557 1991 erat,

203 2001 357 2043 omisso
389 2003 553 2057 incepto
586 2003 626 2042 in
652 2002 946 2043 BIacedoniam
978 2003 1246 2044 transcendit.
1306 2018 1403 2043 nam
1434 2003 1556 2043 etiam

201 2064 377 2104 Aetolos
419 2064 749 2119 adpropinquare
786 2064 900 2105 fama
943 2071 1042 2105 erat.
1103 2064 1173 2116 qui
1211 2064 1350 2104 audito
1386 2064 1556 2118 proelio,

202 2126 313 2178 quod
350 2126 459 2166 circa
497 2140 660 2166 amnem
692 2127 833 2166 Aoum
870 2125 1025 2165 factum
1063 2133 1168 2174 erat,
1206 2125 1405 2180 proximis
1442 2125 1555 2179 prius

202 2187 398 2227 evastatis
425 2187 533 2227 circa
559 2186 784 2241 Sperchias
811 2196 851 2231 et
870 2187 1047 2227 BIacran
1073 2202 1196 2239 quam
1222 2194 1372 2227 vocant
1398 2201 1555 2236 comen,

203 2249 452 2302 transgressi
477 2249 572 2289 inde
598 2249 639 2289 in
655 2249 918 2290 Thessaliam
940 2248 1140 2302 Cymines
1167 2258 1207 2289 01
1225 2249 1398 2303 Angeas
1424 2248 1556 2303 primo

202 2309 342 2363 inpetu
383 2311 501 2364 potiti
545 2318 652 2351 sunt..
725 2326 748 2351 a
783 2311 1027 2365 Metropoli,
1071 2311 1168 2350 dum
1212 2318 1377 2351 vastant
1419 2325 1554 2365 agr08‚

204 2385 405 2412 concursu
443 2373 741 2427 oppidanorum
780 2373 832 2413 ad
868 2373 1021 2413 tuenda
1056 2373 1220 2413 moenia
1255 2373 1364 2414 facto
1400 2372 1555 2428 repulsi

205 2440 310 2473 sunt.
367 2432 594 2475 Callithera
624 2434 719 2475 inde
747 2434 935 2489 adgressi
966 2435 1141 2475 similem
1174 2435 1357 2489 inpetum
1385 2434 1556 2489 oppida-

204 2508 347 2533 norum
373 2494 622 2548 pertinacius
650 2496 950 2546 sustinuerunt,
979 2496 1287 2550 compulsisque
1312 2497 1419 2536 intra
1443 2509 1555 2536 moe-

204 2553 273 2592 nia
297 2555 365 2605 qui
391 2566 628 2610 eruperant,
669 2558 850 2598 contenti
881 2572 930 2598 ea
959 2558 1149 2606 victoria,
1188 2558 1284 2611 quia
1316 2573 1410 2612 spes
1442 2556 1554 2596 nulla

206 2614 426 2656 admodum
452 2620 717 2672 expugnandi
743 2628 847 2669 erat,
881 2621 1184 2662 abscesserunt.
1245 2621 1435 2662 Theuma
1458 2619 1552 2659 inde
