1799 2900
455 151 611 186 LIBER
636 151 844 193 XXXIIIL
870 152 924 187 25.
944 152 998 187 26.
1027 154 1075 195 [a.
1091 152 1128 187 C.
1144 152 1225 195 195]
1441 139 1522 181 145

166 256 278 298 haud
303 270 403 297 sane
422 254 552 296 movit
572 269 840 308 quemquam,
866 256 962 309 quia
979 255 1082 296 nihil
1107 269 1283 308 usquam
1310 253 1398 310 spei
1422 267 1517 309 pro·
1546 264 1586 294 10

165 319 357 374 pinquae‚
383 317 537 358 nedum
558 317 657 358 satis
678 317 785 357 firmi
805 317 987 372 praesidi
1008 318 1244 358 cernebant.
1283 316 1386 356 haec
1407 314 1518 356 voci·
1546 328 1585 357 11

166 381 369 422 ferantem
389 395 483 420 eum
497 379 807 420 Lacedaemoni
827 380 1153 420 circumventum
1173 393 1266 420 eum
1288 378 1372 419 suis
1394 378 1520 418 inter-

166 443 366 483 fecerunt.
427 441 661 495 comprensi
688 441 835 482 deinde
862 441 1029 494 quidam
1054 450 1095 482 et
1119 441 1205 490 alii;
1238 456 1290 482 ex
1319 440 1369 481 iis
1396 438 1523 482 occisi
1549 452 1588 481 12

166 506 318 561 plures,
344 505 466 560 pauci
490 504 533 544 in
554 504 785 545 custodiam
807 505 982 545 coniecti
1005 503 1194 559 proxima
1213 511 1334 545 nocte
1354 502 1522 543 funibus

167 583 239 622 per
263 582 428 607 murum
453 566 625 607 demissi
651 567 703 607 ad
726 567 940 607 Romanos
966 567 1250 621 perfugerunt.

251 629 427 671 XXVI.
478 628 699 680 Quinctius
743 629 1056 669 adfirmantibus
1099 628 1169 677 iis,
1216 628 1251 668 si
1287 627 1340 668 ad
1382 632 1523 681 portas
1553 639 1567 668 1

169 691 373 732 exercitus
398 691 614 732 Romanus
647 690 814 740 fuisset,
848 706 932 732 non
958 690 1045 732 sine
1072 691 1223 731 effectu
1248 697 1406 731 motum
1431 703 1525 729 eum

169 754 351 794 futurum
376 753 506 794 fuisse
533 760 570 793 et
580 784 591 802 ,
630 753 665 794 si
695 753 864 808 propius
900 760 1036 793 eastra
1067 753 1405 800 admoverentur,
1442 765 1526 791 non
1551 762 1569 792 2

169 815 379 869 quieturos
416 815 620 869 Argivos,
664 815 778 855 misit
816 815 1030 869 expeditos
1068 814 1230 869 pedites
1269 812 1525 866 equitesque,

170 878 239 931 qui
270 878 378 917 circa
404 875 646 931 Cylarabim
671 901 726 904 —
751 877 1016 931 gymnasium
1042 877 1085 916 id
1110 884 1173 917 est
1205 875 1342 916 minus
1369 882 1528 915 trecen—

170 948 234 980 tos
259 954 408 994 passus
442 939 494 978 ab
524 939 626 978 urbe
651 962 706 967 -—
732 953 824 978 eum
851 939 1162 992 erumpentibus
1189 953 1214 978 a
1246 945 1366 992 porta
1390 936 1527 976 Lace-
1554 946 1572 975 3

170 1001 382 1042 daemonis
413 1000 615 1055 proelium
647 1000 942 1040 commiserunt
974 1008 1098 1052 atque
1134 1014 1204 1039 eos
1231 998 1343 1038 haud
1375 1013 1527 1051 magno

171 1063 392 1103 certamine
419 1061 705 1116 compulerunt
729 1061 771 1100 in
795 1062 954 1101 urbem.
1005 1069 1045 1100 et
1071 1068 1206 1101 eastra
1231 1074 1279 1100 eo
1305 1059 1396 1114 ipso
1422 1059 1527 1107 loeo,

169 1124 240 1164 ubi
276 1130 506 1178 pugnatum
542 1129 648 1171 erat,
686 1122 911 1176 imperator
940 1123 1157 1163 Romanus
1194 1121 1346 1176 posuit.
1419 1121 1528 1160 diem
1555 1132 1572 1160 4

169 1186 265 1225 inde
291 1200 419 1224 unum
449 1185 492 1224 in
518 1183 696 1238 speculis
723 1184 819 1232 fuit,
855 1185 891 1223 si
916 1184 1015 1236 quid
1039 1184 1137 1224 novi
1166 1190 1303 1223 motus
1331 1191 1527 1223 oreretur.

169 1254 391 1301 postquam
411 1246 654 1300 obpressum
680 1256 793 1286 metu
820 1245 1028 1286 civitatem
1054 1245 1169 1294 vidit,
1197 1245 1374 1285 advocat
1394 1244 1529 1284 eonsi-

168 1308 269 1348 lium
295 1308 346 1348 de
366 1307 658 1362 obpugnandis
673 1308 818 1362 Argis.
868 1307 1052 1348 omnium
1077 1307 1310 1362 principum
1326 1305 1529 1348 Graeciae
1555 1318 1574 1347 5

170 1378 333 1425 praeter
347 1369 619 1410 Aristaenum
646 1370 792 1410 eadem
814 1369 1020 1410 sententia
1040 1376 1140 1418 erat,
1167 1383 1261 1409 cum
1281 1383 1408 1409 causa
1433 1367 1529 1408 belli

170 1448 254 1473 non
280 1432 359 1472 alia
384 1438 507 1481 esset,
533 1432 629 1472 inde
654 1432 918 1486 potissimum
944 1431 1135 1472 ordiundi
1160 1431 1271 1472 belli.
1332 1430 1529 1482 Quinctio
1557 1441 1575 1469 6

171 1494 214 1534 id
249 1508 510 1546 nequaquam
542 1494 752 1548 placebat:
791 1501 831 1534 et
861 1494 1135 1534 Aristaenum
1167 1502 1310 1534 contra
1346 1492 1530 1533 omnium

173 1569 423 1596 eonsensum
466 1555 739 1595 disserentem
784 1570 879 1595 cum
921 1555 1032 1595 haud
1070 1555 1196 1595 dubia
1232 1554 1530 1609 adprobatione

175 1617 344 1665 audivit,
371 1624 409 1656 et
435 1617 524 1671 ipse
551 1617 699 1657 adiecit
709 1649 718 1666 ‚
747 1631 839 1657 cum
865 1632 939 1671 pro
963 1617 1137 1671 Argivis
1164 1617 1365 1657 adversus
1391 1624 1532 1669 tyram
1559 1627 1575 1654 7

175 1694 275 1718 1111111
298 1678 454 1718 bellum
481 1687 720 1733 susceptum
746 1679 816 1727 sit,
851 1678 950 1731 quid
980 1679 1117 1718 minus
1145 1678 1396 1719 conveniens
1423 1692 1530 1725 esse,

177 1755 300 1793 quam
326 1740 478 1781 omisso
505 1740 625 1780 hoste
639 1741 780 1795 Argos
807 1740 1064 1795 obpugnari?
1092 1755 1136 1781 se
1162 1754 1261 1780 vero
1287 1746 1410 1793 eaput
1434 1739 1532 1779 belli
1558 1748 1577 1778 8

175 1802 540 1843 Lacedaemonem
572 1811 612 1842 et
643 1810 864 1856 tyrannum
890 1802 1134 1856 petiturum,
1167 1811 1207 1842 et
1238 1801 1410 1842 dimisso
1436 1815 1533 1841 eon-

178 1864 267 1904 silio
292 1864 589 1904 frumentatum
614 1865 828 1918 expeditas
856 1864 1046 1905 cohortes
1073 1863 1198 1903 misit.
1247 1862 1359 1915 quod
1383 1863 1534 1903 maturi

177 1932 265 1966 erat
289 1925 397 1966 cirea
428 1926 664 1966 demessum
691 1934 731 1966 et
764 1933 1008 1966 convectum
1035 1933 1116 1974 est,
1143 1925 1287 1973 viride,
1313 1939 1365 1964 ne
1390 1924 1532 1964 hostes

176 2002 273 2028 mox
311 1987 530 2036 haberent,
568 1988 787 2042 protritum
819 1995 860 2028 et
897 1995 1148 2042 corruptum.
1217 1994 1353 2026 castra
1384 1985 1532 2026 deinde
1559 1999 1576 2028 9

176 2050 305 2092 movit
330 2058 370 2091 et
383 2050 610 2091 Parthenio
637 2058 830 2104 superato
856 2058 996 2091 monte
1022 2058 1187 2104 praeter
1200 2050 1388 2103 Tegeam
1414 2042 1547 2089 tertio’

178 2113 243 2153 die
269 2113 321 2152 ad
348 2112 508 2166 Caryas
540 2113 679 2167 posuit
704 2121 851 2153 castra.
911 2112 968 2153 ibi
999 2112 1241 2167 priusquam
1265 2111 1447 2151 hostium
1471 2110 1533 2150 in-

177 2181 304 2214 traret
329 2190 488 2228 agrum,
516 2174 721 2215 sociorum
747 2175 901 2215 auxilia
926 2174 1174 2228 expectavit.
1212 2179 1414 2213 venerunt
1438 2172 1532 2212 Ma-
1562 2186 1600 2215 10

179 2235 357 2275 eedones
395 2251 419 2276 a
452 2236 648 2290 Philippo
685 2236 796 2276 mille
834 2244 874 2277 et
912 2235 1127 2290 quingenti
1163 2243 1203 2276 et
1234 2234 1533 2275 Thessalorum

179 2297 336 2350 equites
371 2297 674 2351 quadringenti.
734 2312 812 2338 nec
843 2298 926 2337 iam
952 2297 1122 2345 auxilia,
1161 2311 1336 2349 quorum
1361 2296 1533 2336 adfatim

179 2366 278 2407 erat,
306 2360 379 2399 sed
406 2369 660 2400 commeatus
685 2360 882 2400 finitumis
903 2359 1073 2400 urbibus
1099 2359 1290 2414 imperati
1314 2359 1533 2399 moraban-

179 2429 245 2461 tur
269 2421 518 2462 Romanum.
556 2422 724 2462 navales
752 2437 916 2475 quoque
942 2436 1119 2475 magnae
1145 2421 1288 2476 copiae
1314 2420 1533 2461 convenio·
1562 2434 1598 2462 11

180 2484 291 2524 bant.
350 2484 435 2524 iam
467 2484 517 2524 ab
549 2484 748 2524 Leucade
774 2485 827 2524 L.
854 2483 1077 2535 Quinctius
1112 2482 1386 2536 quadraginta
1416 2482 1532 2522 navi-

179 2545 255 2586 bus
288 2553 475 2594 venerat,
513 2545 595 2586 iam
624 2545 814 2586 Rhodiae
846 2546 990 2586 decem
1022 2552 1062 2585 et
1092 2552 1184 2586 octo
1221 2552 1353 2586 tectae
1389 2559 1531 2592 1111103,

179 2609 260 2649 iam
281 2609 492 2649 Eumenes
518 2624 589 2649 rex
617 2609 724 2650 circa
740 2608 948 2662 Cycladas
974 2607 1131 2649 insulas
1158 2615 1243 2649 erat
1270 2622 1364 2648 cum
1390 2606 1534 2647 decem

251 2676 312 2702 Livi
334 2676 386 2702 vol.
408 2675 455 2702 111.
1272 2674 1315 2707 10
