1799 2900
311 130 394 172 448
596 137 750 172 LIBER
774 138 939 182 XXXX,
965 137 1110 172 27-29.
1139 140 1237 181 [a.u.
1253 137 1380 181 effla]

312 242 483 290 elamor,
522 240 679 280 nullam
715 240 891 281 militum
927 240 1090 295 culpam
1127 256 1238 290 esse,
1276 242 1425 294 quibus
1462 256 1585 283 nemo
1619 240 1670 282 ad

246 319 286 349 15
312 303 612 358 erumpendum
638 302 804 357 signum
831 302 1035 343 dedisset:
1073 303 1188 343 daret
1219 303 1403 358 signum3
1440 304 1671 344 intellectu-

309 381 401 406 rum
436 365 606 406 eosdem
643 364 713 418 qui
749 373 871 405 antea
907 364 1058 405 fuerint
1095 371 1135 406 et
1165 365 1378 407 Romanos
1416 374 1455 406 et
1487 366 1669 421 Ligures

311 441 415 468 esse.

269 505 283 532 1
395 488 619 531 XXVIII.
656 488 767 529 Bina
792 488 850 529 eis
875 495 1037 529 montes
1064 496 1199 530 castra
1213 489 1420 544 Ligurum
1446 498 1574 531 erant.
1618 504 1669 531 ex

308 550 357 591 iis
383 550 526 605 primis
553 551 699 591 diebus
727 551 813 592 sole
840 558 928 592 orto
954 550 1107 605 pariter
1132 566 1275 592 omnes
1302 552 1520 607 compositi
1545 562 1586 593 et
1609 551 1671 592 in-

265 627 284 656 2
311 613 456 653 structi
479 613 777 667 proeedebant;
804 620 893 653 tum
918 612 997 653 nisi
1023 612 1215 653 exsatiati
1240 612 1332 653 cibo
1357 613 1535 667 vinoque
1557 629 1671 654 arma

310 691 394 716 non
430 675 668 729 capiebant,
713 674 908 729 dispersi,
952 674 1174 715 inordinati
1211 675 1397 724 exibant,
1441 682 1486 715 ut
1521 675 1670 728 quibus

309 752 438 792 prope
458 745 616 777 eertum
636 745 747 777 esset
765 736 906 777 hostes
929 744 1044 777 extra
1064 737 1217 777 vallum
1237 752 1320 777 non
1339 737 1517 778 elaturos
1539 737 1670 791 signa.

265 813 284 843 3
311 799 511 840 adversus
544 799 600 839 ita
630 799 928 854 incompositos
961 814 1031 840 eos
1064 799 1276 840 venientes
1308 798 1487 840 clamore
1518 798 1672 853 pariter

310 860 512 910 omnium,
539 861 609 913 qui
633 861 676 901 in
702 860 847 901 castris
874 868 1009 908 erant,
1037 861 1228 901 calonum
1253 875 1416 914 quoque
1436 868 1477 902 et
1494 861 1672 901 lixarum

265 939 284 967 4
313 923 475 964 sublato
502 923 624 964 simul
649 924 842 964 omnibus
873 923 1003 977 portis
1029 923 1210 964 Romani
1241 931 1476 978 eruperunt.
1537 923 1672 977 Ligu-

310 985 423 1026 ribus
462 985 565 1026 adeo
602 985 815 1040 inprovisa
851 1000 917 1026 res
954 985 1051 1034 fuit,
1089 992 1133 1025 ut.
1163 985 1334 1039 perinde
1366 1000 1414 1026 ac
1446 985 1481 1026 si
1510 984 1671 1026 insidiis

311 1047 580 1088 circumventi
605 1048 741 1088 forent
766 1047 1033 1102 trepidarent.
1089 1047 1287 1101 exiguum
1312 1048 1508 1102 temporis
1534 1047 1673 1100 aliqua

310 1111 444 1150 forma
469 1125 635 1164 pugnae
661 1110 756 1159 fuit3
783 1110 884 1164 fuga
910 1109 1058 1150 deinde
1085 1110 1219 1151 effusa
1244 1117 1284 1150 et
1309 1109 1557 1165 fugientium
1576 1125 1672 1164 pas-

267 1187 285 1216 5
313 1173 390 1213 51111
416 1172 564 1213 caedes
592 1179 691 1212 erat.
753 1172 959 1224 equitibus
987 1172 1082 1212 dato
1110 1172 1249 1226 signo,
1274 1179 1320 1212 ut
1345 1172 1673 1213 conscenderent

311 1248 439 1286 equos
466 1247 542 1274 nec
568 1234 752 1287 effugere
778 1248 1030 1286 quemquam
1056 1233 1255 1282 sinerent,
1292 1233 1335 1274 in
1366 1242 1502 1274 castra
1527 1248 1670 1274 omnes

311 1295 472 1351 trepida
507 1296 608 1349 fuga
645 1295 850 1350 compulsi
887 1303 1002 1344 sunt,
1041 1295 1190 1337 deinde
1226 1295 1328 1351 ipsis
1366 1295 1478 1336 exuti
1511 1296 1669 1336 castris.

267 1372 284 1401 6
312 1373 437 1412 supra
463 1357 698 1411 quindecim
725 1358 837 1398 milia
861 1357 1070 1411 Ligurum
1095 1373 1143 1398 eo
1170 1357 1235 1398 die
1261 1357 1415 1406 occisa,
1455 1357 1563 1412 capti
1589 1358 1671 1398 duo

309 1419 423 1459 milia
448 1428 487 1460 et
513 1420 684 1460 trecenti
710 1428 807 1460 tres.
867 1420 1003 1461 triduo
1034 1427 1129 1474 post
1154 1420 1361 1474 Ligurum
1386 1421 1671 1475 Ingaunorum

268 1496 284 1524 7
311 1496 463 1522 110111011
489 1496 609 1522 0111110
636 1481 849 1521 obsidibus
876 1481 982 1522 datis
1003 1481 1046 1522 111
1065 1482 1269 1522 dicionem
1289 1482 1414 1522 venit.
1465 1483 1671 1536 guberna-

312 1551 420 1584 tores
447 1551 679 1596 nautaeque
705 1543 938 1596 conquisiti,
966 1543 1035 1596 qui
1060 1544 1327 1598 praedatores
1354 1544 1533 1585 fuissent
1555 1545 1672 1585 navi-

309 1606 407 1654 bus,
435 1613 558 1658 atque
584 1620 728 1646 omnes
756 1605 798 1645 in
824 1605 1055 1646 custodiam
1081 1605 1266 1647 coniecti.
1316 1613 1357 1647 et
1376 1622 1399 1647 a
1420 1605 1672 1649 CAEIatieno

311 1667 528 1709 duumviro
566 1682 695 1708 naves
733 1667 821 1708 eius
858 1668 1023 1722 generis
1061 1668 1103 1708 in
1133 1668 1359 1723 Ligustina
1396 1684 1468 1710 ora
1504 1669 1673 1724 triginta

265 1741 284 1771 8
311 1730 418 1770 duae
456 1737 602 1783 captae
641 1737 749 1771 sunt.
820 1729 924 1771 haec
962 1730 1030 1784 qui
1072 1730 1308 1771 nuntiarent
1343 1730 1583 1784 litterasque
1619 1731 1673 1772 ad

311 1800 500 1833 senatum
526 1791 699 1841 ferrent,
726 1792 779 1832 L.
804 1792 1003 1833 Aurelius
1032 1791 1173 1842 Cotta,
1208 1791 1258 1833 C.
1286 1791 1496 1848 Sulpicius
1524 1792 1671 1835 Gallus

308 1854 488 1896 Romam
513 1855 649 1903 missi,
683 1854 887 1908 simulque
912 1862 1118 1909 peterent,
1145 1862 1188 1895 ut
1208 1855 1261 1896 L.
1277 1855 1459 1896 Aemilio
1484 1856 1673 1897 confecta

309 1917 523 1971 provincia
548 1916 749 1957 decedere
781 1924 822 1957 et
852 1917 1056 1958 deducere
1089 1931 1232 1958 seeum
1262 1917 1413 1958 milites
1444 1917 1586 1958 liceret
1612 1927 1674 1959 at-

265 1991 283 2020 9
311 1994 388 2033 que
415 1980 633 2021 dimittere.
683 1987 903 2033 utrumque
928 1980 1178 2035 permissum
1204 1980 1256 2020 ab
1283 1988 1429 2021 senatu
1454 1987 1493 2021 et
1516 1980 1672 2035 suppli-

310 2042 416 2083 catio
448 2042 500 2082 ad
531 2042 669 2083 omnia
699 2042 931 2097 pulvinaria
964 2057 1038 2097 per
1068 2042 1249 2082 triduum
1287 2042 1452 2083 decreta
1487 2043 1672 2096 iussique

309 2105 520 2153 praetores
546 2099 722 2139 Petilius
748 2100 929 2139 urbanas
956 2098 1160 2139 dimittere
1185 2098 1390 2153 legiones,
1421 2099 1578 2140 Fabius
1605 2115 1672 2140 so-

245 2176 284 2205 10
309 2161 382 2201 ciis
409 2168 532 2213 atque
558 2160 713 2201 nomini
727 2161 882 2201 Latino
903 2160 1111 2201 remittere
1132 2160 1345 2209 dilectum,
1372 2167 1411 2201 et
1429 2160 1489 2201 uti
1507 2169 1672 2216 praetor

311 2224 492 2263 urbanus
525 2222 765 2264 consulibus
797 2224 1013 2271 scriberet,
1059 2230 1248 2263 senatum
1279 2237 1457 2276 aequum
1488 2237 1669 2272 censere,

310 2286 532 2327 subitarios
557 2286 708 2326 milites
736 2286 937 2326 tumultus
970 2300 1095 2326 causa
1125 2285 1381 2340 conscriptos
1412 2285 1545 2340 primo
1571 2299 1670 2339 quo-

311 2363 389 2401 que
415 2356 601 2402 tempore
628 2348 790 2388 dimitti.

269 2424 282 2452 1
395 2409 642 2452 XXVIIII.
689 2409 866 2451 Colonia
882 2408 1111 2450 Graviscae
1137 2424 1185 2450 eo
1212 2424 1318 2450 anno
1340 2408 1518 2449 deducta
1541 2416 1605 2449 est
1628 2407 1670 2448 in

310 2487 456 2525 agrum
480 2472 726 2521 Etruscum,
765 2473 815 2513 de
841 2471 1216 2524 Tarquiniensibus
1248 2471 1457 2524 quondam
1490 2478 1667 2525 captum.

266 2546 285 2576 2
311 2533 435 2585 quina
460 2533 603 2587 iugera
629 2535 718 2587 agri
743 2534 857 2582 data3
884 2533 1047 2574 tresviri
1072 2533 1332 2573 deduxerunt
1351 2531 1400 2573 C.
1419 2530 1668 2587 Calpurnius

310 2593 428 2643 Piso,
455 2595 504 2634 P.
534 2594 735 2636 Claudius
761 2595 961 2645 Pulcher,
990 2594 1039 2636 C.
1067 2594 1287 2636 Terentius
1313 2595 1435 2635 Istra.
1485 2592 1668 2634 siccitate
