1799 2900
167 636 206 664 10

187 1009 205 1038 10

188 1816 207 1845 ὃ

189 1940 206 1969 6

191 2065 207 2094 ’ἵ

195 2624 207 2651 1

235 137 314 178 180
543 141 697 177 LIBER
723 141 887 186 xxxv,
913 142 1012 176 6-8.
1041 144 1136 186 [a.u.
1153 142 1279 186 0561]

230 249 283 289 L.
300 247 497 295 Cornelii,
524 260 627 299 quas
654 245 877 300 scripserat
897 245 1125 286 secundum
1149 246 1351 301 proelium
1378 246 1587 287 cumBois

230 312 399 356 factum,
427 308 673 363 disceptatio
694 308 734 347 in
757 316 903 348 senatu
928 308 1018 357 fuit,
1046 309 1142 362 quia
1165 309 1359 364 privatim
1379 309 1589 364 plerisque

232 371 492 413 senatoribus
506 371 668 424 legatus
684 370 746 411 M.
765 369 967 411 Claudius
984 371 1218 425 scripserat,
1241 371 1431 412 fortunae
1446 371 1587 427 populi

229 433 409 475 Romani
435 441 475 473 ct
506 432 684 473 militum
716 433 856 472 virtuti
887 433 1063 487 gratiam
1095 433 1347 483 habendam,
1381 435 1491 487 quod
1522 449 1587 475 res

232 497 335 538 benc
369 504 488 551 gesta
520 505 651 537 esset:
689 495 871 536 consulis
898 511 1023 550 opera
1055 504 1096 536 ct
1126 497 1301 537 militum
1334 497 1587 550 aliquantum

231 559 430 600 amissum
457 568 497 599 et
522 558 704 599 hostium
729 557 975 606 exercitum,
1009 558 1124 598 cuius
1152 559 1316 599 delendi
1343 559 1480 599 oblata
1507 559 1590 599 for-

233 632 332 661 tuna
357 620 493 669 suerit,
521 620 723 674 elapsum.
761 619 912 660 milites
940 634 988 660 co
1012 620 1152 674 plures
1178 621 1350 674 perisse,
1378 621 1488 674 quod
1509 628 1590 661 tar-

231 683 322 723 dius
350 698 401 723 ex
428 682 646 731 subsidiis,
673 682 744 735 qui
768 682 1055 723 laborantibus
1083 697 1204 736 opem
1230 683 1397 731 ferrent,
1426 697 1590 724 succes-

231 746 403 794 sissent3
431 745 572 786 hostes
599 759 620 785 e
646 744 838 785 manibus
866 743 1061 793 emissos,
1089 744 1200 797 quod
1227 744 1435 797 equitibus
1461 744 1591 799 legio-

230 810 341 848 naris
369 815 409 848 et
434 807 590 848 tardius
613 807 755 848 datum
782 806 948 861 signum
968 813 1079 847 esset
1100 814 1138 847 et
1163 806 1358 861 persequi
1383 807 1590 862 fugientes

230 885 314 911 non
339 869 538 910 licuisset.

315 933 416 975 VH.
466 932 534 973 De
566 947 615 973 ea
639 947 682 973 re
714 931 816 972 nihil
851 938 1005 972 temere
1031 931 1196 972 decerni
1222 931 1395 986 placuit,
1427 932 1479 972 ad
1511 931 1592 973 fre-

233 995 468 1048 quentiores
496 994 744 1035 consultatio
772 994 899 1035 dilata
924 1002 999 1035 est.
1032 994 1214 1034 instabat
1240 995 1350 1034 enim
1376 1008 1473 1035 cura
1499 994 1590 1043 alia,

232 1057 343 1110 quod
368 1057 513 1097 civitas
540 1057 709 1098 faenore
734 1057 952 1097 laborabat
978 1065 1018 1097 et
1043 1057 1174 1110 quod,
1213 1071 1307 1097 cum
1339 1056 1478 1097 multis
1506 1056 1593 1097 fae-

231 1119 427 1159 nebribus
470 1118 634 1174 legibus
673 1119 896 1160 constricta
938 1119 1111 1160 avaritia
1153 1127 1283 1167 esset,
1330 1119 1397 1159 via
1434 1119 1591 1159 fraudis

233 1181 333 1221 inita
360 1189 459 1230 erat,
486 1190 531 1222 ut.
556 1181 598 1220 in
625 1181 759 1222 socios
787 1181 856 1234 qui
882 1196 965 1222 non
991 1189 1229 1222 tenerentur
1254 1181 1303 1221 iis
1329 1181 1492 1235 legibus
1519 1195 1592 1220 no-

234 1244 346 1283 mina
376 1244 741 1289 transscriberent3
775 1243 832 1284 ita
863 1243 993 1284 libero
1026 1244 1195 1284 faenore
1222 1244 1451 1284 obruebant
1478 1243 1593 1283 debi-

234 1314 357 1346 tores.
408 1306 523 1346 cuius
551 1305 767 1346 coercendi
794 1320 886 1346 cum
912 1305 1016 1347 ratio
1043 1314 1320 1358 quaereretur,
1349 1305 1458 1345 diem
1483 1305 1591 1345 finiri

231 1367 385 1421 placuit
409 1367 591 1416 Feralia,
631 1382 736 1420 quae
761 1368 949 1422 proxime
976 1368 1172 1417 fuissent,
1210 1376 1254 1407 ut
1279 1367 1347 1420 qui
1379 1374 1472 1421 post
1500 1382 1592 1407 eam

233 1429 342 1470 diem
369 1429 470 1470 socii
501 1429 659 1469 civibus
686 1429 887 1470 Romanis
920 1430 1194 1470 credidissent
1217 1429 1434 1484 pecunias,
1467 1429 1592 1483 profi-

233 1499 417 1532 terentur
442 1500 482 1531 et
514 1506 565 1531 ex
597 1506 646 1532 ea
677 1492 742 1532 die
774 1491 974 1546 pecuniae
1009 1491 1209 1540 creditae,
1249 1491 1398 1544 quibus
1431 1491 1592 1531 debitor

233 1552 357 1593 vellet
387 1552 571 1607 legibus,
603 1552 666 1593 ius
700 1553 893 1593 creditori
923 1553 1176 1594 redderetur.
1242 1552 1338 1593 inde
1371 1560 1593 1607 postquam

233 1615 563 1669 professionibus
609 1615 773 1656 detecta
815 1623 879 1656 est
921 1616 1165 1670 magnitudo
1208 1616 1315 1656 aeris
1361 1615 1484 1656 alieni
1520 1630 1594 1670 per

232 1677 339 1718 hanc
370 1677 560 1718 fraudem
592 1678 809 1727 contracti,
842 1678 904 1719 M.
933 1678 1205 1733 Sempronius
1239 1678 1428 1719 tribunus
1459 1678 1592 1733 plebis

233 1754 284 1780 ex
310 1740 553 1781 auctoritate
584 1748 749 1796 patrum
781 1740 946 1795 plebem
978 1741 1160 1795 rogavit,
1198 1741 1426 1795 plebesque
1460 1740 1592 1789 scivit,

232 1811 277 1843 ut
303 1818 396 1843 cum
436 1803 558 1845 sociis
598 1818 644 1844 ac
677 1804 843 1845 nomine
876 1804 1030 1845 Latino
1069 1804 1249 1845 creditae
1285 1804 1486 1860 pecuniae
1529 1803 1593 1843 ius

233 1865 343 1907 idem
370 1865 480 1919 quod
506 1880 600 1906 cum
626 1866 785 1906 civibus
812 1866 1015 1907 Romanis
1042 1874 1166 1907 esset.

318 1929 438 1969 Haec
475 1928 516 1969 in
552 1928 674 1969 Italia
711 1928 823 1969 domi
859 1928 1111 1982 militiaeque
1150 1937 1253 1969 acta.
1313 1928 1355 1968 in
1387 1925 1595 1982 Hispania

233 2006 498 2045 nequaquam
540 2000 702 2032 tantum
743 1991 843 2031 belli
885 1991 981 2040 fuit,
1020 1999 1220 2044 quantum
1259 1997 1430 2031 auxerat
1467 1990 1592 2029 fama.

236 2053 285 2094 C.
311 2054 543 2095 Flaminius
574 2054 617 2094 in
649 2053 836 2094 citeriore
862 2054 1069 2109 Hispania
1102 2054 1301 2109 oppidum
1330 2052 1521 2093 Illuciam
1552 2052 1594 2091 in

235 2116 434 2157 Oretanis
462 2116 590 2171 cepit,
618 2116 767 2156 deinde
793 2116 834 2156 in
860 2115 1128 2156 hibernacula
1154 2116 1305 2156 milites
1333 2114 1522 2162 deduxit3
1555 2120 1595 2154 et

233 2193 308 2232 per
333 2177 510 2220 hiemem
536 2178 692 2233 proelia
714 2178 868 2231 aliquot
893 2178 1005 2218 nulla
1025 2178 1225 2219 memoria
1246 2177 1371 2232 digna
1394 2177 1593 2217 adversus

234 2239 442 2280 latronum
467 2240 600 2295 magis
628 2254 753 2293 quam
779 2240 962 2281 hostium
988 2240 1276 2289 excursiones,
1310 2239 1424 2280 vario
1456 2245 1594 2278 tamen

237 2310 387 2342 eventu
430 2316 506 2343 nec
544 2303 632 2343 sine
675 2302 853 2343 militum
894 2302 1051 2343 iactura
1089 2310 1185 2342 sunt
1222 2302 1345 2342 facta.
1417 2300 1594 2341 maiores

235 2372 379 2416 gestae
404 2379 470 2405 res
498 2380 522 2405 a
546 2364 609 2405 M.
634 2364 797 2406 Fulvio.
858 2364 892 2405 is
921 2365 1031 2419 apud
1057 2364 1251 2405 Toletum
1277 2363 1475 2418 oppidum
1501 2376 1594 2403 cum

235 2425 438 2467 Vaccaeis
452 2427 793 2480 Vectonibusquc
814 2434 855 2467 et
871 2426 1092 2468 Celtiberis
1120 2426 1250 2481 signis
1276 2425 1449 2467 conlatis
1477 2423 1595 2464 dimi-

236 2487 361 2535 cavit,
395 2489 621 2529 exercitum
647 2504 789 2530 earum
815 2489 1002 2544 gentium
1027 2489 1132 2529 fudit
1158 2488 1420 2543 fugavitque,
1451 2500 1592 2541 regem

237 2547 458 2589 Hilernum
484 2551 625 2590 vivum
652 2551 773 2606 cepit.

321 2610 444 2653 YHI.
485 2610 593 2652 Cum
620 2612 721 2654 haec
746 2613 787 2653 in
814 2611 1022 2667 Hispania
1046 2612 1309 2666 gerebantur,
1335 2609 1593 2651 comitiorum
