<?xml version="1.0" encoding="UTF-8"?>
<!DOCTYPE html PUBLIC "-//W3C//DTD XHTML 1.0 Transitional//EN"
    "http://www.w3.org/TR/xhtml1/DTD/xhtml1-transitional.dtd">
<html xmlns="http://www.w3.org/1999/xhtml" xml:lang="en" lang="en">
 <head>
  <title>
</title>
<meta http-equiv="Content-Type" content="text/html;charset=utf-8" />
  <meta name='ocr-system' content='tesseract 3.04.00' />
  <meta name='ocr-capabilities' content='ocr_page ocr_carea ocr_par ocr_line ocrx_word'/>
</head>
<body>
  <div class='ocr_page' id='page_1' title='image "./aburbeconditalib03livyuoft_0122.png"; bbox 0 0 1799 2900; ppageno 0'>
   <div class='ocr_carea' id='block_1_1' title="bbox 178 371 217 400">
    <p class='ocr_par' dir='ltr' id='par_1_1' title="bbox 178 371 217 400">
     <span class='ocr_line' id='line_1_1' title="bbox 178 371 217 400; baseline 0 0"><span class='ocrx_word' id='word_1_1' title='bbox 178 371 217 400; x_wconf 88' lang='lat'>15</span> 
     </span>
    </p>
   </div>
   <div class='ocr_carea' id='block_1_2' title="bbox 179 556 215 585">
    <p class='ocr_par' dir='ltr' id='par_1_2' title="bbox 179 556 215 585">
     <span class='ocr_line' id='line_1_2' title="bbox 179 556 215 585; baseline 0 0"><span class='ocrx_word' id='word_1_2' title='bbox 179 556 215 585; x_wconf 80' lang='lat'>16</span> 
     </span>
    </p>
   </div>
   <div class='ocr_carea' id='block_1_3' title="bbox 197 1854 215 1883">
    <p class='ocr_par' dir='ltr' id='par_1_3' title="bbox 197 1854 215 1883">
     <span class='ocr_line' id='line_1_3' title="bbox 197 1854 215 1883; baseline 0 0"><span class='ocrx_word' id='word_1_3' title='bbox 197 1854 215 1883; x_wconf 90' lang='grc'>6</span> 
     </span>
    </p>
   </div>
   <div class='ocr_carea' id='block_1_4' title="bbox 198 2103 214 2131">
    <p class='ocr_par' dir='ltr' id='par_1_4' title="bbox 198 2103 214 2131">
     <span class='ocr_line' id='line_1_4' title="bbox 198 2103 214 2131; baseline 0 0"><span class='ocrx_word' id='word_1_4' title='bbox 198 2103 214 2131; x_wconf 89' lang='grc'><strong>7</strong></span> 
     </span>
    </p>
   </div>
   <div class='ocr_carea' id='block_1_5' title="bbox 198 2227 216 2317">
    <p class='ocr_par' dir='ltr' id='par_1_5' title="bbox 198 2227 216 2317">
     <span class='ocr_line' id='line_1_5' title="bbox 200 2227 213 2254; baseline 0 0"><span class='ocrx_word' id='word_1_5' title='bbox 200 2227 213 2254; x_wconf 92' lang='grc'>1</span> 
     </span>
     <span class='ocr_line' id='line_1_6' title="bbox 198 2288 216 2317; baseline 0 0"><span class='ocrx_word' id='word_1_6' title='bbox 198 2288 216 2317; x_wconf 72' lang='lat'>“2</span> 
     </span>
    </p>
   </div>
   <div class='ocr_carea' id='block_1_6' title="bbox 242 180 1302 228">
    <p class='ocr_par' dir='ltr' id='par_1_6' title="bbox 242 180 1302 228">
     <span class='ocr_line' id='line_1_7' title="bbox 242 180 1302 228; baseline -0.005 -7"><span class='ocrx_word' id='word_1_7' title='bbox 242 180 297 221; x_wconf 78' lang='lat'>42</span> <span class='ocrx_word' id='word_1_8' title='bbox 525 184 678 219; x_wconf 78' lang='lat' dir='ltr'>LIBER</span> <span class='ocrx_word' id='word_1_9' title='bbox 703 183 854 228; x_wconf 79' lang='lat' dir='ltr'>XXXI,</span> <span class='ocrx_word' id='word_1_10' title='bbox 879 183 1036 218; x_wconf 83' lang='lat'>46—48.</span> <span class='ocrx_word' id='word_1_11' title='bbox 1063 186 1160 227; x_wconf 60' lang='grc' dir='ltr'>[Μ.</span> <span class='ocrx_word' id='word_1_12' title='bbox 1177 182 1302 226; x_wconf 78' lang='lat'>0.554]</span> 
     </span>
    </p>
   </div>
   <div class='ocr_carea' id='block_1_7' title="bbox 240 284 1601 2519">
    <p class='ocr_par' dir='ltr' id='par_1_7' title="bbox 241 284 1601 842">
     <span class='ocr_line' id='line_1_8' title="bbox 241 284 1598 343; baseline -0.007 -9"><span class='ocrx_word' id='word_1_13' title='bbox 241 293 424 340; x_wconf 88' lang='lat' dir='ltr'>adsiduo,</span> <span class='ocrx_word' id='word_1_14' title='bbox 452 288 604 343; x_wconf 84' lang='lat' dir='ltr'>vigiliis</span> <span class='ocrx_word' id='word_1_15' title='bbox 631 286 787 328; x_wconf 84' lang='lat' dir='ltr'>diurnis</span> <span class='ocrx_word' id='word_1_16' title='bbox 813 287 965 341; x_wconf 88' lang='lat' dir='ltr'>pariter</span> <span class='ocrx_word' id='word_1_17' title='bbox 985 287 1277 340; x_wconf 79' lang='lat' dir='ltr'>nocturnisque</span> <span class='ocrx_word' id='word_1_18' title='bbox 1299 294 1337 328; x_wconf 91' lang='lat' dir='ltr'>et</span> <span class='ocrx_word' id='word_1_19' title='bbox 1358 284 1598 326; x_wconf 79' lang='lat' dir='ltr'>vulneribus</span> 
     </span>
     <span class='ocr_line' id='line_1_9' title="bbox 243 347 1597 404; baseline -0.007 -8"><span class='ocrx_word' id='word_1_20' title='bbox 243 355 490 399; x_wconf 84' lang='lat' dir='ltr'>confectum.</span> <span class='ocrx_word' id='word_1_21' title='bbox 551 349 657 389; x_wconf 85' lang='lat' dir='ltr'>muri</span> <span class='ocrx_word' id='word_1_22' title='bbox 700 361 863 402; x_wconf 88' lang='lat' dir='ltr'>quoque</span> <span class='ocrx_word' id='word_1_23' title='bbox 906 364 1002 404; x_wconf 90' lang='lat' dir='ltr'>pars</span> <span class='ocrx_word' id='word_1_24' title='bbox 1046 349 1171 390; x_wconf 90' lang='lat' dir='ltr'>ariete</span> <span class='ocrx_word' id='word_1_25' title='bbox 1214 349 1381 389; x_wconf 88' lang='lat' dir='ltr'>incusso</span> <span class='ocrx_word' id='word_1_26' title='bbox 1427 347 1597 388; x_wconf 86' lang='lat' dir='ltr'>subruta</span> 
     </span>
     <span class='ocr_line' id='line_1_10' title="bbox 242 409 1599 466; baseline -0.005 -9"><span class='ocrx_word' id='word_1_27' title='bbox 242 416 380 458; x_wconf 87' lang='lat' dir='ltr'>multis</span> <span class='ocrx_word' id='word_1_28' title='bbox 418 414 499 453; x_wconf 83' lang='lat' dir='ltr'>iam</span> <span class='ocrx_word' id='word_1_29' title='bbox 536 411 637 452; x_wconf 86' lang='lat' dir='ltr'>locis</span> <span class='ocrx_word' id='word_1_30' title='bbox 674 411 926 466; x_wconf 78' lang='lat' dir='ltr'>prociderat,</span> <span class='ocrx_word' id='word_1_31' title='bbox 962 426 1117 466; x_wconf 83' lang='lat' dir='ltr'>perque</span> <span class='ocrx_word' id='word_1_32' title='bbox 1155 419 1342 466; x_wconf 85' lang='lat' dir='ltr'>apertum</span> <span class='ocrx_word' id='word_1_33' title='bbox 1374 410 1492 451; x_wconf 84' lang='lat' dir='ltr'>ruina</span> <span class='ocrx_word' id='word_1_34' title='bbox 1523 409 1599 450; x_wconf 81' lang='lat' dir='ltr'>iter</span> 
     </span>
     <span class='ocr_line' id='line_1_11' title="bbox 242 471 1598 528; baseline -0.006 -9"><span class='ocrx_word' id='word_1_35' title='bbox 242 489 361 519; x_wconf 88' lang='lat' dir='ltr'>noete</span> <span class='ocrx_word' id='word_1_36' title='bbox 385 474 565 516; x_wconf 83' lang='lat' dir='ltr'>Romani</span> <span class='ocrx_word' id='word_1_37' title='bbox 594 472 914 528; x_wconf 53' lang='lat' dir='ltr'>[mariannam]</span> <span class='ocrx_word' id='word_1_38' title='bbox 953 488 1057 527; x_wconf 89' lang='lat' dir='ltr'>quae</span> <span class='ocrx_word' id='word_1_39' title='bbox 1090 489 1213 528; x_wconf 86' lang='lat' dir='ltr'>super</span> <span class='ocrx_word' id='word_1_40' title='bbox 1243 482 1408 528; x_wconf 87' lang='lat' dir='ltr'>portum</span> <span class='ocrx_word' id='word_1_41' title='bbox 1440 480 1520 521; x_wconf 88' lang='lat' dir='ltr'>est,</span> <span class='ocrx_word' id='word_1_42' title='bbox 1557 471 1598 511; x_wconf 93' lang='lat' dir='ltr'>in</span> 
     </span>
     <span class='ocr_line' id='line_1_12' title="bbox 243 535 1598 593; baseline -0.004 -13"><span class='ocrx_word' id='word_1_43' title='bbox 243 554 379 581; x_wconf 89' lang='lat' dir='ltr'>arcem</span> <span class='ocrx_word' id='word_1_44' title='bbox 411 543 699 593; x_wconf 88' lang='lat' dir='ltr'>perruperunt.</span> <span class='ocrx_word' id='word_1_45' title='bbox 758 536 928 577; x_wconf 89' lang='lat' dir='ltr'>Attalus</span> <span class='ocrx_word' id='word_1_46' title='bbox 965 535 1056 576; x_wconf 90' lang='lat' dir='ltr'>luce</span> <span class='ocrx_word' id='word_1_47' title='bbox 1092 535 1226 590; x_wconf 90' lang='lat' dir='ltr'>prima</span> <span class='ocrx_word' id='word_1_48' title='bbox 1262 535 1382 590; x_wconf 84' lang='lat' dir='ltr'>signo</span> <span class='ocrx_word' id='word_1_49' title='bbox 1419 550 1468 576; x_wconf 81' lang='lat' dir='ltr'>cx</span> <span class='ocrx_word' id='word_1_50' title='bbox 1505 547 1598 574; x_wconf 90' lang='lat' dir='ltr'>arce</span> 
     </span>
     <span class='ocr_line' id='line_1_13' title="bbox 242 597 1599 652; baseline -0.003 -11"><span class='ocrx_word' id='word_1_51' title='bbox 242 602 338 641; x_wconf 90' lang='lat' dir='ltr'>dato</span> <span class='ocrx_word' id='word_1_52' title='bbox 364 600 416 640; x_wconf 89' lang='lat' dir='ltr'>ab</span> <span class='ocrx_word' id='word_1_53' title='bbox 441 597 643 639; x_wconf 82' lang='lat' dir='ltr'>Romanis</span> <span class='ocrx_word' id='word_1_54' title='bbox 670 605 709 638; x_wconf 91' lang='lat' dir='ltr'>et</span> <span class='ocrx_word' id='word_1_55' title='bbox 740 597 828 652; x_wconf 88' lang='lat' dir='ltr'>ipse</span> <span class='ocrx_word' id='word_1_56' title='bbox 855 598 1000 639; x_wconf 88' lang='lat' dir='ltr'>urbem</span> <span class='ocrx_word' id='word_1_57' title='bbox 1030 598 1182 638; x_wconf 79' lang='lat' dir='ltr'>invasit</span> <span class='ocrx_word' id='word_1_58' title='bbox 1206 598 1344 638; x_wconf 89' lang='lat' dir='ltr'>stratis</span> <span class='ocrx_word' id='word_1_59' title='bbox 1371 612 1524 651; x_wconf 83' lang='lat' dir='ltr'>magna</span> <span class='ocrx_word' id='word_1_60' title='bbox 1549 611 1599 637; x_wconf 85' lang='lat' dir='ltr'>ex</span> 
     </span>
     <span class='ocr_line' id='line_1_14' title="bbox 242 658 1600 718; baseline -0.004 -14"><span class='ocrx_word' id='word_1_61' title='bbox 242 671 358 718; x_wconf 87' lang='lat' dir='ltr'>parte</span> <span class='ocrx_word' id='word_1_62' title='bbox 389 660 517 701; x_wconf 88' lang='lat' dir='ltr'>muris</span> <span class='ocrx_word' id='word_1_63' title='bbox 528 677 538 709; x_wconf 90' lang='lat'>;</span> <span class='ocrx_word' id='word_1_64' title='bbox 588 658 841 714; x_wconf 80' lang='lat' dir='ltr'>praesidium</span> <span class='ocrx_word' id='word_1_65' title='bbox 872 660 1149 714; x_wconf 80' lang='lat' dir='ltr'>oppidanique</span> <span class='ocrx_word' id='word_1_66' title='bbox 1181 659 1222 700; x_wconf 92' lang='grc'>111</span> <span class='ocrx_word' id='word_1_67' title='bbox 1255 673 1390 700; x_wconf 90' lang='lat' dir='ltr'>arcem</span> <span class='ocrx_word' id='word_1_68' title='bbox 1429 659 1600 699; x_wconf 89' lang='lat' dir='ltr'>alteram</span> 
     </span>
     <span class='ocr_line' id='line_1_15' title="bbox 241 721 1601 781; baseline -0.004 -15"><span class='ocrx_word' id='word_1_69' title='bbox 241 725 475 781; x_wconf 76' lang='lat' dir='ltr'>perfugere,</span> <span class='ocrx_word' id='word_1_70' title='bbox 495 722 605 763; x_wconf 89' lang='lat' dir='ltr'>unde</span> <span class='ocrx_word' id='word_1_71' title='bbox 626 722 751 762; x_wconf 86' lang='lat' dir='ltr'>biduo</span> <span class='ocrx_word' id='word_1_72' title='bbox 764 729 860 776; x_wconf 90' lang='lat' dir='ltr'>post</span> <span class='ocrx_word' id='word_1_73' title='bbox 879 721 1031 763; x_wconf 86' lang='lat' dir='ltr'>deditio</span> <span class='ocrx_word' id='word_1_74' title='bbox 1046 722 1169 762; x_wconf 87' lang='lat' dir='ltr'>facta.</span> <span class='ocrx_word' id='word_1_75' title='bbox 1196 722 1294 762; x_wconf 89' lang='lat' dir='ltr'>urbs</span> <span class='ocrx_word' id='word_1_76' title='bbox 1315 721 1416 775; x_wconf 88' lang='lat' dir='ltr'>regi,</span> <span class='ocrx_word' id='word_1_77' title='bbox 1437 721 1601 775; x_wconf 73' lang='lat' dir='ltr'>captiva</span> 
     </span>
     <span class='ocr_line' id='line_1_16' title="bbox 243 784 845 842; baseline -0.008 -13"><span class='ocrx_word' id='word_1_78' title='bbox 243 802 415 842; x_wconf 89' lang='lat' dir='ltr'>corpora</span> <span class='ocrx_word' id='word_1_79' title='bbox 440 784 642 826; x_wconf 86' lang='lat' dir='ltr'>Romanis</span> <span class='ocrx_word' id='word_1_80' title='bbox 669 798 845 825; x_wconf 79' lang='lat' dir='ltr'>cessere.</span> 
     </span>
    </p>

    <p class='ocr_par' dir='ltr' id='par_1_8' title="bbox 241 845 1601 1523">
     <span class='ocr_line' id='line_1_17' title="bbox 327 845 1599 899; baseline -0.002 -10"><span class='ocrx_word' id='word_1_81' title='bbox 327 848 625 890; x_wconf 81' lang='lat' dir='ltr'>XXXXVH.</span> <span class='ocrx_word' id='word_1_82' title='bbox 674 847 766 887; x_wconf 87' lang='lat' dir='ltr'>Iam</span> <span class='ocrx_word' id='word_1_83' title='bbox 792 846 1029 887; x_wconf 88' lang='lat' dir='ltr'>autumnale</span> <span class='ocrx_word' id='word_1_84' title='bbox 1061 845 1367 899; x_wconf 81' lang='lat' dir='ltr'>aequinoctium</span> <span class='ocrx_word' id='word_1_85' title='bbox 1399 845 1599 886; x_wconf 85' lang='lat' dir='ltr'>instabat:</span> 
     </span>
     <span class='ocr_line' id='line_1_18' title="bbox 242 907 1600 962; baseline -0.003 -9"><span class='ocrx_word' id='word_1_86' title='bbox 242 919 283 953; x_wconf 86' lang='lat' dir='ltr'>et</span> <span class='ocrx_word' id='word_1_87' title='bbox 319 919 382 952; x_wconf 88' lang='lat' dir='ltr'>est</span> <span class='ocrx_word' id='word_1_88' title='bbox 419 911 534 951; x_wconf 85' lang='lat' dir='ltr'>sinus</span> <span class='ocrx_word' id='word_1_89' title='bbox 572 909 806 958; x_wconf 86' lang='lat' dir='ltr'>Euboicus,</span> <span class='ocrx_word' id='word_1_90' title='bbox 845 923 967 961; x_wconf 89' lang='lat' dir='ltr'>quem</span> <span class='ocrx_word' id='word_1_91' title='bbox 1006 907 1137 949; x_wconf 89' lang='lat' dir='ltr'>Coela</span> <span class='ocrx_word' id='word_1_92' title='bbox 1172 915 1341 957; x_wconf 72' lang='lat' dir='ltr'>vocant,</span> <span class='ocrx_word' id='word_1_93' title='bbox 1381 915 1600 962; x_wconf 84' lang='lat' dir='ltr'>suspectus</span> 
     </span>
     <span class='ocr_line' id='line_1_19' title="bbox 241 970 1601 1026; baseline -0.004 -11"><span class='ocrx_word' id='word_1_94' title='bbox 241 974 392 1015; x_wconf 86' lang='lat' dir='ltr'>nautis.</span> <span class='ocrx_word' id='word_1_95' title='bbox 434 973 572 1026; x_wconf 87' lang='lat' dir='ltr'>itaque</span> <span class='ocrx_word' id='word_1_96' title='bbox 601 980 695 1012; x_wconf 88' lang='lat' dir='ltr'>ante</span> <span class='ocrx_word' id='word_1_97' title='bbox 722 971 919 1012; x_wconf 84' lang='lat' dir='ltr'>hiemales</span> <span class='ocrx_word' id='word_1_98' title='bbox 947 978 1082 1011; x_wconf 88' lang='lat' dir='ltr'>motus</span> <span class='ocrx_word' id='word_1_99' title='bbox 1110 970 1286 1011; x_wconf 82' lang='lat' dir='ltr'>evadere</span> <span class='ocrx_word' id='word_1_100' title='bbox 1311 970 1406 1011; x_wconf 89' lang='lat' dir='ltr'>inde</span> <span class='ocrx_word' id='word_1_101' title='bbox 1433 970 1601 1025; x_wconf 89' lang='lat' dir='ltr'>cupien-</span> 
     </span>
     <span class='ocr_line' id='line_1_20' title="bbox 242 1033 1599 1088; baseline -0.004 -11"><span class='ocrx_word' id='word_1_102' title='bbox 242 1046 304 1078; x_wconf 87' lang='lat' dir='ltr'>tes</span> <span class='ocrx_word' id='word_1_103' title='bbox 330 1036 571 1083; x_wconf 84' lang='lat' dir='ltr'>Piraeeum,</span> <span class='ocrx_word' id='word_1_104' title='bbox 608 1034 719 1074; x_wconf 89' lang='lat' dir='ltr'>unde</span> <span class='ocrx_word' id='word_1_105' title='bbox 750 1033 925 1088; x_wconf 86' lang='lat' dir='ltr'>profecti</span> <span class='ocrx_word' id='word_1_106' title='bbox 956 1033 1009 1073; x_wconf 86' lang='lat' dir='ltr'>ad</span> <span class='ocrx_word' id='word_1_107' title='bbox 1041 1033 1196 1073; x_wconf 87' lang='lat' dir='ltr'>bellum</span> <span class='ocrx_word' id='word_1_108' title='bbox 1223 1040 1358 1081; x_wconf 85' lang='lat' dir='ltr'>erant,</span> <span class='ocrx_word' id='word_1_109' title='bbox 1394 1039 1599 1087; x_wconf 87' lang='lat' dir='ltr'>repetunt.</span> 
     </span>
     <span class='ocr_line' id='line_1_21' title="bbox 242 1094 1601 1153; baseline -0.003 -15"><span class='ocrx_word' id='word_1_110' title='bbox 242 1098 449 1153; x_wconf 85' lang='lat' dir='ltr'>Apustius</span> <span class='ocrx_word' id='word_1_111' title='bbox 482 1097 651 1152; x_wconf 86' lang='lat' dir='ltr'>triginta</span> <span class='ocrx_word' id='word_1_112' title='bbox 681 1096 858 1136; x_wconf 72' lang='lat' dir='ltr'>navibus</span> <span class='ocrx_word' id='word_1_113' title='bbox 889 1095 946 1136; x_wconf 87' lang='lat' dir='ltr'>ibi</span> <span class='ocrx_word' id='word_1_114' title='bbox 976 1095 1130 1136; x_wconf 86' lang='lat' dir='ltr'>relictis</span> <span class='ocrx_word' id='word_1_115' title='bbox 1165 1110 1289 1149; x_wconf 89' lang='lat' dir='ltr'>super</span> <span class='ocrx_word' id='word_1_116' title='bbox 1313 1094 1500 1135; x_wconf 60' lang='lat' dir='ltr'>Blalcum</span> <span class='ocrx_word' id='word_1_117' title='bbox 1528 1109 1601 1134; x_wconf 89' lang='lat' dir='ltr'>na-</span> 
     </span>
     <span class='ocr_line' id='line_1_22' title="bbox 242 1157 1601 1214; baseline -0.004 -12"><span class='ocrx_word' id='word_1_118' title='bbox 242 1161 355 1214; x_wconf 71' lang='lat' dir='ltr'>vigat</span> <span class='ocrx_word' id='word_1_119' title='bbox 394 1159 635 1213; x_wconf 71' lang='lat' dir='ltr'>Corcyram.</span> <span class='ocrx_word' id='word_1_120' title='bbox 694 1174 837 1213; x_wconf 88' lang='lat' dir='ltr'>regem</span> <span class='ocrx_word' id='word_1_121' title='bbox 881 1166 1034 1199; x_wconf 87' lang='lat' dir='ltr'>statum</span> <span class='ocrx_word' id='word_1_122' title='bbox 1076 1158 1286 1199; x_wconf 88' lang='lat' dir='ltr'>initiorum</span> <span class='ocrx_word' id='word_1_123' title='bbox 1325 1157 1510 1207; x_wconf 87' lang='lat' dir='ltr'>Cereris,</span> <span class='ocrx_word' id='word_1_124' title='bbox 1555 1164 1601 1197; x_wconf 87' lang='lat' dir='ltr'>ut</span> 
     </span>
     <span class='ocr_line' id='line_1_23' title="bbox 243 1218 1599 1274; baseline -0.004 -11"><span class='ocrx_word' id='word_1_125' title='bbox 243 1223 371 1264; x_wconf 74' lang='lat' dir='ltr'>saci·Is</span> <span class='ocrx_word' id='word_1_126' title='bbox 398 1223 630 1270; x_wconf 81' lang='lat' dir='ltr'>interesset,</span> <span class='ocrx_word' id='word_1_127' title='bbox 658 1221 807 1270; x_wconf 83' lang='lat' dir='ltr'>tenuit3</span> <span class='ocrx_word' id='word_1_128' title='bbox 836 1221 1064 1261; x_wconf 86' lang='lat' dir='ltr'>secundum</span> <span class='ocrx_word' id='word_1_129' title='bbox 1090 1220 1206 1260; x_wconf 84' lang='lat' dir='ltr'>initia</span> <span class='ocrx_word' id='word_1_130' title='bbox 1226 1228 1266 1261; x_wconf 85' lang='lat' dir='ltr'>et</span> <span class='ocrx_word' id='word_1_131' title='bbox 1284 1220 1374 1274; x_wconf 89' lang='lat' dir='ltr'>ipse</span> <span class='ocrx_word' id='word_1_132' title='bbox 1394 1220 1436 1259; x_wconf 92' lang='lat' dir='ltr'>in</span> <span class='ocrx_word' id='word_1_133' title='bbox 1450 1218 1599 1259; x_wconf 86' lang='lat' dir='ltr'>Asiam</span> 
     </span>
     <span class='ocr_line' id='line_1_24' title="bbox 244 1281 1600 1339; baseline -0.004 -13"><span class='ocrx_word' id='word_1_134' title='bbox 244 1300 288 1326; x_wconf 86' lang='lat' dir='ltr'>se</span> <span class='ocrx_word' id='word_1_135' title='bbox 312 1284 466 1339; x_wconf 88' lang='lat' dir='ltr'>recepit</span> <span class='ocrx_word' id='word_1_136' title='bbox 482 1284 782 1338; x_wconf 78' lang='lat' dir='ltr'>Agesimbroto</span> <span class='ocrx_word' id='word_1_137' title='bbox 803 1290 840 1323; x_wconf 91' lang='lat' dir='ltr'>et</span> <span class='ocrx_word' id='word_1_138' title='bbox 862 1282 1037 1323; x_wconf 84' lang='lat' dir='ltr'>Rhodiis</span> <span class='ocrx_word' id='word_1_139' title='bbox 1065 1282 1233 1322; x_wconf 89' lang='lat' dir='ltr'>domum</span> <span class='ocrx_word' id='word_1_140' title='bbox 1258 1281 1457 1322; x_wconf 86' lang='lat' dir='ltr'>remissis.</span> <span class='ocrx_word' id='word_1_141' title='bbox 1496 1281 1600 1321; x_wconf 87' lang='lat' dir='ltr'>haec</span> 
     </span>
     <span class='ocr_line' id='line_1_25' title="bbox 243 1343 1598 1398; baseline -0.004 -10"><span class='ocrx_word' id='word_1_142' title='bbox 243 1362 292 1388; x_wconf 87' lang='lat' dir='ltr'>ea</span> <span class='ocrx_word' id='word_1_143' title='bbox 322 1355 480 1387; x_wconf 86' lang='lat' dir='ltr'>aestate</span> <span class='ocrx_word' id='word_1_144' title='bbox 513 1354 621 1386; x_wconf 84' lang='lat' dir='ltr'>terra</span> <span class='ocrx_word' id='word_1_145' title='bbox 652 1345 836 1398; x_wconf 89' lang='lat' dir='ltr'>marique</span> <span class='ocrx_word' id='word_1_146' title='bbox 869 1345 1069 1384; x_wconf 77' lang='lat' dir='ltr'>adversus</span> <span class='ocrx_word' id='word_1_147' title='bbox 1102 1343 1342 1398; x_wconf 87' lang='lat' dir='ltr'>Philippum</span> <span class='ocrx_word' id='word_1_148' title='bbox 1381 1343 1598 1396; x_wconf 89' lang='lat' dir='ltr'>sociosque</span> 
     </span>
     <span class='ocr_line' id='line_1_26' title="bbox 242 1405 1599 1461; baseline -0.002 -12"><span class='ocrx_word' id='word_1_149' title='bbox 242 1409 330 1449; x_wconf 88' lang='lat' dir='ltr'>eius</span> <span class='ocrx_word' id='word_1_150' title='bbox 370 1409 421 1448; x_wconf 90' lang='lat' dir='ltr'>ab</span> <span class='ocrx_word' id='word_1_151' title='bbox 459 1407 627 1448; x_wconf 88' lang='lat' dir='ltr'>consule</span> <span class='ocrx_word' id='word_1_152' title='bbox 665 1416 705 1447; x_wconf 91' lang='lat' dir='ltr'>et</span> <span class='ocrx_word' id='word_1_153' title='bbox 741 1407 880 1461; x_wconf 86' lang='lat' dir='ltr'>legato</span> <span class='ocrx_word' id='word_1_154' title='bbox 916 1406 1118 1447; x_wconf 83' lang='lat' dir='ltr'>Romanis</span> <span class='ocrx_word' id='word_1_155' title='bbox 1164 1405 1456 1446; x_wconf 74' lang='lat' dir='ltr'>adiuvantibus</span> <span class='ocrx_word' id='word_1_156' title='bbox 1500 1420 1599 1460; x_wconf 86' lang='lat' dir='ltr'>rege</span> 
     </span>
     <span class='ocr_line' id='line_1_27' title="bbox 242 1469 811 1523; baseline -0.005 -12"><span class='ocrx_word' id='word_1_157' title='bbox 242 1469 386 1511; x_wconf 87' lang='lat' dir='ltr'>Attalo</span> <span class='ocrx_word' id='word_1_158' title='bbox 413 1478 452 1510; x_wconf 89' lang='lat' dir='ltr'>et</span> <span class='ocrx_word' id='word_1_159' title='bbox 477 1469 653 1510; x_wconf 79' lang='lat' dir='ltr'>Rhodiis</span> <span class='ocrx_word' id='word_1_160' title='bbox 680 1476 811 1523; x_wconf 86' lang='lat' dir='ltr'>gesta.</span> 
     </span>
    </p>

    <p class='ocr_par' dir='ltr' id='par_1_9' title="bbox 240 1529 1601 2207">
     <span class='ocr_line' id='line_1_28' title="bbox 329 1529 1600 1573; baseline -0.003 0"><span class='ocrx_word' id='word_1_161' title='bbox 329 1532 490 1573; x_wconf 87' lang='lat' dir='ltr'>Consul</span> <span class='ocrx_word' id='word_1_162' title='bbox 522 1532 624 1572; x_wconf 85' lang='lat' dir='ltr'>alter</span> <span class='ocrx_word' id='word_1_163' title='bbox 657 1530 706 1572; x_wconf 88' lang='lat' dir='ltr'>C.</span> <span class='ocrx_word' id='word_1_164' title='bbox 738 1530 936 1571; x_wconf 71' lang='lat' dir='ltr'>Aurelius</span> <span class='ocrx_word' id='word_1_165' title='bbox 970 1530 1022 1570; x_wconf 87' lang='lat' dir='ltr'>ad</span> <span class='ocrx_word' id='word_1_166' title='bbox 1054 1530 1288 1570; x_wconf 86' lang='lat' dir='ltr'>confectum</span> <span class='ocrx_word' id='word_1_167' title='bbox 1320 1529 1475 1570; x_wconf 87' lang='lat' dir='ltr'>bellum</span> <span class='ocrx_word' id='word_1_168' title='bbox 1507 1543 1600 1569; x_wconf 86' lang='lat' dir='ltr'>cum</span> 
     </span>
     <span class='ocr_line' id='line_1_29' title="bbox 242 1591 1599 1649; baseline -0.003 -14"><span class='ocrx_word' id='word_1_169' title='bbox 242 1595 284 1635; x_wconf 88' lang='lat' dir='ltr'>in</span> <span class='ocrx_word' id='word_1_170' title='bbox 315 1594 574 1649; x_wconf 81' lang='lat' dir='ltr'>provinciam</span> <span class='ocrx_word' id='word_1_171' title='bbox 605 1593 806 1640; x_wconf 73' lang='lat' dir='ltr'>venisset,</span> <span class='ocrx_word' id='word_1_172' title='bbox 844 1592 954 1632; x_wconf 85' lang='lat' dir='ltr'>haud</span> <span class='ocrx_word' id='word_1_173' title='bbox 988 1592 1093 1632; x_wconf 88' lang='lat' dir='ltr'>clam</span> <span class='ocrx_word' id='word_1_174' title='bbox 1130 1591 1221 1631; x_wconf 91' lang='lat' dir='ltr'>tulit</span> <span class='ocrx_word' id='word_1_175' title='bbox 1257 1591 1361 1632; x_wconf 87' lang='lat' dir='ltr'>iram</span> <span class='ocrx_word' id='word_1_176' title='bbox 1399 1592 1599 1632; x_wconf 78' lang='lat' dir='ltr'>adversus</span> 
     </span>
     <span class='ocr_line' id='line_1_30' title="bbox 243 1652 1599 1710; baseline -0.003 -13"><span class='ocrx_word' id='word_1_177' title='bbox 243 1666 493 1710; x_wconf 86' lang='lat' dir='ltr'>praetorem,</span> <span class='ocrx_word' id='word_1_178' title='bbox 527 1655 638 1707; x_wconf 90' lang='lat' dir='ltr'>quod</span> <span class='ocrx_word' id='word_1_179' title='bbox 664 1655 834 1694; x_wconf 84' lang='lat' dir='ltr'>absente</span> <span class='ocrx_word' id='word_1_180' title='bbox 862 1669 905 1694; x_wconf 87' lang='lat' dir='ltr'>se</span> <span class='ocrx_word' id='word_1_181' title='bbox 930 1668 1018 1694; x_wconf 87' lang='lat' dir='ltr'>rem</span> <span class='ocrx_word' id='word_1_182' title='bbox 1043 1653 1259 1708; x_wconf 81' lang='lat' dir='ltr'>gessisset.</span> <span class='ocrx_word' id='word_1_183' title='bbox 1320 1653 1449 1694; x_wconf 88' lang='lat' dir='ltr'>misso</span> <span class='ocrx_word' id='word_1_184' title='bbox 1474 1652 1599 1707; x_wconf 86' lang='lat' dir='ltr'>igitur</span> 
     </span>
     <span class='ocr_line' id='line_1_31' title="bbox 242 1715 1601 1771; baseline -0.002 -13"><span class='ocrx_word' id='word_1_185' title='bbox 242 1734 291 1759; x_wconf 91' lang='lat' dir='ltr'>eo</span> <span class='ocrx_word' id='word_1_186' title='bbox 322 1719 364 1757; x_wconf 88' lang='lat' dir='ltr'>in</span> <span class='ocrx_word' id='word_1_187' title='bbox 394 1718 606 1757; x_wconf 87' lang='lat' dir='ltr'>Etruriam</span> <span class='ocrx_word' id='word_1_188' title='bbox 637 1717 726 1771; x_wconf 84' lang='lat' dir='ltr'>ipse</span> <span class='ocrx_word' id='word_1_189' title='bbox 758 1717 800 1756; x_wconf 93' lang='grc'>111</span> <span class='ocrx_word' id='word_1_190' title='bbox 832 1731 977 1771; x_wconf 88' lang='lat' dir='ltr'>agrum</span> <span class='ocrx_word' id='word_1_191' title='bbox 1009 1716 1192 1756; x_wconf 88' lang='lat' dir='ltr'>hostium</span> <span class='ocrx_word' id='word_1_192' title='bbox 1223 1715 1409 1770; x_wconf 84' lang='lat' dir='ltr'>legiones</span> <span class='ocrx_word' id='word_1_193' title='bbox 1440 1715 1601 1756; x_wconf 75' lang='lat' dir='ltr'>induxit</span> 
     </span>
     <span class='ocr_line' id='line_1_32' title="bbox 240 1778 1599 1834; baseline -0.002 -14"><span class='ocrx_word' id='word_1_194' title='bbox 240 1780 561 1834; x_wconf 84' lang='lat' dir='ltr'>populandoque</span> <span class='ocrx_word' id='word_1_195' title='bbox 599 1793 693 1819; x_wconf 88' lang='lat' dir='ltr'>cum</span> <span class='ocrx_word' id='word_1_196' title='bbox 728 1779 884 1833; x_wconf 88' lang='lat' dir='ltr'>praeda</span> <span class='ocrx_word' id='word_1_197' title='bbox 920 1778 1076 1819; x_wconf 86' lang='lat' dir='ltr'>maiore</span> <span class='ocrx_word' id='word_1_198' title='bbox 1114 1793 1239 1831; x_wconf 87' lang='lat' dir='ltr'>quam</span> <span class='ocrx_word' id='word_1_199' title='bbox 1275 1778 1408 1832; x_wconf 91' lang='lat' dir='ltr'>gloria</span> <span class='ocrx_word' id='word_1_200' title='bbox 1443 1778 1599 1819; x_wconf 88' lang='lat' dir='ltr'>bellum</span> 
     </span>
     <span class='ocr_line' id='line_1_33' title="bbox 242 1839 1600 1897; baseline -0.002 -14"><span class='ocrx_word' id='word_1_201' title='bbox 242 1843 385 1897; x_wconf 80' lang='lat' dir='ltr'>gessit.</span> <span class='ocrx_word' id='word_1_202' title='bbox 446 1842 499 1882; x_wconf 91' lang='lat' dir='ltr'>L.</span> <span class='ocrx_word' id='word_1_203' title='bbox 526 1841 697 1890; x_wconf 85' lang='lat' dir='ltr'>Furius,</span> <span class='ocrx_word' id='word_1_204' title='bbox 737 1841 859 1882; x_wconf 89' lang='lat' dir='ltr'>simul</span> <span class='ocrx_word' id='word_1_205' title='bbox 885 1842 995 1894; x_wconf 90' lang='lat' dir='ltr'>quod</span> <span class='ocrx_word' id='word_1_206' title='bbox 1026 1841 1067 1881; x_wconf 91' lang='lat' dir='ltr'>in</span> <span class='ocrx_word' id='word_1_207' title='bbox 1092 1841 1261 1882; x_wconf 82' lang='lat' dir='ltr'>Etruria</span> <span class='ocrx_word' id='word_1_208' title='bbox 1292 1841 1394 1881; x_wconf 89' lang='lat' dir='ltr'>nihil</span> <span class='ocrx_word' id='word_1_209' title='bbox 1425 1847 1513 1881; x_wconf 88' lang='lat' dir='ltr'>erat</span> <span class='ocrx_word' id='word_1_210' title='bbox 1542 1839 1600 1880; x_wconf 91' lang='lat' dir='ltr'>rei</span> 
     </span>
     <span class='ocr_line' id='line_1_34' title="bbox 242 1902 1599 1960; baseline -0.003 -15"><span class='ocrx_word' id='word_1_211' title='bbox 242 1905 354 1958; x_wconf 87' lang='lat' dir='ltr'>quod</span> <span class='ocrx_word' id='word_1_212' title='bbox 385 1912 565 1960; x_wconf 84' lang='lat' dir='ltr'>gereret,</span> <span class='ocrx_word' id='word_1_213' title='bbox 599 1904 720 1944; x_wconf 88' lang='lat' dir='ltr'>simul</span> <span class='ocrx_word' id='word_1_214' title='bbox 747 1903 908 1945; x_wconf 87' lang='lat' dir='ltr'>Gallico</span> <span class='ocrx_word' id='word_1_215' title='bbox 941 1903 1149 1958; x_wconf 88' lang='lat' dir='ltr'>triumpho</span> <span class='ocrx_word' id='word_1_216' title='bbox 1180 1903 1404 1952; x_wconf 87' lang='lat' dir='ltr'>imninens,</span> <span class='ocrx_word' id='word_1_217' title='bbox 1440 1902 1599 1955; x_wconf 88' lang='lat' dir='ltr'>(quem)</span> 
     </span>
     <span class='ocr_line' id='line_1_35' title="bbox 244 1964 1598 2019; baseline -0.002 -12"><span class='ocrx_word' id='word_1_218' title='bbox 244 1967 415 2008; x_wconf 85' lang='lat' dir='ltr'>absente</span> <span class='ocrx_word' id='word_1_219' title='bbox 447 1967 616 2008; x_wconf 91' lang='lat' dir='ltr'>consule</span> <span class='ocrx_word' id='word_1_220' title='bbox 647 1966 750 2007; x_wconf 89' lang='lat' dir='ltr'>irato</span> <span class='ocrx_word' id='word_1_221' title='bbox 784 1975 906 2018; x_wconf 87' lang='lat' dir='ltr'>atque</span> <span class='ocrx_word' id='word_1_222' title='bbox 943 1965 1153 2006; x_wconf 76' lang='lat' dir='ltr'>invidente</span> <span class='ocrx_word' id='word_1_223' title='bbox 1190 1965 1352 2005; x_wconf 88' lang='lat' dir='ltr'>facilius</span> <span class='ocrx_word' id='word_1_224' title='bbox 1389 1964 1598 2019; x_wconf 87' lang='lat' dir='ltr'>impetrari</span> 
     </span>
     <span class='ocr_line' id='line_1_36' title="bbox 242 2025 1598 2083; baseline -0.003 -14"><span class='ocrx_word' id='word_1_225' title='bbox 242 2044 367 2083; x_wconf 86' lang='lat' dir='ltr'>posse</span> <span class='ocrx_word' id='word_1_226' title='bbox 392 2038 521 2077; x_wconf 87' lang='lat' dir='ltr'>ratus,</span> <span class='ocrx_word' id='word_1_227' title='bbox 547 2029 728 2070; x_wconf 80' lang='lat' dir='ltr'>Romam</span> <span class='ocrx_word' id='word_1_228' title='bbox 753 2028 965 2082; x_wconf 86' lang='lat' dir='ltr'>inopinato</span> <span class='ocrx_word' id='word_1_229' title='bbox 992 2042 1086 2067; x_wconf 89' lang='lat' dir='ltr'>cum</span> <span class='ocrx_word' id='word_1_230' title='bbox 1113 2027 1314 2076; x_wconf 81' lang='lat' dir='ltr'>venisset,</span> <span class='ocrx_word' id='word_1_231' title='bbox 1343 2036 1532 2067; x_wconf 86' lang='lat' dir='ltr'>senatum</span> <span class='ocrx_word' id='word_1_232' title='bbox 1557 2025 1598 2065; x_wconf 89' lang='lat' dir='ltr'>in</span> 
     </span>
     <span class='ocr_line' id='line_1_37' title="bbox 243 2088 1599 2144; baseline -0.003 -13"><span class='ocrx_word' id='word_1_233' title='bbox 243 2091 343 2131; x_wconf 89' lang='lat' dir='ltr'>aede</span> <span class='ocrx_word' id='word_1_234' title='bbox 363 2091 564 2131; x_wconf 84' lang='lat' dir='ltr'>Bellonae</span> <span class='ocrx_word' id='word_1_235' title='bbox 590 2090 747 2139; x_wconf 84' lang='lat' dir='ltr'>habuit,</span> <span class='ocrx_word' id='word_1_236' title='bbox 775 2089 1055 2144; x_wconf 78' lang='lat' dir='ltr'>expositisque</span> <span class='ocrx_word' id='word_1_237' title='bbox 1080 2090 1203 2129; x_wconf 87' lang='lat' dir='ltr'>rebus</span> <span class='ocrx_word' id='word_1_238' title='bbox 1229 2088 1359 2143; x_wconf 80' lang='lat' dir='ltr'>gestis</span> <span class='ocrx_word' id='word_1_239' title='bbox 1385 2095 1431 2128; x_wconf 87' lang='lat' dir='ltr'>ut</span> <span class='ocrx_word' id='word_1_240' title='bbox 1456 2088 1599 2128; x_wconf 90' lang='lat' dir='ltr'>trium-</span> 
     </span>
     <span class='ocr_line' id='line_1_38' title="bbox 240 2151 1196 2207; baseline -0.002 -14"><span class='ocrx_word' id='word_1_241' title='bbox 240 2153 385 2207; x_wconf 87' lang='lat' dir='ltr'>phanti</span> <span class='ocrx_word' id='word_1_242' title='bbox 413 2153 491 2193; x_wconf 85' lang='lat' dir='ltr'>sibi</span> <span class='ocrx_word' id='word_1_243' title='bbox 516 2153 557 2193; x_wconf 86' lang='lat' dir='ltr'>in</span> <span class='ocrx_word' id='word_1_244' title='bbox 582 2154 727 2193; x_wconf 83' lang='lat' dir='ltr'>urbem</span> <span class='ocrx_word' id='word_1_245' title='bbox 752 2152 892 2192; x_wconf 71' lang='lat' dir='ltr'>invehi</span> <span class='ocrx_word' id='word_1_246' title='bbox 916 2152 1058 2192; x_wconf 86' lang='lat' dir='ltr'>liceret</span> <span class='ocrx_word' id='word_1_247' title='bbox 1082 2151 1196 2206; x_wconf 88' lang='lat' dir='ltr'>petit.</span> 
     </span>
    </p>

    <p class='ocr_par' dir='ltr' id='par_1_10' title="bbox 241 2211 1600 2519">
     <span class='ocr_line' id='line_1_39' title="bbox 327 2211 1600 2269; baseline -0.004 -14"><span class='ocrx_word' id='word_1_248' title='bbox 327 2215 650 2257; x_wconf 80' lang='lat' dir='ltr'>XXXXVHI.</span> <span class='ocrx_word' id='word_1_249' title='bbox 676 2216 795 2269; x_wconf 87' lang='lat' dir='ltr'>Aput</span> <span class='ocrx_word' id='word_1_250' title='bbox 813 2229 1009 2267; x_wconf 84' lang='lat' dir='ltr'>magnam</span> <span class='ocrx_word' id='word_1_251' title='bbox 1024 2220 1184 2268; x_wconf 89' lang='lat' dir='ltr'>partem</span> <span class='ocrx_word' id='word_1_252' title='bbox 1201 2219 1368 2253; x_wconf 89' lang='lat' dir='ltr'>senatus</span> <span class='ocrx_word' id='word_1_253' title='bbox 1385 2220 1425 2252; x_wconf 87' lang='lat' dir='ltr'>et</span> <span class='ocrx_word' id='word_1_254' title='bbox 1438 2211 1600 2265; x_wconf 86' lang='lat' dir='ltr'>magni-</span> 
     </span>
     <span class='ocr_line' id='line_1_40' title="bbox 245 2274 1599 2332; baseline -0.002 -16"><span class='ocrx_word' id='word_1_255' title='bbox 245 2277 383 2318; x_wconf 87' lang='lat' dir='ltr'>tudine</span> <span class='ocrx_word' id='word_1_256' title='bbox 416 2293 553 2318; x_wconf 85' lang='lat' dir='ltr'>rerum</span> <span class='ocrx_word' id='word_1_257' title='bbox 587 2286 799 2332; x_wconf 88' lang='lat' dir='ltr'>gestarum</span> <span class='ocrx_word' id='word_1_258' title='bbox 833 2277 998 2317; x_wconf 70' lang='lat' dir='ltr'>valebat</span> <span class='ocrx_word' id='word_1_259' title='bbox 1024 2284 1063 2317; x_wconf 88' lang='lat' dir='ltr'>et</span> <span class='ocrx_word' id='word_1_260' title='bbox 1089 2275 1234 2330; x_wconf 86' lang='lat' dir='ltr'>gratia.</span> <span class='ocrx_word' id='word_1_261' title='bbox 1296 2274 1473 2315; x_wconf 87' lang='lat' dir='ltr'>maiores</span> <span class='ocrx_word' id='word_1_262' title='bbox 1499 2280 1599 2313; x_wconf 90' lang='lat' dir='ltr'>natu</span> 
     </span>
     <span class='ocr_line' id='line_1_41' title="bbox 241 2337 1598 2394; baseline -0.002 -16"><span class='ocrx_word' id='word_1_263' title='bbox 241 2340 450 2393; x_wconf 77' lang='lat' dir='ltr'>negabant</span> <span class='ocrx_word' id='word_1_264' title='bbox 482 2340 755 2394; x_wconf 78' lang='lat' dir='ltr'>triumphum,</span> <span class='ocrx_word' id='word_1_265' title='bbox 794 2347 834 2380; x_wconf 84' lang='lat' dir='ltr'>et</span> <span class='ocrx_word' id='word_1_266' title='bbox 865 2339 976 2392; x_wconf 90' lang='lat' dir='ltr'>quod</span> <span class='ocrx_word' id='word_1_267' title='bbox 1008 2338 1142 2378; x_wconf 89' lang='lat' dir='ltr'>alieno</span> <span class='ocrx_word' id='word_1_268' title='bbox 1174 2337 1355 2378; x_wconf 82' lang='lat' dir='ltr'>exercitu</span> <span class='ocrx_word' id='word_1_269' title='bbox 1385 2351 1473 2378; x_wconf 88' lang='lat' dir='ltr'>rem</span> <span class='ocrx_word' id='word_1_270' title='bbox 1504 2350 1598 2389; x_wconf 87' lang='lat' dir='ltr'>ges-</span> 
     </span>
     <span class='ocr_line' id='line_1_42' title="bbox 245 2397 1598 2457; baseline -0.002 -17"><span class='ocrx_word' id='word_1_271' title='bbox 245 2401 366 2441; x_wconf 80' lang='lat' dir='ltr'>sisset</span> <span class='ocrx_word' id='word_1_272' title='bbox 399 2410 437 2442; x_wconf 88' lang='lat' dir='ltr'>et</span> <span class='ocrx_word' id='word_1_273' title='bbox 469 2403 578 2454; x_wconf 89' lang='lat' dir='ltr'>quod</span> <span class='ocrx_word' id='word_1_274' title='bbox 609 2402 862 2457; x_wconf 75' lang='lat' dir='ltr'>provinciam</span> <span class='ocrx_word' id='word_1_275' title='bbox 895 2401 1131 2454; x_wconf 87' lang='lat' dir='ltr'>reliquisset</span> <span class='ocrx_word' id='word_1_276' title='bbox 1162 2399 1385 2454; x_wconf 87' lang='lat' dir='ltr'>cupiditate</span> <span class='ocrx_word' id='word_1_277' title='bbox 1410 2397 1598 2453; x_wconf 85' lang='lat' dir='ltr'>rapiendi</span> 
     </span>
     <span class='ocr_line' id='line_1_43' title="bbox 243 2459 1599 2519; baseline -0.001 -18"><span class='ocrx_word' id='word_1_278' title='bbox 243 2477 315 2515; x_wconf 88' lang='lat' dir='ltr'>per</span> <span class='ocrx_word' id='word_1_279' title='bbox 341 2463 601 2504; x_wconf 89' lang='lat' dir='ltr'>occasionem</span> <span class='ocrx_word' id='word_1_280' title='bbox 626 2464 842 2519; x_wconf 89' lang='lat' dir='ltr'>triumphi:</span> <span class='ocrx_word' id='word_1_281' title='bbox 873 2463 916 2503; x_wconf 89' lang='lat' dir='ltr'>id</span> <span class='ocrx_word' id='word_1_282' title='bbox 941 2478 1038 2504; x_wconf 80' lang='lat' dir='ltr'>vero</span> <span class='ocrx_word' id='word_1_283' title='bbox 1065 2478 1159 2503; x_wconf 90' lang='lat' dir='ltr'>eum</span> <span class='ocrx_word' id='word_1_284' title='bbox 1184 2462 1296 2502; x_wconf 90' lang='lat' dir='ltr'>nullo</span> <span class='ocrx_word' id='word_1_285' title='bbox 1323 2460 1511 2514; x_wconf 80' lang='lat' dir='ltr'>exemplo</span> <span class='ocrx_word' id='word_1_286' title='bbox 1538 2459 1599 2500; x_wconf 92' lang='lat' dir='ltr'>fe-</span> 
     </span>
    </p>
   </div>
   <div class='ocr_carea' id='block_1_8' title="bbox 200 2522 1597 2642">
    <p class='ocr_par' dir='ltr' id='par_1_11' title="bbox 200 2522 1597 2642">
     <span class='ocr_line' id='line_1_44' title="bbox 200 2522 1596 2581; baseline -0.001 -19"><span class='ocrx_word' id='word_1_287' title='bbox 200 2534 218 2561; x_wconf 81' lang='lat'>3</span> <span class='ocrx_word' id='word_1_288' title='bbox 245 2523 363 2564; x_wconf 87' lang='lat' dir='ltr'>cisse.</span> <span class='ocrx_word' id='word_1_289' title='bbox 402 2526 639 2566; x_wconf 88' lang='lat' dir='ltr'>consulares</span> <span class='ocrx_word' id='word_1_290' title='bbox 661 2526 882 2581; x_wconf 85' lang='lat' dir='ltr'>praecipue</span> <span class='ocrx_word' id='word_1_291' title='bbox 903 2525 1208 2580; x_wconf 80' lang='lat' dir='ltr'>expectandum</span> <span class='ocrx_word' id='word_1_292' title='bbox 1229 2524 1358 2564; x_wconf 84' lang='lat' dir='ltr'>fuisse</span> <span class='ocrx_word' id='word_1_293' title='bbox 1385 2522 1596 2563; x_wconf 89' lang='lat' dir='ltr'>consulem</span> 
     </span>
     <span class='ocr_line' id='line_1_45' title="bbox 200 2585 1597 2642; baseline 0 -19"><span class='ocrx_word' id='word_1_294' title='bbox 200 2595 218 2623; x_wconf 83' lang='lat'>4</span> <span class='ocrx_word' id='word_1_295' title='bbox 246 2586 486 2626; x_wconf 86' lang='lat' dir='ltr'>censebant:</span> <span class='ocrx_word' id='word_1_296' title='bbox 520 2588 705 2640; x_wconf 87' lang='lat' dir='ltr'>potuisse</span> <span class='ocrx_word' id='word_1_297' title='bbox 732 2589 841 2629; x_wconf 88' lang='lat' dir='ltr'>enim</span> <span class='ocrx_word' id='word_1_298' title='bbox 866 2588 1012 2629; x_wconf 85' lang='lat' dir='ltr'>castris</span> <span class='ocrx_word' id='word_1_299' title='bbox 1037 2603 1166 2642; x_wconf 89' lang='lat' dir='ltr'>prope</span> <span class='ocrx_word' id='word_1_300' title='bbox 1191 2588 1336 2628; x_wconf 89' lang='lat' dir='ltr'>urbem</span> <span class='ocrx_word' id='word_1_301' title='bbox 1362 2585 1508 2641; x_wconf 90' lang='lat' dir='ltr'>positis</span> <span class='ocrx_word' id='word_1_302' title='bbox 1534 2592 1597 2624; x_wconf 85' lang='lat' dir='ltr'>tu-</span> 
     </span>
    </p>
   </div>
   <div class='ocr_carea' id='block_1_9' title="bbox 245 2646 1596 2698">
    <p class='ocr_par' dir='ltr' id='par_1_12' title="bbox 245 2646 1596 2698">
     <span class='ocr_line' id='line_1_46' title="bbox 245 2646 1596 2698; baseline -0.001 -13"><span class='ocrx_word' id='word_1_303' title='bbox 245 2646 368 2686; x_wconf 87' lang='lat' dir='ltr'>tanda</span> <span class='ocrx_word' id='word_1_304' title='bbox 401 2647 558 2688; x_wconf 86' lang='lat' dir='ltr'>colonia</span> <span class='ocrx_word' id='word_1_305' title='bbox 591 2648 666 2698; x_wconf 85' lang='lat' dir='ltr'>ita,</span> <span class='ocrx_word' id='word_1_306' title='bbox 706 2657 750 2689; x_wconf 88' lang='lat' dir='ltr'>ut</span> <span class='ocrx_word' id='word_1_307' title='bbox 780 2649 867 2690; x_wconf 87' lang='lat' dir='ltr'>acic</span> <span class='ocrx_word' id='word_1_308' title='bbox 897 2665 980 2691; x_wconf 89' lang='lat' dir='ltr'>non</span> <span class='ocrx_word' id='word_1_309' title='bbox 1011 2649 1267 2697; x_wconf 86' lang='lat' dir='ltr'>decerneret,</span> <span class='ocrx_word' id='word_1_310' title='bbox 1305 2648 1347 2688; x_wconf 91' lang='lat' dir='ltr'>in</span> <span class='ocrx_word' id='word_1_311' title='bbox 1373 2647 1596 2687; x_wconf 78' lang='lat' dir='ltr'>adventum</span> 
     </span>
    </p>
   </div>
  </div>
 </body>
</html>
