1799 2900
429 152 583 187 LIBER
607 152 779 197 xxxx,
805 153 860 188 26.
881 153 938 187 27.
968 155 1017 197 [a.
1033 151 1167 196 0181]
1394 143 1476 184 447

120 264 289 300 ornatae
315 263 412 297 sunt
435 256 726 309 Matienoque‚
765 257 881 298 cuius
913 256 967 297 ad
993 255 1199 297 Gallicum
1226 256 1361 297 sinum
1384 270 1482 311 pro—

120 320 257 361 vincia
292 327 396 368 erat,
441 319 689 373 imperatum
726 325 807 368 est,
851 326 897 359 ut
932 319 1109 360 classem
1146 319 1279 374 primo
1316 333 1480 372 quoque

121 389 305 435 tempore
338 381 509 420 duceret
538 380 580 420 in
606 380 813 435 Ligurum
845 395 978 429 oram,
1017 380 1052 421 si
1082 395 1163 434 quo
1189 380 1283 421 usui
1309 395 1401 422 esse
1425 380 1480 421 L.

120 442 301 484 Aemilio
327 450 450 495 atque
477 442 676 482 exercitui
702 443 789 483 eius
815 449 971 497 posset.

204 504 404 547 XXVII.
464 505 691 554 Aemilius,
729 514 952 559 postquam
989 504 1091 545 nihil
1125 519 1305 559 usquam
1341 505 1483 546 auxilii
1509 517 1523 546 1

120 567 437 616 ostendebatur,
475 567 727 622 interceptos
754 568 926 609 credens
954 568 1133 621 equiteS,
1164 583 1248 608 non
1271 568 1379 609 ultra
1405 568 1484 608 dif-

120 630 339 670 ferendum
363 637 497 679 ratus,
535 629 633 682 quin
659 645 732 684 per
759 645 802 670 sc
834 630 1043 671 fortunam
1074 637 1312 684 temptaret,
1349 629 1483 685 prius-

121 705 246 744 quam
270 691 412 732 hostes
439 691 645 740 venirent,
683 691 753 744 qui
777 693 860 732 iam
893 692 1061 746 segnius
1089 691 1385 745 socordiusque
1410 692 1484 733 ob-

121 754 383 808 pugnabant,
424 754 476 794 ad
512 760 706 806 quattuor
743 762 883 808 portas
923 754 1149 794 exercitum
1186 753 1398 802 instruxit,
1438 761 1484 793 ut

122 815 241 869 signo
273 816 369 856 dato
404 815 526 856 simul
558 830 609 856 cx
641 816 832 856 omnibus
863 816 1051 871 partibus
1084 817 1342 870 eruptionem
1373 816 1485 856 face-

1509 764 1526 792 2

120 884 224 917 rent.
286 885 479 930 quattuor
516 878 853 918 extraordinariis
889 878 1128 918 cohortibus
1160 878 1264 918 duas
1297 878 1484 918 adiunxit
1511 887 1528 916 3

121 940 359 994 praeposito
395 939 455 980 M.
492 940 662 982 Valerio
698 940 857 994 legato,
907 955 1122 995 erumpere
1159 939 1485 981 extraordinaria

121 1011 241 1055 porta
278 1001 411 1041 iussit.
473 1002 526 1042 ad
563 1002 751 1042 dextram
787 1002 1058 1056 principalem
1089 1002 1276 1042 hastatos
1308 1001 1483 1056 legionis
1509 1014 1528 1043 4

121 1063 278 1118 primae
303 1063 516 1113 instruxit3
548 1064 756 1119 principes
783 1079 835 1104 ex
860 1065 1006 1105 eadem
1030 1064 1194 1118 legione
1220 1064 1262 1103 in
1289 1063 1484 1104 subsidiis

121 1125 277 1180 posuit3
314 1125 377 1167 M.
406 1124 608 1166 Servilius
641 1134 682 1166 et
706 1126 759 1166 L.
788 1125 997 1180 Sulpicius
1031 1125 1184 1166 tribuni
1213 1126 1391 1166 militum
1421 1125 1485 1165 his

121 1187 359 1242 praepositi.
425 1188 545 1228 tertia
582 1188 692 1242 legio
730 1188 930 1228 adversus
967 1188 1239 1242 principalem
1277 1188 1485 1228 sinistram
1512 1200 1531 1228 5

122 1256 283 1303 portam
301 1249 501 1289 instructa
522 1258 597 1290 est.
641 1249 684 1289 id
703 1256 863 1290 tantum
885 1257 1109 1297 mutatum,
1135 1250 1344 1304 principes
1365 1249 1486 1304 primi
1513 1262 1529 1291 6

123 1319 163 1351 et
187 1310 338 1351 hastati
363 1310 407 1350 in
432 1311 628 1351 subsidiis
648 1311 791 1359 locati3
821 1310 921 1352 Sex.
942 1312 1073 1351 Iulius
1096 1310 1255 1352 Caesar
1275 1319 1315 1351 et
1328 1311 1381 1352 L.
1396 1312 1488 1351 Au-

121 1372 246 1413 relius
274 1371 399 1413 Cotta
425 1373 579 1413 tribuni
609 1373 787 1414 militum
819 1373 915 1414 huic
940 1374 1094 1428 legioni
1125 1373 1352 1428 praepositi
1378 1382 1487 1414 sunt.

123 1434 176 1486 Q.
201 1434 376 1475 Fulvius
400 1435 579 1476 Flaccus
610 1436 773 1491 legatus
806 1450 900 1476 cum
937 1436 1083 1476 dextra
1115 1436 1180 1476 ala
1210 1437 1263 1476 ad
1295 1444 1489 1489 quaesto-

122 1497 225 1537 riam
250 1505 412 1552 portam
437 1497 618 1551 positus3
663 1499 768 1538 duae
795 1498 985 1539 cohortes
1012 1506 1052 1539 et
1077 1498 1205 1539 triarii
1231 1499 1406 1539 duarum
1431 1499 1489 1539 le-

1515 1447 1530 1476 7

124 1559 295 1613 gionum
331 1559 373 1599 in
415 1560 624 1614 praesidio
669 1575 837 1600 manere
881 1567 1110 1601 castrorum
1154 1560 1270 1601 iussi.
1343 1575 1487 1601 omnes
1514 1571 1533 1600 8

123 1629 264 1675 portas
296 1621 657 1662 contionabundus
689 1622 778 1677 ipse
809 1622 1036 1676 imperator
1066 1622 1285 1670 circumiit,
1329 1629 1369 1662 et
1401 1621 1490 1674 qui-

125 1684 380 1736 buscumque
400 1683 666 1724 irritamentis
688 1692 849 1738 poterat.
871 1684 953 1724 iras
973 1683 1150 1724 militum
1170 1684 1358 1733 acucbat,
1378 1698 1488 1724 nunc
1515 1695 1531 1723 9

121 1745 315 1786 fraudem
336 1745 517 1786 hostium
542 1746 757 1795 incusans,
784 1746 854 1799 qui
874 1760 976 1801 pace
997 1746 1145 1800 petita,
1171 1746 1340 1787 indutiis
1367 1745 1488 1795 datis,

124 1823 198 1862 per
216 1809 354 1862 ipsum
374 1808 626 1849 indutiarum
646 1817 808 1864 tempus
831 1817 974 1849 contra
992 1808 1056 1849 ius
1077 1809 1261 1863 gentium
1283 1808 1336 1848 ad
1355 1817 1490 1849 castra

126 1871 407 1925 obpugnanda
433 1871 665 1919 venissent,
692 1885 802 1911 nunc
822 1879 1001 1924 quantus
1022 1871 1156 1926 pudor
1176 1884 1289 1911 esset
1309 1871 1488 1912 edocens

126 1933 178 1973 ab
193 1933 442 1987 Liguribus,
469 1933 699 1974 latronibus
726 1933 864 1974 verius
892 1947 1016 1986 quam
1036 1932 1225 1973 hostibus
1246 1932 1378 1981 iustis,
1404 1932 1491 1972 Ro-

126 2010 296 2035 manum
322 1994 548 2036 exercitum
575 1995 769 2036 obsideri.
826 1999 926 2048 ‘quo
952 2009 1021 2035 ore
1047 1994 1266 2047 quisquam
1291 1997 1488 2042 vestrim,

128 2056 163 2097 si
187 2057 282 2096 hinc
307 2057 441 2098 alieno
466 2057 693 2112 praesidio,
719 2072 803 2098 non
828 2064 967 2097 vestra
992 2055 1142 2097 virtute
1163 2055 1391 2104 evaseritis,
1419 2056 1492 2096 ob-

128 2126 281 2166 curret,
307 2134 392 2159 non
417 2119 509 2160 dieo
536 2119 594 2160 eis
620 2120 839 2165 militibus,
873 2119 942 2172 qui
968 2118 1268 2166 Hannibalem,
1295 2117 1366 2170 qui
1389 2117 1492 2158 Phi-

128 2180 305 2235 lippum,
344 2180 412 2234 qui
442 2181 718 2229 Antiochum,
757 2180 960 2221 maximos
993 2180 1140 2221 aetatis
1172 2188 1338 2220 nostrae
1368 2194 1490 2234 reges

130 2242 357 2295 ducesque,
394 2242 600 2292 vicerunt,
639 2244 714 2284 sed
744 2243 812 2291 iis,
851 2243 921 2296 qui
952 2242 1028 2283 hos
1059 2242 1172 2297 ipsos
1204 2242 1387 2296 Ligures
1419 2241 1492 2281 ali-

130 2305 319 2359 quotiens
345 2320 541 2360 peeorum
573 2306 696 2347 modo
727 2306 934 2360 fugientes
966 2320 1041 2360 per
1073 2305 1203 2345 saltus
1234 2304 1368 2344 invios
1395 2318 1490 2344 con-

132 2368 277 2409 sectati
303 2367 566 2408 ceciderunt?
603 2368 714 2421 quod
738 2367 938 2422 Hispani,
966 2368 1076 2420 quod
1103 2366 1234 2415 Galli,
1262 2366 1373 2419 quod
1397 2365 1493 2405 Ma-

131 2431 309 2471 cedones
333 2429 520 2471 Poenive
545 2445 630 2471 non
656 2430 855 2479 audeant,
894 2429 1143 2484 Ligustinus
1175 2428 1306 2469 hostis
1337 2427 1491 2468 vallum

129 2493 366 2534 Romanum
392 2493 521 2541 subit,
561 2491 722 2533 obsidet
748 2491 855 2532 ultro
887 2497 927 2532 et
960 2492 1191 2545 obpugnat,
1230 2504 1352 2543 quem
1379 2504 1492 2530 scru-

130 2563 263 2595 tantes
301 2562 396 2596 ante
433 2554 575 2595 devios
615 2554 744 2594 saltus
787 2553 973 2593 abditum
1011 2560 1050 2594 et
1086 2553 1282 2593 latentem
1324 2551 1394 2592 vix
1430 2551 1491 2591 in-

130 2615 426 2658 veniebamus)
500 2616 552 2656 ad
589 2616 692 2657 haec
728 2615 991 2656 consentiens
1029 2614 1279 2655 reddebatur
1313 2613 1491 2654 militum

1518 1883 1557 1911 10

1520 2007 1551 2034 11

1520 2377 1558 2406 13

1521 2627 1558 2655 14
