1799 2900
498 118 654 152 LIBER
678 118 880 164 XXXVII,
905 118 1004 153 5-7.
1033 118 1231 162 [a.c.190]
1455 100 1537 150 ’263

188 223 429 276 obpugnare
454 221 598 261 urbem
624 228 687 261 est
712 221 893 262 adortus.
942 222 1128 276 pluribus
1156 221 1277 262 simul
1302 219 1402 261 10015
1428 218 1534 260 aries

188 284 505 330 admovebatur,
544 290 702 323 etcum
735 291 999 335 quaterentur
1035 283 1159 332 muri,
1197 283 1297 323 nihil
1336 283 1535 322 adversus

188 346 269 387 tale
294 344 610 385 machinationis
636 360 768 400 genus
794 361 939 399 parare
966 354 1035 386 aut
1060 344 1316 387 comminisci
1342 343 1534 399 oppidani

189 409 456 449 conabantur.
518 406 650 447 omnis
684 422 779 462 spes
810 407 851 447 in
884 408 1006 448 armis
1034 416 1074 448 et
1104 407 1277 448 audacia
1309 417 1414 455 erat3
1447 419 1538 445 eru-

188 469 398 524 ptionibus
431 469 584 509 crebris
617 475 657 509 et
688 469 886 509 stationes
919 470 1099 509 hostium
1131 478 1172 510 et
1203 484 1273 509 005
1306 468 1438 524 ipsos,
1470 465 1540 520 qui

191 531 298 571 circa
323 545 448 585 opera
473 539 511 570 et
538 530 863 571 machinationes
891 539 1019 579 erant,
1045 531 1279 571 turbabant.

274 594 352 635 VI.
400 592 548 633 Multis
581 601 717 632 tamen
756 593 856 633 locis
897 594 1097 643 decussus
1128 608 1270 633 murus
1303 598 1408 640 erat,
1447 605 1539 631 cum

190 655 373 695 adlatum
412 662 493 703 est,
533 669 815 695 successorem
846 656 1095 709 Apolloniae
1133 655 1321 710 exposito
1359 653 1541 694 exercitu

191 732 264 771 per
288 716 464 770 Epirum
498 730 545 756 ac
570 716 831 756 Thessaliam
866 717 1019 758 venire.
1086 732 1178 757 cum
1209 716 1406 757 tredecim
1437 714 1542 754 mili-

193 779 267 818 bus
295 778 479 832 peditum
505 786 544 818 et
570 778 805 832 quingentis
828 779 1033 831 equitibus
1056 778 1200 819 consul
1220 778 1424 818 veniebat.
1461 776 1542 816 iam

193 840 233 879 in
261 840 396 880 sinum
420 840 650 880 BIaliacum
676 849 863 889 venerat3
899 849 938 881 et
969 842 1208 896 praemissis
1236 842 1450 896 Hypatam
1475 839 1545 892 qui

194 902 355 942 tradere
393 903 536 942 urbem
572 902 761 942 iuberent
794 911 1016 956 postquam
1046 918 1293 957 responsum
1326 910 1406 951 est,
1444 901 1544 941 nihil

193 964 272 1003 nisi
304 979 354 1003 ex
387 964 594 1004 communi
618 964 865 1004 Aetolorum
898 965 1063 1005 decreto
1089 965 1284 1013 facturos,
1311 979 1362 1004 ne
1388 971 1545 1003 teneret

195 1040 238 1065 se
264 1025 517 1080 obpugnatio
538 1027 732 1079 Hypatae
758 1026 943 1065 nondum
967 1026 1199 1080 Amphissa
1222 1033 1402 1079 recepta,
1427 1040 1547 1079 prae-

195 1087 322 1127 misso
349 1087 474 1126 fratre
499 1087 701 1126 Africano
726 1087 1000 1141 Amphissam
1033 1087 1157 1128 ducit.
1220 1088 1296 1127 sul)
1322 1087 1546 1127 adventum

194 1163 335 1189 eorum
362 1148 558 1202 oppidani
583 1149 725 1188 relicta
751 1149 921 1189 urbe—
941 1149 1022 1189 iam
1049 1149 1157 1189 0111111
1183 1163 1336 1202 magna
1361 1163 1411 1188 ex
1431 1155 1546 1201 parte

194 1210 348 1249 nudata
372 1209 588 1250 moenibus
616 1218 700 1250 erat
716 1211 827 1250 —in
853 1225 1004 1259 arcem,
1031 1225 1155 1263 quam
1180 1209 1546 1264 inexpugnabilem

195 1272 360 1319 habent,
388 1286 531 1311 omnes
558 1272 704 1312 armati
730 1280 852 1325 atque
878 1272 1055 1312 inermes
1082 1286 1339 1313 concessere.

281 1332 440 1374 Consul
461 1334 512 1373 ab
527 1348 601 1373 sex
614 1335 780 1375 milibus
800 1335 887 1374 fere
906 1349 1107 1388 passuum
1127 1334 1223 1374 inde
1245 1333 1382 1388 posuit
1397 1340 1546 1373 castra.

196 1411 244 1436 eo
269 1396 395 1449 legati
420 1395 702 1436 Athenienses
727 1397 906 1451 primum
931 1397 982 1436 ad
1002 1396 1052 1437 P.
1069 1395 1305 1450 Scipionem
1332 1409 1550 1449 praegres-

198 1473 289 1498 sum
321 1473 489 1511 agmen,
529 1458 632 1497 sicut
664 1466 759 1498 ante
786 1459 942 1498 dictum
968 1466 1050 1507 est,
1084 1457 1232 1498 deinde
1259 1457 1311 1497 ad
1335 1456 1547 1497 consulem

199 1528 417 1567 venerunt,
455 1520 725 1573 deprecantes
758 1536 832 1575 pro
865 1520 1041 1560 Aetolis.
1103 1519 1344 1560 clementius
1377 1533 1550 1572 respon-

200 1595 291 1620 sum
316 1581 368 1620 ab
383 1580 584 1620 Africano
606 1581 798 1629 tulerunt,
826 1581 894 1634 qui
914 1596 1081 1621 eausam
1101 1580 1357 1633 relinquendi
1378 1580 1550 1619 honeste

200 1641 381 1681 Aetolici
412 1641 507 1681 belli
534 1656 736 1694 quaerens
762 1642 912 1683 Asiam
938 1650 978 1682 et
1008 1657 1149 1696 regem
1176 1640 1431 1681 Antiochum
1458 1655 1551 1694 spe-

201 1704 356 1751 ctabat,
388 1702 647 1756 iusseratque
672 1704 953 1744 Athenienses
979 1718 1061 1744 non
1087 1702 1288 1744 Romanis
1316 1702 1469 1750 solum,
1507 1710 1552 1741 ut

200 1780 345 1820 pacem
376 1765 484 1805 bello
516 1766 789 1819 praeferrent,
829 1766 902 1806 sed
935 1765 1057 1805 etiam
1091 1764 1254 1804 Aetolis
1286 1763 1551 1818 persuadere.

202 1827 387 1867 celeriter
425 1827 660 1867 auctoribus
694 1826 1022 1868 Atheniensibus
1061 1826 1255 1878 frequens
1294 1825 1345 1864 ab
1381 1826 1553 1878 Hypata

202 1888 354 1942 legatio
380 1889 626 1929 Aetolorum
652 1889 782 1937 venit3
815 1898 855 1929 et
886 1903 1004 1943 spem
1035 1888 1149 1942 pacis
1182 1887 1240 1927 eis
1268 1901 1401 1926 sermo
1427 1885 1551 1926 etiam

202 1950 409 1998 Africani,
443 1964 565 2003 quem
596 1951 774 2005 priorem
801 1951 1005 1997 adierunt,
1039 1949 1153 1990 auxit
1179 1947 1552 1995 commemorantis,

203 2012 352 2052 multas
385 2022 529 2066 gentes
562 2012 819 2067 populosque
851 2012 892 2052 111
926 2011 1133 2065 Hispania
1162 2009 1295 2063 prius,
1333 2008 1480 2048 deinde
1513 2008 1551 2047 in

203 2074 349 2114 Africa
374 2074 415 2113 111
440 2074 563 2113 fidem
590 2089 708 2114 suam
734 2073 916 2113 venisse:
943 2073 981 2112 in
1005 2072 1195 2113 omnibus
1223 2085 1266 2111 se
1292 2069 1448 2110 maiora
1473 2070 1555 2110 cle-

204 2135 381 2176 mentiae
424 2136 774 2190 benignitatisque
817 2150 940 2188 quam
982 2134 1144 2174 virtutis
1194 2133 1367 2173 bellicae
1409 2147 1554 2172 monu-

204 2205 344 2236 menta
378 2197 607 2249 reliquisse.
679 2198 864 2252 perfecta
900 2196 1117 2237 videbatur
1152 2210 1238 2243 res,
1290 2208 1382 2234 cum
1419 2193 1552 2234 aditus

205 2258 348 2299 consul
373 2258 481 2298 idem
502 2258 602 2298 illud
620 2273 865 2312 responsum
886 2258 1053 2305 rettulit,
1081 2271 1160 2309 quo
1182 2255 1313 2310 fugati
1338 2255 1390 2295 ab
1411 2262 1556 2295 senatu

205 2328 331 2360 erant.
393 2335 441 2360 00
466 2327 677 2371 tamquam
702 2335 810 2360 novo
837 2334 929 2359 eum
955 2319 1023 2358 icti
1048 2317 1190 2358 Aetoli
1216 2324 1357 2357 essent
1374 2341 1430 2345 —
1453 2316 1555 2356 nihil

206 2381 314 2422 enim
346 2395 422 2422 nec
458 2381 665 2435 legatione
696 2381 1018 2421 Atheniensium
1055 2394 1131 2419 nee
1166 2379 1329 2433 placido
1367 2377 1553 2418 Africani

205 2458 405 2497 responso
431 2443 662 2497 profectum
688 2442 883 2482 videbant
896 2466 963 2491 ——‚
984 2441 1136 2482 referre
1163 2440 1215 2481 ad
1241 2455 1337 2481 suos
1364 2439 1555 2480 dixerunt

208 2506 325 2546 velle.

289 2568 389 2609 VH.
438 2566 634 2607 Reditum
660 2566 755 2606 inde
780 2566 994 2620 Hypatam
1020 2572 1102 2614 est,
1139 2578 1216 2605 1100
1241 2563 1456 2605 0011511111111
1482 2578 1551 2604 ex-

1567 727 1585 755 10

1586 2579 1598 2607 1
