1799 2900
445 128 600 162 LIBER
624 129 850 174 XXXVIII,
877 130 1004 164 2122.
1033 129 1233 173 [110189]
1436 119 1518 161 335

162 242 260 290 petu
285 233 457 281 habent,
489 232 601 272 velut
628 232 739 272 ferae
766 232 988 273 transfixae
1014 233 1056 273 in
1082 247 1178 273 suos
1205 239 1360 273 temere
1384 232 1519 273 incur—

161 303 269 337 runt.
331 295 553 348 detegebat
583 294 755 334 vulnera
792 309 933 335 eorum
965 295 1077 348 quod
1107 295 1206 334 nudi
1236 301 1442 349 pugnant,
1480 302 1518 335 et
1546 307 1564 338 9

164 366 259 399 sunt
284 358 378 398 fusa
408 365 448 397 et
480 357 656 397 candida
687 371 877 411 corpora,
915 364 960 397 ut
991 372 1096 410 quae
1126 371 1352 410 numquam
1375 357 1456 398 nisi
1480 357 1522 397 in

162 435 303 475 pugna
339 419 564 459 nudentur:
607 419 664 459 ita
701 426 740 459 et
775 419 867 473 plus
903 419 1115 473 sanguinis
1153 434 1203 460 ex
1240 419 1369 459 multa
1400 434 1521 460 earne

162 482 431 529 fundebatur,
465 489 505 522 et
530 481 735 521 foediores
762 482 961 535 patebant
984 482 1152 536 plagae,
1191 489 1232 522 et
1257 482 1409 522 candor
1434 495 1523 522 cor-

161 560 309 600 porum
340 544 474 598 magis
508 545 710 598 sanguine
743 554 830 585 atro
865 545 1161 585 maculabatur.
1224 545 1298 585 sed
1328 560 1412 585 non
1437 552 1521 584 tam

163 607 399 662 patentibus
425 607 560 661 plagis
586 614 817 647 1n‹⁷›ventur.
878 607 1086 647 interdum
1110 606 1274 647 insecta
1305 615 1416 655 cute,
1453 605 1523 647 ubi

164 669 284 710 latior
310 684 435 722 quam
459 668 579 709 altior
603 668 728 723 plaga
753 676 833 717 est,
872 669 995 709 etiam
1020 668 1240 724 gloriosius
1268 683 1312 709 se
1336 683 1523 723 pugnare

163 739 323 787 putant.
383 731 513 777 idem,
558 745 651 770 cum
677 731 842 771 aculeus
870 731 1045 784 sagittae
1071 738 1141 771 aut
1170 731 1333 786 glandis
1360 730 1522 771 abditae

164 794 367 834 introrsus
394 793 506 833 tenui
538 793 706 833 vulnere
738 793 780 832 in
813 793 993 848 speciem
1025 793 1105 833 urit
1130 800 1171 833 et
1196 793 1415 834 scrutantis
1443 807 1525 845 qua

165 855 343 896 evellant
373 855 501 895 telum
533 870 615 895 non
647 855 849 907 sequitur,
887 862 975 895 tum
1004 854 1046 895 in
1070 855 1228 895 rabiem
1259 863 1299 895 et
1323 855 1524 909 pudorem

163 923 249 956 tam
280 932 431 971 parvae
463 917 703 971 perimentis
737 917 846 957 versi
881 916 1010 970 pestis
1048 924 1315 970 prosternunt
1351 930 1525 971 corpora

164 979 291 1020 humi.
331 980 390 1020 sic
409 986 453 1019 ut
471 979 628 1034 passim
647 980 992 1034 procumbebant,
1021 979 1088 1018 alii
1107 987 1274 1019 ruentes
1300 979 1341 1018 in
1362 978 1524 1019 hostem

164 1041 344 1094 undique
366 1042 678 1095 configebantur
698 1048 750 1090 et,
777 1055 869 1081 cum
892 1040 1122 1081 comminus
1136 1047 1347 1089 venerant,
1374 1040 1523 1094 gladiis

165 1118 189 1143 a
214 1103 406 1143 velitibus
438 1103 761 1143 trucidabantur.
822 1102 888 1142 hic
918 1102 1036 1142 miles
1064 1102 1307 1156 tripedalem
1338 1117 1523 1156 parmam

165 1165 289 1206 habet
316 1172 356 1204 et
380 1165 422 1204 in
448 1165 593 1205 dextra
623 1165 783 1213 hastas,
822 1164 971 1217 quibus
1004 1163 1164 1204 eminus
1196 1164 1341 1212 utitur3
1386 1163 1525 1218 gladio

165 1226 437 1280 Hispaniensi
463 1235 526 1266 est
551 1226 723 1267 cinctus.
770 1225 918 1279 quodsi
943 1226 1048 1280 pede
1070 1225 1233 1266 conlato
1253 1226 1524 1279 pugnandum

166 1294 245 1336 cst,
282 1288 492 1328 translatis
523 1288 566 1328 in
596 1288 758 1328 laevam
789 1288 918 1328 hastis
952 1288 1116 1342 stringit
1146 1287 1344 1341 gladium.
1404 1287 1525 1341 pauci

164 1350 247 1390 iam
273 1358 515 1404 supererant
531 1349 766 1399 Gallorum3
794 1350 863 1403 qui
888 1363 1110 1405 postquam
1135 1351 1185 1390 ab
1211 1349 1292 1390 levi
1319 1357 1526 1390 armatura

167 1420 383 1466 superatos
416 1427 459 1452 se
492 1412 683 1453 viderunt
715 1420 756 1453 et
786 1412 939 1453 instare
970 1412 1181 1467 legionum
1215 1411 1354 1465 signa,
1393 1412 1527 1452 effusa

166 1473 267 1528 fuga
298 1482 434 1514 castra.
464 1482 657 1528 repetunt
687 1474 852 1529 pavoris
885 1482 926 1515 et
956 1475 1157 1515 tumultus
1189 1474 1272 1514 iam
1302 1474 1444 1528 plena,
1482 1481 1527 1513 ut

165 1535 238 1576 ubi
284 1535 463 1576 feminae
504 1536 702 1590 puerique
747 1544 787 1576 et
829 1536 908 1576 alia
950 1536 1113 1577 inbellis
1158 1537 1280 1576 turba
1321 1535 1526 1590 permixta

167 1603 291 1637 esset.
333 1597 547 1638 Romanos
575 1598 751 1639 victores
778 1598 931 1638 deserti
955 1598 1056 1652 fuga
1075 1597 1256 1638 hostium
1276 1605 1525 1652 acceperunt

167 1658 326 1698 tumuli.

252 1720 408 1762 XXII.
458 1720 548 1762 Sub
572 1721 682 1762 idem
707 1728 869 1776 tempus
895 1721 949 1762 L.
976 1721 1163 1762 Manlius
1189 1729 1230 1761 et
1256 1720 1305 1762 C.
1332 1720 1524 1770 Helvius,

167 1796 260 1823 cum
298 1783 434 1836 quoad
476 1783 585 1823 viam
628 1783 753 1824 colles
790 1783 945 1836 obliqui
989 1784 1191 1824 dederunt
1228 1783 1526 1831 escendissent‚

167 1852 388 1898 postquam
425 1845 477 1886 ad
513 1845 625 1886 invia
661 1852 830 1886 ventum
868 1854 949 1894 est,
998 1846 1150 1886 flexere
1187 1844 1263 1884 iter
1294 1844 1336 1884 in
1366 1851 1527 1898 partem

166 1907 338 1955 montis,
377 1921 481 1960 quae
506 1923 588 1947 una
614 1908 794 1948 habebat
819 1907 914 1956 iter,
952 1915 993 1948 et
1018 1907 1135 1959 sequi
1161 1906 1344 1947 consulis
1377 1921 1526 1960 agmen

166 1969 329 2010 modico
354 1979 527 2024 uterque
558 1971 775 2011 intervallo
802 1970 915 2011 velut
946 1985 997 2010 ex
1028 1969 1257 2024 composito
1289 1977 1526 2022 coeperunt,

168 2032 279 2084 quod
302 2032 436 2086 primo
463 2032 662 2087 optimum
688 2034 802 2073 factu
826 2032 992 2080 fuisset,
1028 2032 1070 2071 in
1095 2032 1138 2071 id
1163 2030 1410 2071 necessitate
1436 2030 1527 2084 ipsa

168 2094 389 2147 compulsi3
429 2094 612 2135 subsidia
638 2094 746 2135 enim
776 2095 819 2135 in
850 2094 1000 2134 talibus
1033 2093 1317 2146 iniquitatibus
1343 2092 1527 2132 locorum

168 2154 348 2195 maximo
387 2170 510 2209 saepe
547 2157 641 2196 usui
676 2157 862 2205 fuerunt,
899 2163 945 2195 ut
980 2155 1123 2209 primis
1161 2155 1266 2195 forte
1299 2153 1526 2194 deturbatis

170 2216 341 2256 secundi
377 2225 417 2257 et
452 2225 597 2272 tegant
632 2219 774 2272 pulsos
812 2226 852 2258 et
887 2217 1037 2271 integri
1080 2231 1264 2271 pugnam
1307 2215 1526 2269 excipiant.

170 2278 332 2327 consul,
371 2287 591 2333 postquam
628 2280 681 2320 ad
717 2280 897 2320 tumulos
934 2280 986 2320 ab
1022 2279 1103 2319 levi
1141 2286 1349 2318 armatura.
1384 2285 1526 2332 captos

170 2339 302 2393 prima
345 2341 464 2395 signa
506 2341 716 2395 legionum
759 2348 1060 2395 pervenerunt,
1108 2340 1312 2393 respirare
1355 2347 1396 2379 et
1430 2352 1527 2379 con-

169 2401 381 2454 quiescere
414 2403 623 2457 paulisper
654 2403 826 2443 militem
855 2402 981 2442 iubet.
1043 2401 1165 2441 simul
1199 2408 1326 2441 strata
1355 2415 1429 2454 per
1466 2407 1528 2440 tu—

1550 557 1588 587 10

1553 744 1586 771 ll

1555 1115 1592 1143 13

1554 1299 1591 1328 14

1556 1610 1594 1638 15

168 2463 301 2504 mulos
329 2479 501 2519 corpora
516 2464 733 2505 Gallorum
759 2472 960 2512 ostentat,
987 2471 1044 2504 et:
1071 2478 1164 2504 cum
1188 2463 1292 2504 levis
1320 2469 1528 2503 armatura
1551 2476 1570 2504 5

166 2526 369 2580 proelium
395 2528 475 2568 tale
502 2527 693 2575 ediderit,
720 2526 819 2580 quid
845 2527 896 2567 ab
922 2525 1174 2580 legionibus,
1207 2525 1306 2578 quid
1330 2524 1383 2564 ab
1407 2524 1526 2565 iustis

166 2589 312 2637 armis,
344 2589 444 2642 quid
469 2590 521 2630 ab
548 2589 695 2630 animis
722 2589 1042 2630 fortissimorum
1068 2588 1244 2628 militum
1266 2586 1525 2641 exspectari?
