1799 2900
224 1209 242 1238 {0

269 155 349 196 1⁶24
582 159 734 193 LIBER
758 158 970 203 xxxnn,
998 158 1028 193 1.
1057 160 1153 202 [a.u.
1170 158 1295 202 0559]

265 272 461 310 tyrannum
476 261 616 295 vicerat
631 259 905 304 Graeciamque
920 271 1063 294 omnem
1079 260 1314 304 liberaverat,
1325 260 1373 293 ob
1388 259 1487 293 hanc
1501 269 1621 292 rerum

265 320 454 360 gestarum
470 311 744 345 multitudinem
770 311 892 344 triduo
909 311 1161 355 triumphavit.
1209 311 1324 355 legati
1340 309 1621 353 Carthaginien-

266 366 357 398 sium
383 363 650 396 nuntiaverunt
675 361 946 405 Hannibalem,
974 361 1036 406 qui
1063 361 1109 395 ad
1136 361 1359 394 Antiochum
1388 360 1622 404 confugerat,

266 415 404 449 bellum
426 425 508 446 cum
530 423 574 446 eo
596 412 729 446 moliri.
778 416 1026 457 temptaverat
1049 417 1171 446 autem
1191 412 1382 446 Hannibal
1404 423 1469 455 per
1483 411 1624 444 Aristo-

265 476 348 499 nem
364 463 516 508 Tyrium
533 463 611 497 sine
632 462 767 497 litteris
783 462 1040 508 Carthaginem
1062 463 1213 497 missum
1228 463 1274 498 ad
1295 462 1512 497 bellandum
1528 462 1623 496 Poe-

266 527 336 550 nos
352 515 571 557 concitare]

756 758 928 811 TITI
959 758 1139 810 LIVI

596 857 680 895 AB
735 857 914 894 VRBE
971 855 1294 895 CONDITA

734 982 903 1019 LIBER
934 980 1160 1018 XXXHH.

356 1072 388 1111 Ι.
438 1071 552 1111 Inter
587 1070 790 1111 bellorum
823 1083 1071 1123 magnorum
1108 1074 1178 1108 aut
1214 1066 1384 1108 vixdum
1420 1067 1628 1108 finitorum

270 1142 339 1173 aut
376 1132 665 1173 inminentimn
702 1146 820 1172 curas
858 1131 1092 1172 intercessit
1122 1145 1189 1170 res
1225 1145 1355 1184 parva
1386 1130 1516 1179 dictu,
1556 1129 1629 1171 sed

271 1210 376 1249 quae
403 1195 549 1235 studiis
581 1195 623 1235 in
653 1209 852 1248 magnum
885 1203 1093 1234 certamen
1126 1192 1364 1233 excesserit.
1424 1192 1486 1232 M.
1512 1192 1628 1233 Fun-

271 1257 417 1297 danius
451 1266 490 1297 et
521 1257 574 1297 L.
601 1256 795 1298 Valerius
828 1255 979 1295 tribuni
1010 1254 1121 1308 plebi
1155 1254 1206 1293 ad
1241 1254 1407 1308 plebem
1446 1253 1628 1294 tulerunt

271 1320 321 1360 de
349 1319 490 1374 Oppia
520 1319 612 1373 lege
645 1318 898 1372 abroganda.
965 1317 1112 1357 tulerat
1145 1331 1237 1356 cam
1268 1316 1329 1356 M.
1358 1315 1524 1371 Oppius
1557 1315 1629 1355 tri-

271 1383 406 1422 bunus
433 1382 566 1436 plebis
594 1381 646 1433 Q.
672 1381 819 1429 Fabio,
848 1380 913 1420 Ti.
936 1379 1184 1434 Sempronio
1211 1379 1450 1420 consulibus
1477 1379 1518 1418 in
1544 1394 1630 1420 me-

271 1444 339 1485 dio
373 1445 518 1485 ardore
549 1444 698 1484 Punici
724 1443 839 1492 belli,
878 1458 929 1482 ne
961 1456 1042 1494 qua
1072 1441 1218 1481 mulier
1249 1441 1342 1495 plus
1375 1441 1630 1481 semunciam

272 1506 360 1546 auri
385 1506 556 1546 haberet
581 1519 659 1545 nec
683 1504 930 1545 vestimento
958 1502 1195 1543 versicolori
1227 1509 1411 1542 uteretur
1436 1518 1516 1542 neu
1541 1502 1632 1542 iun-

272 1578 337 1611 cto
374 1569 564 1610 vehiculo
601 1569 643 1608 in
679 1569 780 1608 urbe
818 1567 1024 1621 oppidove
1062 1574 1132 1605 aut
1173 1566 1344 1620 propius
1388 1565 1483 1606 inde
1520 1566 1631 1606 mille

272 1647 422 1686 passus
449 1632 529 1671 nisi
555 1645 767 1671 sacrorum
792 1629 1052 1684 publicorum
1079 1643 1205 1668 causa
1231 1628 1461 1669 veheretur.
1509 1628 1572 1669 M.
1593 1635 1633 1670 et

271 1694 321 1734 P.
345 1693 438 1733 Iuni
457 1693 577 1732 Bruti
603 1692 756 1733 tribuni
782 1691 916 1746 plebis
942 1691 1079 1744 legem
1096 1689 1283 1744 Oppiam
1309 1691 1531 1730 tuebantur
1557 1704 1634 1730 1100

272 1770 364 1795 cam
391 1770 435 1795 se
462 1754 655 1809 abrogari
680 1768 878 1807 passuros
901 1753 1085 1801 aiebant3
1114 1752 1166 1792 ad
1192 1751 1451 1792 suadendum
1473 1752 1632 1792 dissua-

273 1817 537 1870 dendumque
579 1816 699 1857 multi
734 1816 895 1857 nobiles
933 1815 1174 1870 prodibant3
1215 1813 1471 1868 Capitolium
1513 1815 1635 1854 turba

274 1879 489 1920 hominum
522 1879 752 1919 faventium
785 1877 1177 1930 adversantiumque
1208 1876 1291 1930 legi
1330 1876 1633 1931 complebatur3

275 1951 488 1983 matronae
513 1942 627 1983 nulla
651 1957 727 1982 nec
753 1941 996 1982 auctoritate
1022 1954 1100 1981 nec
1124 1939 1376 1980 verecundia
1401 1953 1478 1979 nec
1503 1939 1634 1992 impe-

274 2005 334 2045 rio
365 2005 547 2045 virorum
579 2004 780 2045 contineri
811 2004 952 2043 limine
983 2009 1194 2057 poterant,
1232 2001 1364 2042 omnis
1399 2001 1487 2041 vias
1519 2000 1633 2041 urbis

273 2066 492 2119 aditusque
529 2066 571 2106 in
607 2067 743 2107 forum
779 2065 1046 2113 obsidebant,
1090 2064 1201 2104 viros
1245 2062 1535 2103 descendentis
1582 2062 1635 2103 ad

274 2129 410 2170 forum
442 2137 628 2176 orantes,
665 2136 711 2168 ut
740 2128 913 2169 florente
937 2142 981 2168 re
1012 2126 1195 2181 publica,
1235 2133 1446 2166 crescente
1478 2125 1520 2164 in
1546 2124 1634 2165 dies

274 2191 435 2246 privata
461 2191 645 2232 omnium
670 2191 836 2231 fortuna
861 2189 1060 2230 matronis
1087 2203 1251 2241 quoque
1276 2187 1496 2242 pristinum
1515 2202 1636 2228 orna-

277 2262 363 2293 tum
399 2253 517 2293 reddi
554 2260 806 2307 paterentur.
867 2253 1098 2306 augebatur
1137 2250 1241 2290 hacc
1276 2249 1509 2302 frequentia
1544 2264 1636 2289 mu-

276 2314 421 2354 lierum
458 2315 499 2355 in
531 2315 639 2363 dies,
677 2330 774 2354 nam
814 2314 939 2355 ctiam
976 2328 1027 2354 ex
1063 2312 1226 2367 oppidis
1271 2311 1635 2364 conciliabulisque

278 2385 569 2417 convenerant.
640 2377 722 2417 iam
771 2385 812 2417 et
859 2375 1051 2417 consules
1100 2383 1395 2429 praetoresque
1444 2381 1485 2414 et
1533 2372 1634 2414 alios

278 2437 546 2491 magistratus
586 2439 698 2479 adire
730 2445 770 2479 et
806 2453 953 2493 rogare
986 2437 1213 2484 audebant,
1253 2445 1435 2476 ceterum
1466 2435 1634 2475 minime

280 2499 533 2539 exorabilem
566 2500 741 2540 alterum
771 2500 913 2553 utique
951 2499 1165 2540 consulem
1197 2498 1260 2538 M.
1285 2497 1481 2538 Porcium
1509 2495 1634 2537 Cato-

280 2574 375 2599 nem
406 2559 633 2610 habebant,
666 2561 735 2614 qui
771 2576 845 2617 pro
882 2561 975 2615 lege
1011 2574 1117 2614 quae
1148 2560 1428 2614 abrogabatur
1463 2558 1519 2598 ita
1551 2557 1633 2597 dis-

283 2628 429 2661 seruit:
