1799 2900
232 133 316 176 364
495 140 649 173 LIBER
674 138 902 183 xxxwu,
928 138 982 172 51.
1002 139 1056 173 52.
1085 141 1133 182 [a.
1147 151 1181 173 u.
1197 150 1227 174 e.
1240 138 1323 183 567]

230 245 450 296 lumenque
487 242 649 296 imperii
683 241 863 282 Romani
903 256 1015 291 csse,
1065 243 1142 282 sub
1185 243 1331 282 umbra
1375 240 1583 296 Scipionis

232 307 440 347 civitatem
465 304 676 345 dominam
700 303 812 344 orbis
838 311 1039 344 terrarum
1058 304 1198 353 latere,
1225 312 1369 344 nutum
1396 304 1483 344 eius
1508 317 1584 358 pro

231 367 406 408 decretis
426 375 608 421 patrum,
635 380 709 420 pro
730 365 872 420 populi
896 365 1020 405 iussis
1046 380 1152 406 csse.
1189 366 1360 406 infamia
1384 366 1583 406 intactum

230 428 396 477 invidia,
424 443 504 481 qua
529 435 723 481 possunt,
749 435 910 481 urgent.
960 427 1211 468 orationibus
1238 428 1279 467 in
1305 435 1465 468 noctem
1491 442 1585 482 per-

231 490 364 531 ductis
389 490 578 545 prodicta
602 489 689 530 dies
722 497 797 530 est.
856 488 926 529 ubi
953 504 1001 529 ea
1025 489 1155 538 venit,
1193 488 1345 529 tribuni
1374 489 1416 529 in
1441 489 1583 529 rostris

187 568 204 597 6
230 552 363 607 prima
410 551 500 592 luce
543 552 831 592 consederunt.
905 550 1052 591 citatus
1089 566 1183 591 reus
1226 565 1377 605 magno
1421 550 1584 605 agmine

231 614 455 654 amicorum
488 613 779 665 clientiumque
810 627 883 667 per
914 612 1092 651 mediam
1118 612 1350 652 contionem
1376 612 1428 652 ad
1452 620 1586 652 rostra

234 675 376 724 subiit,
416 675 661 727 silentioque
693 675 803 715 facto
837 673 951 714 ‘hoc’
984 673 1116 725 inquit
1141 673 1244 721 ‘die‚
1276 673 1427 713 tribuni
1452 673 1584 728 plebis

231 751 389 790 vosque
426 736 634 787 Quirites,
684 751 778 776 cum
814 735 1051 776 Hannibale
1094 743 1133 775 et
1171 734 1585 789 Carthaginiensibus

187 816 205 845 8
233 799 361 853 signis
389 799 560 839 conlatis
587 799 628 838 in
642 798 789 838 Africa
815 798 918 838 bene
945 812 992 837 ac
1012 797 1184 837 feliciter
1205 797 1400 851 pugnavi.
1447 797 1586 850 itaque

231 876 325 901 cnm
349 861 470 901 hodie
496 860 636 901 litibus
663 868 703 900 et
734 859 877 913 iurgiis
905 858 1165 913 supersederi
1198 873 1375 911 aequum
1401 858 1470 907 sit,
1508 873 1585 913 ego

230 923 326 962 hinc
363 922 571 976 extemplo
608 922 649 961 in
677 920 930 976 Capitolium
969 920 1020 960 ad
1045 921 1189 961 Iovem
1226 920 1425 974 optimum
1457 921 1585 960 maxi-

231 999 345 1024 mum
369 984 654 1036 Iunonemque
681 991 720 1023 et
738 983 975 1023 AIinervam
1001 990 1242 1034 ceterosque
1269 982 1381 1030 deos,
1408 982 1478 1035 qui
1504 981 1587 1023 Ca-

187 1062 204 1091 9
230 1045 373 1100 pitolio
400 1053 521 1099 atque
553 1045 637 1085 arci
668 1045 924 1099 praesident,
964 1043 1203 1084 salutandos
1235 1043 1303 1083 ibo
1336 1043 1468 1097 iisque
1493 1059 1587 1098 gra-

231 1109 308 1148 tias
335 1123 456 1161 agam
482 1107 593 1160 quod
617 1107 718 1147 mihi
738 1116 777 1147 et
797 1106 873 1146 1100
893 1106 983 1160 11150
1006 1106 1070 1146 (110
1090 1114 1130 1146 01
1150 1120 1273 1159 saepe
1295 1105 1394 1146 alias
1421 1106 1588 1160 egregie

233 1169 439 1223 gerendae
474 1168 533 1208 rei
570 1168 759 1222 publicae
796 1175 977 1207 mentem
1013 1167 1335 1219 facultatemque
1372 1167 1586 1207 dederunt.

168 1247 208 1276 10
234 1234 416 1271 vestrum
442 1244 604 1283 quoque
627 1230 775 1282 quibus
799 1229 1060 1269 commodum
1086 1236 1166 1277 est,
1194 1227 1396 1279 Quirites,
1423 1228 1476 1268 ite
1501 1243 1588 1269 me-

168 1308 205 1337 11
233 1306 344 1340 cum,
372 1300 411 1331 et
437 1299 549 1332 orate
576 1291 693 1339 deos,
720 1301 763 1330 ut
789 1290 869 1330 mei
890 1290 1043 1330 similes
1064 1289 1269 1343 principes
1291 1289 1491 1338 habeatis,
1517 1290 1586 1339 ita,

233 1353 267 1394 si
293 1353 344 1393 ab
371 1353 488 1393 annis
522 1352 816 1406 septemdecim
848 1351 899 1391 ad
932 1360 1187 1392 senectutem
1219 1365 1382 1404 semper
1414 1365 1489 1391 vos
1521 1365 1587 1391 ae-

234 1423 360 1455 tatem
384 1429 519 1454 meam
544 1414 769 1454 honoribus
796 1413 944 1453 vestris
977 1412 1182 1461 anteistis,
1221 1427 1298 1466 ego
1329 1419 1488 1452 vestros
1515 1411 1584 1452 ho-

167 1492 206 1522 12
233 1491 353 1516 nores
379 1477 502 1515 rebus
531 1475 722 1529 gerendis
748 1474 983 1528 praecessi.'
1034 1474 1085 1513 ab
1110 1473 1253 1514 rostris
1279 1473 1320 1512 in
1336 1471 1588 1527 Capitolium

233 1537 430 1578 escendit.
493 1536 615 1577 simul
642 1551 686 1576 se
711 1536 906 1576 universa
931 1535 1066 1575 contio
1093 1535 1240 1575 avertit
1265 1542 1304 1574 et
1331 1543 1472 1574 secuta
1499 1533 1589 1574 Sci-

232 1599 399 1653 pionem
424 1605 504 1647 est,
543 1598 645 1638 adeo
670 1604 715 1637 ut
738 1604 948 1651 postremo
983 1596 1142 1637 scribae
1173 1596 1436 1648 viatoresque
1461 1595 1590 1636 tribu-

233 1675 308 1700 nos
335 1659 611 1712 relinquerent
637 1673 715 1699 1100
740 1673 834 1698 011111
865 1659 914 1699 115
940 1665 1103 1712 praeter
1135 1657 1327 1698 servilem
1352 1656 1590 1697 comitatum

233 1730 273 1762 et
292 1736 552 1777 praeconem,
580 1721 649 1774 qui
668 1736 783 1762 reum
804 1736 855 1761 ex
873 1720 1017 1761 rostris
1039 1721 1204 1769 citabat,
1225 1719 1444 1772 quisquam
1465 1726 1589 1759 esset.

168 1800 207 1828 13
236 1783 375 1838 Scipio
396 1799 479 1824 non
498 1784 539 1823 in
556 1783 763 1838 Capitolio
784 1783 926 1831 modo,
954 1783 1028 1823 sed
1048 1797 1119 1837 per
1137 1789 1267 1822 totam
1287 1782 1433 1822 urbem
1453 1780 1590 1822 omnia

168 1863 207 1892 14
233 1846 387 1901 templa
411 1846 535 1886 deum
561 1860 653 1885 cum
677 1845 831 1900 populo
855 1845 1046 1885 Romano
1073 1843 1286 1884 circumiit.
1349 1842 1591 1883 celebratior

232 1908 267 1948 is
292 1923 420 1962 prope
447 1908 534 1948 dics
561 1907 703 1947 favore
735 1906 948 1947 hominum
978 1914 1018 1946 et
1043 1905 1330 1946 aestimatione
1355 1919 1477 1945 verae
1502 1919 1591 1943 ma-

233 1969 459 2024 gnitudinis
497 1969 584 2009 eius
622 1968 699 2008 fuit
736 1983 860 2021 quam
897 1982 977 2021 quo
1014 1967 1272 2021 triumphans
1310 1965 1360 2006 de
1395 1964 1589 2020 Syphace

232 2046 331 2085 rege
357 2039 397 2078 01
424 2030 841 2084 Carthaginiensibus
867 2030 1013 2069 urbem
1039 2037 1102 2069 est
1126 2029 1327 2068 invectus.

194 2109 206 2137 1
319 2093 419 2133 LII.
468 2093 553 2132 Hic
583 2092 796 2147 speciosus
827 2091 995 2131 ultimus
1028 2091 1115 2130 dies
1140 2090 1190 2130 P.
1219 2088 1405 2144 Scipioni
1429 2087 1588 2129 inluxit.

233 2163 328 2210 post
353 2169 475 2207 quem
502 2169 595 2194 011111
619 2154 818 2194 invidiam
849 2160 887 2194 et
921 2153 1144 2193 certamina
1178 2165 1271 2191 cum
1296 2150 1470 2190 tribunis
1495 2165 1591 2204 pro-

237 2216 430 2270 spiceret,
469 2216 534 2256 die
569 2215 754 2269 longiore
791 2215 978 2269 prodicta
1013 2215 1055 2254 in
1085 2212 1350 2253 Literninum
1387 2211 1591 2252 concessit

192 2292 209 2320 ‘2
237 2286 347 2319 certo
381 2278 572 2326 consilio,
610 2268 661 2317 ne
693 2276 746 2316 ad
777 2291 944 2317 causam
977 2275 1193 2315 dicendam
1224 2274 1401 2314 adesset.
1460 2272 1590 2313 maior

236 2340 396 2381 animus
423 2348 463 2380 et
487 2347 635 2379 natura
659 2345 746 2379 erat
771 2352 819 2379 ac
843 2338 989 2378 maiori
1013 2338 1203 2377 fortunae
1229 2335 1440 2383 adsuetus,
1467 2348 1590 2387 quam

235 2409 281 2441 ut
315 2417 409 2441 reus
446 2416 538 2441 esse
574 2400 774 2455 inciperet
810 2408 848 2440 et
887 2399 1128 2440 submittere
1165 2412 1209 2438 se
1245 2397 1288 2437 in
1318 2396 1592 2436 humilitatem

193 2476 211 2504 3
237 2478 404 2503 causam
442 2463 678 2503 dicentium.
737 2462 808 2502 ubi
844 2461 931 2502 dies
970 2461 1080 2501 venit
1113 2459 1308 2512 citarique
1341 2459 1492 2499 absens
1529 2465 1591 2498 est

241 2532 426 2578 coeptus,
452 2526 505 2565 L.
523 2525 663 2579 5011110
689 2525 879 2565 morbum
905 2538 1054 2564 causae
1074 2538 1166 2563 0550
1188 2536 1259 2562 0111·
1284 2521 1448 2561 abesset
1469 2533 1592 2560 excu-

194 2600 213 2628 4
241 2587 369 2625 sabat.
431 2602 552 2639 quam
578 2586 887 2627 excusationem
913 2599 1005 2625 cum
1031 2583 1202 2632 tribuni,
1239 2581 1309 2635 qui
1340 2581 1447 2621 diem
1478 2580 1591 2620 dixe-

186 507 204 535 ιἾ

190 692 204 719 —1
