<?xml version="1.0" encoding="UTF-8"?>
<!DOCTYPE html PUBLIC "-//W3C//DTD XHTML 1.0 Transitional//EN"
    "http://www.w3.org/TR/xhtml1/DTD/xhtml1-transitional.dtd">
<html xmlns="http://www.w3.org/1999/xhtml" xml:lang="en" lang="en">
 <head>
  <title>
</title>
<meta http-equiv="Content-Type" content="text/html;charset=utf-8" />
  <meta name='ocr-system' content='tesseract 3.04.00' />
  <meta name='ocr-capabilities' content='ocr_page ocr_carea ocr_par ocr_line ocrx_word'/>
</head>
<body>
  <div class='ocr_page' id='page_1' title='image "./aburbeconditalib03livyuoft_0185.png"; bbox 0 0 1799 2900; ppageno 0'>
   <div class='ocr_carea' id='block_1_1' title="bbox 417 158 1489 215">
    <p class='ocr_par' dir='ltr' id='par_1_1' title="bbox 417 158 1489 215">
     <span class='ocr_line' id='line_1_1' title="bbox 417 158 1489 215; baseline -0.005 -11"><span class='ocrx_word' id='word_1_1' title='bbox 417 170 569 204; x_wconf 83' lang='lat' dir='ltr'><strong>LIBER</strong></span> <span class='ocrx_word' id='word_1_2' title='bbox 594 169 786 215; x_wconf 78' lang='lat' dir='ltr'>XXXIII,</span> <span class='ocrx_word' id='word_1_3' title='bbox 811 170 971 205; x_wconf 74' lang='lat'>26—28.</span> <span class='ocrx_word' id='word_1_4' title='bbox 1001 169 1201 214; x_wconf 81' lang='lat' dir='ltr'>[a,C.196]</span> <span class='ocrx_word' id='word_1_5' title='bbox 1409 158 1489 200; x_wconf 83' lang='lat'>105</span> 
     </span>
    </p>
   </div>
   <div class='ocr_carea' id='block_1_2' title="bbox 131 271 1500 2614">
    <p class='ocr_par' dir='ltr' id='par_1_2' title="bbox 131 271 1490 581">
     <span class='ocr_line' id='line_1_2' title="bbox 132 271 1489 329; baseline -0.004 -12"><span class='ocrx_word' id='word_1_6' title='bbox 132 282 252 317; x_wconf 86' lang='lat' dir='ltr'>netae</span> <span class='ocrx_word' id='word_1_7' title='bbox 279 275 453 315; x_wconf 86' lang='lat' dir='ltr'>duarum</span> <span class='ocrx_word' id='word_1_8' title='bbox 479 273 691 314; x_wconf 83' lang='lat' dir='ltr'>hastarum</span> <span class='ocrx_word' id='word_1_9' title='bbox 718 273 877 329; x_wconf 85' lang='lat' dir='ltr'>spicula</span> <span class='ocrx_word' id='word_1_10' title='bbox 902 280 1107 323; x_wconf 84' lang='lat' dir='ltr'>arserant3</span> <span class='ocrx_word' id='word_1_11' title='bbox 1133 273 1254 328; x_wconf 88' lang='lat' dir='ltr'>lupus</span> <span class='ocrx_word' id='word_1_12' title='bbox 1268 271 1489 325; x_wconf 87' lang='lat' dir='ltr'>Esquilina</span> 
     </span>
     <span class='ocr_line' id='line_1_3' title="bbox 132 333 1489 393; baseline -0.005 -14"><span class='ocrx_word' id='word_1_13' title='bbox 132 345 250 393; x_wconf 86' lang='lat' dir='ltr'>porta</span> <span class='ocrx_word' id='word_1_14' title='bbox 274 336 504 391; x_wconf 88' lang='lat' dir='ltr'>ingressus,</span> <span class='ocrx_word' id='word_1_15' title='bbox 530 335 868 388; x_wconf 86' lang='lat' dir='ltr'>frequentissima</span> <span class='ocrx_word' id='word_1_16' title='bbox 887 344 1004 390; x_wconf 88' lang='lat' dir='ltr'>parte</span> <span class='ocrx_word' id='word_1_17' title='bbox 1023 335 1151 384; x_wconf 87' lang='lat' dir='ltr'>urbis,</span> <span class='ocrx_word' id='word_1_18' title='bbox 1179 349 1272 374; x_wconf 89' lang='lat' dir='ltr'>cum</span> <span class='ocrx_word' id='word_1_19' title='bbox 1291 334 1333 374; x_wconf 90' lang='lat' dir='ltr'>in</span> <span class='ocrx_word' id='word_1_20' title='bbox 1353 333 1489 374; x_wconf 84' lang='lat' dir='ltr'>forum</span> 
     </span>
     <span class='ocr_line' id='line_1_4' title="bbox 132 397 1490 451; baseline -0.004 -11"><span class='ocrx_word' id='word_1_21' title='bbox 132 399 400 448; x_wconf 88' lang='lat' dir='ltr'>decurrisset,</span> <span class='ocrx_word' id='word_1_22' title='bbox 437 398 578 438; x_wconf 90' lang='lat' dir='ltr'>Tusco</span> <span class='ocrx_word' id='word_1_23' title='bbox 604 397 696 438; x_wconf 78' lang='lat' dir='ltr'>vico</span> <span class='ocrx_word' id='word_1_24' title='bbox 723 406 845 451; x_wconf 86' lang='lat' dir='ltr'>atquc</span> <span class='ocrx_word' id='word_1_25' title='bbox 876 398 971 439; x_wconf 91' lang='lat' dir='ltr'>inde</span> <span class='ocrx_word' id='word_1_26' title='bbox 999 397 1193 438; x_wconf 78' lang='lat' dir='ltr'>Cermalo</span> <span class='ocrx_word' id='word_1_27' title='bbox 1224 411 1297 451; x_wconf 89' lang='lat' dir='ltr'>per</span> <span class='ocrx_word' id='word_1_28' title='bbox 1327 403 1490 450; x_wconf 88' lang='lat' dir='ltr'>portam</span> 
     </span>
     <span class='ocr_line' id='line_1_5' title="bbox 133 457 1490 516; baseline -0.004 -13"><span class='ocrx_word' id='word_1_29' title='bbox 133 460 350 516; x_wconf 75' lang='lat' dir='ltr'>Capenam</span> <span class='ocrx_word' id='word_1_30' title='bbox 374 474 502 515; x_wconf 84' lang='lat' dir='ltr'>prope</span> <span class='ocrx_word' id='word_1_31' title='bbox 528 459 707 500; x_wconf 86' lang='lat' dir='ltr'>intactus</span> <span class='ocrx_word' id='word_1_32' title='bbox 735 468 936 501; x_wconf 81' lang='lat' dir='ltr'>evaserat.</span> <span class='ocrx_word' id='word_1_33' title='bbox 985 460 1088 500; x_wconf 88' lang='lat' dir='ltr'>haec</span> <span class='ocrx_word' id='word_1_34' title='bbox 1111 458 1302 514; x_wconf 83' lang='lat' dir='ltr'>prodigia</span> <span class='ocrx_word' id='word_1_35' title='bbox 1325 457 1490 498; x_wconf 89' lang='grc'><strong>111111011-</strong></span> 
     </span>
     <span class='ocr_line' id='line_1_6' title="bbox 131 522 764 581; baseline -0.003 -17"><span class='ocrx_word' id='word_1_36' title='bbox 131 524 208 564; x_wconf 90' lang='lat' dir='ltr'>bus</span> <span class='ocrx_word' id='word_1_37' title='bbox 236 522 382 578; x_wconf 79' lang='lat' dir='ltr'>hostiis</span> <span class='ocrx_word' id='word_1_38' title='bbox 410 529 507 581; x_wconf 59' lang='lat' dir='ltr'>sunt</span> <span class='ocrx_word' id='word_1_39' title='bbox 530 530 764 575; x_wconf 87' lang='lat' dir='ltr'>procurata.</span> 
     </span>
    </p>

    <p class='ocr_par' dir='ltr' id='par_1_3' title="bbox 132 579 1496 1255">
     <span class='ocr_line' id='line_1_7' title="bbox 216 579 1491 633; baseline -0.004 -9"><span class='ocrx_word' id='word_1_40' title='bbox 216 583 416 626; x_wconf 83' lang='lat' dir='ltr'>XXVII.</span> <span class='ocrx_word' id='word_1_41' title='bbox 476 586 619 626; x_wconf 89' lang='lat' dir='ltr'>Isdem</span> <span class='ocrx_word' id='word_1_42' title='bbox 656 584 801 623; x_wconf 87' lang='lat' dir='ltr'>diebus</span> <span class='ocrx_word' id='word_1_43' title='bbox 842 582 920 623; x_wconf 89' lang='lat' dir='ltr'>Cn.</span> <span class='ocrx_word' id='word_1_44' title='bbox 960 582 1179 624; x_wconf 87' lang='lat' dir='ltr'>Cornelius</span> <span class='ocrx_word' id='word_1_45' title='bbox 1216 581 1379 630; x_wconf 80' lang='lat' dir='ltr'>Blasio,</span> <span class='ocrx_word' id='word_1_46' title='bbox 1423 579 1491 633; x_wconf 89' lang='lat' dir='ltr'>qui</span> 
     </span>
     <span class='ocr_line' id='line_1_8' title="bbox 133 642 1492 701; baseline -0.003 -15"><span class='ocrx_word' id='word_1_47' title='bbox 133 653 227 686; x_wconf 89' lang='lat' dir='ltr'>ante</span> <span class='ocrx_word' id='word_1_48' title='bbox 261 644 311 686; x_wconf 86' lang='lat' dir='ltr'>C.</span> <span class='ocrx_word' id='word_1_49' title='bbox 346 645 642 701; x_wconf 79' lang='lat' dir='ltr'>Sempronium</span> <span class='ocrx_word' id='word_1_50' title='bbox 679 645 936 685; x_wconf 80' lang='lat' dir='ltr'>Tuditanum</span> <span class='ocrx_word' id='word_1_51' title='bbox 974 645 1205 685; x_wconf 78' lang='lat' dir='ltr'>citeriorem</span> <span class='ocrx_word' id='word_1_52' title='bbox 1240 642 1492 697; x_wconf 76' lang='lat' dir='ltr'>Hispaniam</span> 
     </span>
     <span class='ocr_line' id='line_1_9' title="bbox 132 704 1494 757; baseline -0.004 -8"><span class='ocrx_word' id='word_1_53' title='bbox 132 707 385 757; x_wconf 80' lang='lat' dir='ltr'>obtinuerat,</span> <span class='ocrx_word' id='word_1_54' title='bbox 430 724 560 749; x_wconf 71' lang='lat' dir='ltr'>ovans</span> <span class='ocrx_word' id='word_1_55' title='bbox 606 723 657 749; x_wconf 80' lang='lat' dir='ltr'>ex</span> <span class='ocrx_word' id='word_1_56' title='bbox 704 715 872 748; x_wconf 84' lang='lat' dir='ltr'>senatus</span> <span class='ocrx_word' id='word_1_57' title='bbox 917 707 1106 748; x_wconf 87' lang='lat' dir='ltr'>consulto</span> <span class='ocrx_word' id='word_1_58' title='bbox 1148 707 1293 746; x_wconf 88' lang='lat' dir='ltr'>urbem</span> <span class='ocrx_word' id='word_1_59' title='bbox 1333 712 1396 744; x_wconf 86' lang='lat' dir='ltr'>cst</span> <span class='ocrx_word' id='word_1_60' title='bbox 1431 704 1494 743; x_wconf 87' lang='lat' dir='ltr'>in-</span> 
     </span>
     <span class='ocr_line' id='line_1_10' title="bbox 132 766 1492 825; baseline -0.004 -15"><span class='ocrx_word' id='word_1_61' title='bbox 132 785 316 825; x_wconf 83' lang='lat' dir='ltr'>gressus.</span> <span class='ocrx_word' id='word_1_62' title='bbox 377 770 469 810; x_wconf 90' lang='lat' dir='ltr'>tulit</span> <span class='ocrx_word' id='word_1_63' title='bbox 494 786 591 825; x_wconf 88' lang='lat' dir='ltr'>prae</span> <span class='ocrx_word' id='word_1_64' title='bbox 619 785 662 810; x_wconf 91' lang='lat' dir='ltr'>se</span> <span class='ocrx_word' id='word_1_65' title='bbox 688 770 776 809; x_wconf 88' lang='lat' dir='ltr'>auri</span> <span class='ocrx_word' id='word_1_66' title='bbox 801 769 912 809; x_wconf 88' lang='lat' dir='ltr'>mille</span> <span class='ocrx_word' id='word_1_67' title='bbox 939 776 979 809; x_wconf 92' lang='lat' dir='ltr'>et</span> <span class='ocrx_word' id='word_1_68' title='bbox 1004 768 1230 822; x_wconf 80' lang='lat' dir='ltr'>quingenta</span> <span class='ocrx_word' id='word_1_69' title='bbox 1256 766 1492 820; x_wconf 83' lang='lat' dir='ltr'>quindecim</span> 
     </span>
     <span class='ocr_line' id='line_1_11' title="bbox 132 828 1495 886; baseline -0.004 -14"><span class='ocrx_word' id='word_1_70' title='bbox 132 831 291 886; x_wconf 86' lang='lat' dir='ltr'>pondo,</span> <span class='ocrx_word' id='word_1_71' title='bbox 331 833 492 886; x_wconf 78' lang='lat' dir='ltr'>argenti</span> <span class='ocrx_word' id='word_1_72' title='bbox 528 831 675 886; x_wconf 77' lang='lat' dir='ltr'>viginti</span> <span class='ocrx_word' id='word_1_73' title='bbox 711 831 843 880; x_wconf 85' lang='lat' dir='ltr'>milia,</span> <span class='ocrx_word' id='word_1_74' title='bbox 883 831 1035 885; x_wconf 86' lang='lat' dir='ltr'>signati</span> <span class='ocrx_word' id='word_1_75' title='bbox 1073 829 1288 870; x_wconf 76' lang='lat' dir='ltr'>denarium</span> <span class='ocrx_word' id='word_1_76' title='bbox 1325 828 1495 883; x_wconf 86' lang='lat' dir='ltr'>triginta</span> 
     </span>
     <span class='ocr_line' id='line_1_12' title="bbox 134 889 1493 947; baseline -0.002 -15"><span class='ocrx_word' id='word_1_77' title='bbox 134 900 327 945; x_wconf 90' lang='lat' dir='ltr'>quattuor</span> <span class='ocrx_word' id='word_1_78' title='bbox 358 894 471 934; x_wconf 87' lang='lat' dir='ltr'>milia</span> <span class='ocrx_word' id='word_1_79' title='bbox 496 904 535 934; x_wconf 92' lang='lat' dir='ltr'>et</span> <span class='ocrx_word' id='word_1_80' title='bbox 567 893 830 947; x_wconf 85' lang='lat' dir='ltr'>quingentos.</span> <span class='ocrx_word' id='word_1_81' title='bbox 893 893 947 932; x_wconf 88' lang='lat' dir='ltr'>L.</span> <span class='ocrx_word' id='word_1_82' title='bbox 975 891 1198 932; x_wconf 76' lang='lat' dir='ltr'>Stertinius</span> <span class='ocrx_word' id='word_1_83' title='bbox 1225 906 1276 931; x_wconf 79' lang='lat' dir='ltr'>ex</span> <span class='ocrx_word' id='word_1_84' title='bbox 1300 889 1493 930; x_wconf 87' lang='lat' dir='ltr'>ulteriore</span> 
     </span>
     <span class='ocr_line' id='line_1_13' title="bbox 134 952 1494 1009; baseline -0.002 -15"><span class='ocrx_word' id='word_1_85' title='bbox 134 955 354 1009; x_wconf 81' lang='lat' dir='ltr'>Hispania,</span> <span class='ocrx_word' id='word_1_86' title='bbox 381 970 432 995; x_wconf 92' lang='lat' dir='ltr'>ne</span> <span class='ocrx_word' id='word_1_87' title='bbox 453 962 654 1009; x_wconf 84' lang='lat' dir='ltr'>temptata</span> <span class='ocrx_word' id='word_1_88' title='bbox 675 954 841 1007; x_wconf 87' lang='lat' dir='ltr'>quidem</span> <span class='ocrx_word' id='word_1_89' title='bbox 862 954 1059 1008; x_wconf 88' lang='lat' dir='ltr'>triumphi</span> <span class='ocrx_word' id='word_1_90' title='bbox 1080 968 1166 1007; x_wconf 88' lang='lat' dir='ltr'>spe,</span> <span class='ocrx_word' id='word_1_91' title='bbox 1194 952 1494 1006; x_wconf 79' lang='lat' dir='ltr'>quinquaginta</span> 
     </span>
     <span class='ocr_line' id='line_1_14' title="bbox 134 1012 1492 1072; baseline -0.002 -16"><span class='ocrx_word' id='word_1_92' title='bbox 134 1017 247 1057; x_wconf 83' lang='lat' dir='ltr'>milia</span> <span class='ocrx_word' id='word_1_93' title='bbox 270 1018 410 1072; x_wconf 87' lang='lat' dir='ltr'>pondo</span> <span class='ocrx_word' id='word_1_94' title='bbox 435 1018 598 1071; x_wconf 78' lang='lat' dir='ltr'>argenti</span> <span class='ocrx_word' id='word_1_95' title='bbox 627 1017 669 1056; x_wconf 92' lang='grc'>111</span> <span class='ocrx_word' id='word_1_96' title='bbox 701 1016 905 1056; x_wconf 87' lang='lat' dir='ltr'>aerarium</span> <span class='ocrx_word' id='word_1_97' title='bbox 937 1015 1092 1062; x_wconf 87' lang='lat' dir='ltr'>intulit,</span> <span class='ocrx_word' id='word_1_98' title='bbox 1131 1023 1171 1055; x_wconf 88' lang='lat' dir='ltr'>et</span> <span class='ocrx_word' id='word_1_99' title='bbox 1203 1015 1253 1054; x_wconf 90' lang='lat' dir='ltr'>de</span> <span class='ocrx_word' id='word_1_100' title='bbox 1284 1012 1492 1054; x_wconf 86' lang='lat' dir='ltr'>manubiis</span> 
     </span>
     <span class='ocr_line' id='line_1_15' title="bbox 135 1075 1496 1119; baseline -0.004 -1"><span class='ocrx_word' id='word_1_101' title='bbox 135 1079 238 1119; x_wconf 87' lang='lat' dir='ltr'>duos</span> <span class='ocrx_word' id='word_1_102' title='bbox 277 1078 455 1118; x_wconf 76' lang='lat' dir='ltr'>fornices</span> <span class='ocrx_word' id='word_1_103' title='bbox 492 1078 535 1117; x_wconf 91' lang='lat' dir='ltr'>in</span> <span class='ocrx_word' id='word_1_104' title='bbox 572 1078 662 1118; x_wconf 81' lang='lat' dir='ltr'>soro</span> <span class='ocrx_word' id='word_1_105' title='bbox 697 1078 868 1117; x_wconf 78' lang='lat' dir='ltr'>bovario</span> <span class='ocrx_word' id='word_1_106' title='bbox 901 1085 996 1116; x_wconf 89' lang='lat' dir='ltr'>ante</span> <span class='ocrx_word' id='word_1_107' title='bbox 1027 1077 1238 1116; x_wconf 85' lang='lat' dir='ltr'>Fortunae</span> <span class='ocrx_word' id='word_1_108' title='bbox 1271 1075 1418 1114; x_wconf 87' lang='lat' dir='ltr'>aedem</span> <span class='ocrx_word' id='word_1_109' title='bbox 1455 1081 1496 1114; x_wconf 90' lang='lat' dir='ltr'>ct</span> 
     </span>
     <span class='ocr_line' id='line_1_16' title="bbox 134 1135 1496 1188; baseline -0.004 -8"><span class='ocrx_word' id='word_1_110' title='bbox 134 1140 277 1180; x_wconf 85' lang='lat' dir='ltr'>matris</span> <span class='ocrx_word' id='word_1_111' title='bbox 291 1140 496 1188; x_wconf 63' lang='lat' dir='ltr'>BIatutae,</span> <span class='ocrx_word' id='word_1_112' title='bbox 522 1154 651 1179; x_wconf 86' lang='lat' dir='ltr'>unum</span> <span class='ocrx_word' id='word_1_113' title='bbox 676 1139 716 1178; x_wconf 89' lang='lat' dir='ltr'>in</span> <span class='ocrx_word' id='word_1_114' title='bbox 744 1139 925 1178; x_wconf 76' lang='lat' dir='ltr'>maximo</span> <span class='ocrx_word' id='word_1_115' title='bbox 953 1138 1061 1177; x_wconf 86' lang='lat' dir='ltr'>circo</span> <span class='ocrx_word' id='word_1_116' title='bbox 1087 1136 1184 1176; x_wconf 87' lang='lat' dir='ltr'>fecit</span> <span class='ocrx_word' id='word_1_117' title='bbox 1211 1145 1249 1176; x_wconf 87' lang='lat' dir='ltr'>et</span> <span class='ocrx_word' id='word_1_118' title='bbox 1276 1135 1340 1175; x_wconf 92' lang='lat' dir='ltr'>his</span> <span class='ocrx_word' id='word_1_119' title='bbox 1367 1135 1496 1175; x_wconf 86' lang='lat' dir='ltr'>forni-</span> 
     </span>
     <span class='ocr_line' id='line_1_17' title="bbox 135 1198 1492 1255; baseline -0.003 -14"><span class='ocrx_word' id='word_1_120' title='bbox 135 1202 250 1242; x_wconf 81' lang='lat' dir='ltr'>cibus</span> <span class='ocrx_word' id='word_1_121' title='bbox 273 1202 392 1255; x_wconf 87' lang='lat' dir='ltr'>signa</span> <span class='ocrx_word' id='word_1_122' title='bbox 412 1208 556 1242; x_wconf 86' lang='lat' dir='ltr'>aurata</span> <span class='ocrx_word' id='word_1_123' title='bbox 580 1200 774 1255; x_wconf 76' lang='lat' dir='ltr'>inposuit.</span> <span class='ocrx_word' id='word_1_124' title='bbox 812 1200 915 1240; x_wconf 85' lang='lat' dir='ltr'>hacc</span> <span class='ocrx_word' id='word_1_125' title='bbox 936 1214 1009 1253; x_wconf 91' lang='lat' dir='ltr'>per</span> <span class='ocrx_word' id='word_1_126' title='bbox 1029 1199 1209 1238; x_wconf 87' lang='lat' dir='ltr'>hiemem</span> <span class='ocrx_word' id='word_1_127' title='bbox 1237 1198 1367 1238; x_wconf 87' lang='lat' dir='ltr'>ferme</span> <span class='ocrx_word' id='word_1_128' title='bbox 1388 1205 1492 1237; x_wconf 85' lang='lat' dir='ltr'>acta.</span> 
     </span>
    </p>

    <p class='ocr_par' dir='ltr' id='par_1_4' title="bbox 134 1260 1500 2476">
     <span class='ocr_line' id='line_1_18' title="bbox 218 1260 1495 1316; baseline -0.003 -14"><span class='ocrx_word' id='word_1_129' title='bbox 218 1264 480 1303; x_wconf 86' lang='lat' dir='ltr'>Hibernabat</span> <span class='ocrx_word' id='word_1_130' title='bbox 514 1277 561 1303; x_wconf 92' lang='lat' dir='ltr'>eo</span> <span class='ocrx_word' id='word_1_131' title='bbox 594 1270 779 1316; x_wconf 88' lang='lat' dir='ltr'>tempore</span> <span class='ocrx_word' id='word_1_132' title='bbox 804 1262 978 1301; x_wconf 87' lang='lat' dir='ltr'>Elateae</span> <span class='ocrx_word' id='word_1_133' title='bbox 1005 1261 1055 1300; x_wconf 89' lang='lat' dir='ltr'>T.</span> <span class='ocrx_word' id='word_1_134' title='bbox 1084 1260 1326 1311; x_wconf 79' lang='lat' dir='ltr'>Quinctius,</span> <span class='ocrx_word' id='word_1_135' title='bbox 1365 1274 1389 1299; x_wconf 92' lang='lat' dir='ltr'>a</span> <span class='ocrx_word' id='word_1_136' title='bbox 1414 1273 1495 1311; x_wconf 92' lang='lat' dir='ltr'>quo</span> 
     </span>
     <span class='ocr_line' id='line_1_19' title="bbox 135 1322 1496 1378; baseline -0.003 -13"><span class='ocrx_word' id='word_1_137' title='bbox 135 1339 228 1365; x_wconf 88' lang='grc'><strong>011111</strong></span> <span class='ocrx_word' id='word_1_138' title='bbox 248 1324 377 1364; x_wconf 86' lang='lat' dir='ltr'>multa</span> <span class='ocrx_word' id='word_1_139' title='bbox 397 1324 497 1365; x_wconf 80' lang='lat' dir='ltr'>socii</span> <span class='ocrx_word' id='word_1_140' title='bbox 522 1332 722 1378; x_wconf 86' lang='lat' dir='ltr'>peterent,</span> <span class='ocrx_word' id='word_1_141' title='bbox 742 1323 892 1364; x_wconf 87' lang='lat' dir='ltr'>Boeoti</span> <span class='ocrx_word' id='word_1_142' title='bbox 918 1322 1126 1377; x_wconf 84' lang='lat' dir='ltr'>petierunt</span> <span class='ocrx_word' id='word_1_143' title='bbox 1149 1322 1496 1376; x_wconf 82' lang='lat' dir='ltr'>impetraverunt-</span> 
     </span>
     <span class='ocr_line' id='line_1_20' title="bbox 135 1383 1498 1440; baseline -0.003 -14"><span class='ocrx_word' id='word_1_144' title='bbox 135 1401 233 1440; x_wconf 88' lang='lat' dir='ltr'>que,</span> <span class='ocrx_word' id='word_1_145' title='bbox 271 1394 316 1426; x_wconf 85' lang='lat' dir='ltr'>ut</span> <span class='ocrx_word' id='word_1_146' title='bbox 346 1386 416 1439; x_wconf 87' lang='lat' dir='ltr'>qui</span> <span class='ocrx_word' id='word_1_147' title='bbox 448 1401 546 1426; x_wconf 88' lang='lat' dir='ltr'>suae</span> <span class='ocrx_word' id='word_1_148' title='bbox 578 1386 712 1440; x_wconf 78' lang='lat' dir='ltr'>gentis</span> <span class='ocrx_word' id='word_1_149' title='bbox 745 1385 993 1426; x_wconf 85' lang='lat' dir='ltr'>militassent</span> <span class='ocrx_word' id='word_1_150' title='bbox 1025 1392 1123 1439; x_wconf 88' lang='lat' dir='ltr'>aput</span> <span class='ocrx_word' id='word_1_151' title='bbox 1147 1384 1391 1439; x_wconf 83' lang='lat' dir='ltr'>Philippum</span> <span class='ocrx_word' id='word_1_152' title='bbox 1417 1383 1498 1423; x_wconf 89' lang='lat' dir='ltr'>sibi</span> 
     </span>
     <span class='ocr_line' id='line_1_21' title="bbox 134 1445 1497 1501; baseline -0.003 -12"><span class='ocrx_word' id='word_1_153' title='bbox 134 1448 460 1489; x_wconf 87' lang='lat' dir='ltr'>restituerentur.</span> <span class='ocrx_word' id='word_1_154' title='bbox 502 1448 546 1488; x_wconf 91' lang='lat' dir='ltr'>id</span> <span class='ocrx_word' id='word_1_155' title='bbox 571 1463 595 1488; x_wconf 86' lang='lat' dir='ltr'>a</span> <span class='ocrx_word' id='word_1_156' title='bbox 614 1448 813 1499; x_wconf 80' lang='lat' dir='ltr'>Quinctio</span> <span class='ocrx_word' id='word_1_157' title='bbox 839 1447 960 1488; x_wconf 86' lang='lat' dir='ltr'>facile</span> <span class='ocrx_word' id='word_1_158' title='bbox 986 1447 1263 1501; x_wconf 86' lang='lat' dir='ltr'>impetratum,</span> <span class='ocrx_word' id='word_1_159' title='bbox 1291 1461 1375 1486; x_wconf 91' lang='grc'><strong>11011</strong></span> <span class='ocrx_word' id='word_1_160' title='bbox 1401 1445 1497 1498; x_wconf 88' lang='grc'><strong>(111111</strong></span> 
     </span>
     <span class='ocr_line' id='line_1_22' title="bbox 136 1507 1496 1564; baseline -0.003 -14"><span class='ocrx_word' id='word_1_161' title='bbox 136 1510 237 1551; x_wconf 87' lang='lat' dir='ltr'>satis</span> <span class='ocrx_word' id='word_1_162' title='bbox 269 1510 417 1564; x_wconf 86' lang='lat' dir='ltr'>dignos</span> <span class='ocrx_word' id='word_1_163' title='bbox 451 1525 521 1550; x_wconf 92' lang='lat' dir='ltr'>eos</span> <span class='ocrx_word' id='word_1_164' title='bbox 555 1510 767 1558; x_wconf 85' lang='lat' dir='ltr'>credebat,</span> <span class='ocrx_word' id='word_1_165' title='bbox 807 1509 882 1550; x_wconf 85' lang='lat' dir='ltr'>sed</span> <span class='ocrx_word' id='word_1_166' title='bbox 913 1508 1009 1562; x_wconf 87' lang='lat' dir='ltr'>quia</span> <span class='ocrx_word' id='word_1_167' title='bbox 1039 1508 1251 1549; x_wconf 85' lang='lat' dir='ltr'>Antiocho</span> <span class='ocrx_word' id='word_1_168' title='bbox 1283 1522 1382 1562; x_wconf 88' lang='lat' dir='ltr'>rege</span> <span class='ocrx_word' id='word_1_169' title='bbox 1413 1507 1496 1547; x_wconf 90' lang='lat' dir='ltr'>iam</span> 
     </span>
     <span class='ocr_line' id='line_1_23' title="bbox 137 1569 1494 1626; baseline -0.002 -14"><span class='ocrx_word' id='word_1_170' title='bbox 137 1580 330 1626; x_wconf 82' lang='lat' dir='ltr'>suspecto</span> <span class='ocrx_word' id='word_1_171' title='bbox 354 1572 473 1611; x_wconf 79' lang='lat' dir='ltr'>favor</span> <span class='ocrx_word' id='word_1_172' title='bbox 499 1571 780 1612; x_wconf 82' lang='lat' dir='ltr'>conciliandus</span> <span class='ocrx_word' id='word_1_173' title='bbox 802 1571 960 1611; x_wconf 89' lang='lat' dir='ltr'>nomini</span> <span class='ocrx_word' id='word_1_174' title='bbox 973 1571 1164 1611; x_wconf 79' lang='lat' dir='ltr'>Romano</span> <span class='ocrx_word' id='word_1_175' title='bbox 1186 1577 1285 1625; x_wconf 84' lang='lat' dir='ltr'>aput</span> <span class='ocrx_word' id='word_1_176' title='bbox 1306 1569 1494 1610; x_wconf 79' lang='lat' dir='ltr'>civitates</span> 
     </span>
     <span class='ocr_line' id='line_1_24' title="bbox 137 1630 1496 1687; baseline -0.004 -13"><span class='ocrx_word' id='word_1_177' title='bbox 137 1640 237 1674; x_wconf 86' lang='lat' dir='ltr'>erat.</span> <span class='ocrx_word' id='word_1_178' title='bbox 296 1634 496 1674; x_wconf 83' lang='lat' dir='ltr'>restitutis</span> <span class='ocrx_word' id='word_1_179' title='bbox 527 1634 577 1673; x_wconf 90' lang='lat' dir='ltr'>iis</span> <span class='ocrx_word' id='word_1_180' title='bbox 604 1633 823 1674; x_wconf 85' lang='lat' dir='ltr'>confestim</span> <span class='ocrx_word' id='word_1_181' title='bbox 849 1633 1057 1687; x_wconf 87' lang='lat' dir='ltr'>adparuit,</span> <span class='ocrx_word' id='word_1_182' title='bbox 1096 1647 1221 1685; x_wconf 88' lang='lat' dir='ltr'>quam</span> <span class='ocrx_word' id='word_1_183' title='bbox 1252 1632 1365 1671; x_wconf 87' lang='lat' dir='ltr'>nulla</span> <span class='ocrx_word' id='word_1_184' title='bbox 1394 1630 1496 1670; x_wconf 87' lang='lat' dir='ltr'>inita</span> 
     </span>
     <span class='ocr_line' id='line_1_25' title="bbox 139 1693 1496 1750; baseline -0.003 -15"><span class='ocrx_word' id='word_1_185' title='bbox 139 1702 238 1750; x_wconf 87' lang='lat' dir='ltr'>aput</span> <span class='ocrx_word' id='word_1_186' title='bbox 266 1695 448 1735; x_wconf 86' lang='lat' dir='ltr'>Boeotos</span> <span class='ocrx_word' id='word_1_187' title='bbox 486 1695 620 1749; x_wconf 85' lang='lat' dir='ltr'>gratia</span> <span class='ocrx_word' id='word_1_188' title='bbox 656 1702 778 1734; x_wconf 80' lang='lat' dir='ltr'>esset.</span> <span class='ocrx_word' id='word_1_189' title='bbox 839 1710 935 1734; x_wconf 89' lang='lat' dir='ltr'>nam</span> <span class='ocrx_word' id='word_1_190' title='bbox 974 1695 1026 1734; x_wconf 90' lang='lat' dir='ltr'>ad</span> <span class='ocrx_word' id='word_1_191' title='bbox 1055 1694 1299 1748; x_wconf 86' lang='lat' dir='ltr'>Philippum</span> <span class='ocrx_word' id='word_1_192' title='bbox 1335 1693 1496 1746; x_wconf 83' lang='lat' dir='ltr'>legatos</span> 
     </span>
     <span class='ocr_line' id='line_1_26' title="bbox 137 1755 1497 1813; baseline -0.003 -15"><span class='ocrx_word' id='word_1_193' title='bbox 137 1757 293 1813; x_wconf 88' lang='lat' dir='ltr'>gratias</span> <span class='ocrx_word' id='word_1_194' title='bbox 320 1764 490 1812; x_wconf 84' lang='lat' dir='ltr'>agentes</span> <span class='ocrx_word' id='word_1_195' title='bbox 518 1757 555 1797; x_wconf 91' lang='lat' dir='ltr'>ei</span> <span class='ocrx_word' id='word_1_196' title='bbox 584 1772 659 1811; x_wconf 89' lang='lat' dir='ltr'>pro</span> <span class='ocrx_word' id='word_1_197' title='bbox 684 1756 855 1797; x_wconf 82' lang='lat' dir='ltr'>redditis</span> <span class='ocrx_word' id='word_1_198' title='bbox 882 1756 1138 1804; x_wconf 86' lang='lat' dir='ltr'>hominibus,</span> <span class='ocrx_word' id='word_1_199' title='bbox 1177 1755 1348 1809; x_wconf 81' lang='lat' dir='ltr'>perinde</span> <span class='ocrx_word' id='word_1_200' title='bbox 1375 1763 1497 1806; x_wconf 84' lang='lat' dir='ltr'>atque</span> 
     </span>
     <span class='ocr_line' id='line_1_27' title="bbox 138 1815 1498 1874; baseline -0.003 -15"><span class='ocrx_word' id='word_1_201' title='bbox 138 1819 239 1874; x_wconf 89' lang='lat' dir='ltr'>ipsis</span> <span class='ocrx_word' id='word_1_202' title='bbox 265 1819 314 1859; x_wconf 89' lang='lat' dir='ltr'>iis</span> <span class='ocrx_word' id='word_1_203' title='bbox 341 1828 381 1859; x_wconf 91' lang='lat' dir='ltr'>et</span> <span class='ocrx_word' id='word_1_204' title='bbox 405 1834 488 1860; x_wconf 88' lang='lat' dir='ltr'>non</span> <span class='ocrx_word' id='word_1_205' title='bbox 514 1818 710 1870; x_wconf 77' lang='lat' dir='ltr'>Quinctio</span> <span class='ocrx_word' id='word_1_206' title='bbox 738 1826 778 1859; x_wconf 87' lang='lat' dir='ltr'>et</span> <span class='ocrx_word' id='word_1_207' title='bbox 802 1818 1004 1858; x_wconf 84' lang='lat' dir='ltr'>Romanis</span> <span class='ocrx_word' id='word_1_208' title='bbox 1030 1818 1072 1857; x_wconf 92' lang='lat' dir='ltr'>id</span> <span class='ocrx_word' id='word_1_209' title='bbox 1099 1818 1240 1857; x_wconf 89' lang='lat' dir='ltr'>datum</span> <span class='ocrx_word' id='word_1_210' title='bbox 1267 1824 1396 1864; x_wconf 87' lang='lat' dir='ltr'>esset,</span> <span class='ocrx_word' id='word_1_211' title='bbox 1422 1815 1498 1855; x_wconf 90' lang='grc'><strong>1111-</strong></span> 
     </span>
     <span class='ocr_line' id='line_1_28' title="bbox 139 1878 1498 1935; baseline -0.003 -14"><span class='ocrx_word' id='word_1_212' title='bbox 139 1889 281 1922; x_wconf 81' lang='lat' dir='ltr'>serunt</span> <span class='ocrx_word' id='word_1_213' title='bbox 307 1890 347 1921; x_wconf 90' lang='lat' dir='ltr'>et</span> <span class='ocrx_word' id='word_1_214' title='bbox 372 1880 547 1921; x_wconf 88' lang='lat' dir='ltr'>comitiis</span> <span class='ocrx_word' id='word_1_215' title='bbox 572 1880 772 1935; x_wconf 74' lang='lat' dir='ltr'>proximis</span> <span class='ocrx_word' id='word_1_216' title='bbox 798 1879 1089 1921; x_wconf 79' lang='lat' dir='ltr'>Boeotarchen</span> <span class='ocrx_word' id='word_1_217' title='bbox 1115 1880 1167 1920; x_wconf 88' lang='lat' dir='ltr'>ob</span> <span class='ocrx_word' id='word_1_218' title='bbox 1192 1878 1349 1918; x_wconf 89' lang='lat' dir='ltr'>nullam</span> <span class='ocrx_word' id='word_1_219' title='bbox 1375 1878 1498 1918; x_wconf 87' lang='lat' dir='ltr'>aliam</span> 
     </span>
     <span class='ocr_line' id='line_1_29' title="bbox 139 1939 1497 1996; baseline -0.003 -13"><span class='ocrx_word' id='word_1_220' title='bbox 139 1958 308 1984; x_wconf 88' lang='lat' dir='ltr'>causam</span> <span class='ocrx_word' id='word_1_221' title='bbox 349 1943 618 1996; x_wconf 80' lang='lat' dir='ltr'>Brachyllem</span> <span class='ocrx_word' id='word_1_222' title='bbox 662 1943 888 1995; x_wconf 87' lang='lat' dir='ltr'>quendam,</span> <span class='ocrx_word' id='word_1_223' title='bbox 938 1956 1063 1994; x_wconf 86' lang='lat' dir='ltr'>quam</span> <span class='ocrx_word' id='word_1_224' title='bbox 1105 1941 1216 1994; x_wconf 90' lang='lat' dir='ltr'>quod</span> <span class='ocrx_word' id='word_1_225' title='bbox 1262 1939 1497 1994; x_wconf 88' lang='lat' dir='ltr'>praefectus</span> 
     </span>
     <span class='ocr_line' id='line_1_30' title="bbox 138 2003 1499 2059; baseline -0.004 -14"><span class='ocrx_word' id='word_1_226' title='bbox 138 2005 395 2046; x_wconf 89' lang='lat' dir='ltr'>Boeotorum</span> <span class='ocrx_word' id='word_1_227' title='bbox 416 2012 515 2059; x_wconf 89' lang='lat' dir='ltr'>aput</span> <span class='ocrx_word' id='word_1_228' title='bbox 532 2019 675 2059; x_wconf 84' lang='lat' dir='ltr'>regem</span> <span class='ocrx_word' id='word_1_229' title='bbox 694 2004 960 2044; x_wconf 86' lang='lat' dir='ltr'>militantium</span> <span class='ocrx_word' id='word_1_230' title='bbox 980 2003 1141 2052; x_wconf 87' lang='lat' dir='ltr'>fuisset,</span> <span class='ocrx_word' id='word_1_231' title='bbox 1168 2003 1356 2042; x_wconf 89' lang='lat' dir='ltr'>fecerunt</span> <span class='ocrx_word' id='word_1_232' title='bbox 1380 2015 1499 2055; x_wconf 91' lang='lat' dir='ltr'>prae-</span> 
     </span>
     <span class='ocr_line' id='line_1_31' title="bbox 139 2062 1500 2121; baseline -0.004 -14"><span class='ocrx_word' id='word_1_233' title='bbox 139 2067 267 2108; x_wconf 83' lang='lat' dir='ltr'>teritis</span> <span class='ocrx_word' id='word_1_234' title='bbox 284 2066 501 2121; x_wconf 79' lang='lat' dir='ltr'>Zeuxippo</span> <span class='ocrx_word' id='word_1_235' title='bbox 528 2073 568 2106; x_wconf 88' lang='lat' dir='ltr'>et</span> <span class='ocrx_word' id='word_1_236' title='bbox 580 2066 803 2107; x_wconf 84' lang='lat' dir='ltr'>Pisistrato</span> <span class='ocrx_word' id='word_1_237' title='bbox 829 2066 1016 2118; x_wconf 87' lang='lat' dir='ltr'>aliisque,</span> <span class='ocrx_word' id='word_1_238' title='bbox 1044 2065 1112 2118; x_wconf 89' lang='lat' dir='ltr'>qui</span> <span class='ocrx_word' id='word_1_239' title='bbox 1127 2065 1342 2105; x_wconf 83' lang='lat' dir='ltr'>Romanae</span> <span class='ocrx_word' id='word_1_240' title='bbox 1369 2062 1500 2103; x_wconf 85' lang='lat' dir='ltr'>socie-</span> 
     </span>
     <span class='ocr_line' id='line_1_32' title="bbox 139 2123 1499 2182; baseline -0.004 -13"><span class='ocrx_word' id='word_1_241' title='bbox 139 2128 234 2169; x_wconf 82' lang='lat' dir='ltr'>tatis</span> <span class='ocrx_word' id='word_1_242' title='bbox 262 2136 449 2169; x_wconf 84' lang='lat' dir='ltr'>auctores</span> <span class='ocrx_word' id='word_1_243' title='bbox 475 2129 652 2169; x_wconf 84' lang='lat' dir='ltr'>fuerant.</span> <span class='ocrx_word' id='word_1_244' title='bbox 707 2128 750 2167; x_wconf 93' lang='lat' dir='ltr'>id</span> <span class='ocrx_word' id='word_1_245' title='bbox 775 2142 898 2182; x_wconf 87' lang='lat' dir='ltr'>aegre</span> <span class='ocrx_word' id='word_1_246' title='bbox 925 2135 965 2168; x_wconf 91' lang='lat' dir='ltr'>et</span> <span class='ocrx_word' id='word_1_247' title='bbox 990 2127 1031 2166; x_wconf 91' lang='lat' dir='ltr'>in</span> <span class='ocrx_word' id='word_1_248' title='bbox 1056 2125 1293 2181; x_wconf 85' lang='lat' dir='ltr'>praesentia</span> <span class='ocrx_word' id='word_1_249' title='bbox 1318 2124 1359 2164; x_wconf 94' lang='lat' dir='ltr'>hi</span> <span class='ocrx_word' id='word_1_250' title='bbox 1383 2123 1499 2178; x_wconf 84' lang='lat' dir='ltr'>passi</span> 
     </span>
     <span class='ocr_line' id='line_1_33' title="bbox 141 2187 1497 2243; baseline -0.003 -13"><span class='ocrx_word' id='word_1_251' title='bbox 141 2197 181 2230; x_wconf 84' lang='lat' dir='ltr'>ct</span> <span class='ocrx_word' id='word_1_252' title='bbox 216 2190 259 2229; x_wconf 90' lang='lat' dir='ltr'>in</span> <span class='ocrx_word' id='word_1_253' title='bbox 295 2190 481 2230; x_wconf 86' lang='lat' dir='ltr'>futurum</span> <span class='ocrx_word' id='word_1_254' title='bbox 518 2190 643 2230; x_wconf 87' lang='lat' dir='ltr'>etiam</span> <span class='ocrx_word' id='word_1_255' title='bbox 678 2196 834 2230; x_wconf 87' lang='lat' dir='ltr'>metum</span> <span class='ocrx_word' id='word_1_256' title='bbox 872 2196 1087 2243; x_wconf 86' lang='lat' dir='ltr'>ceperunt:</span> <span class='ocrx_word' id='word_1_257' title='bbox 1138 2203 1231 2228; x_wconf 91' lang='lat' dir='ltr'>cum</span> <span class='ocrx_word' id='word_1_258' title='bbox 1268 2187 1321 2227; x_wconf 89' lang='lat' dir='ltr'>ad</span> <span class='ocrx_word' id='word_1_259' title='bbox 1356 2193 1497 2240; x_wconf 83' lang='lat' dir='ltr'>portas</span> 
     </span>
     <span class='ocr_line' id='line_1_34' title="bbox 141 2249 1499 2305; baseline -0.002 -14"><span class='ocrx_word' id='word_1_260' title='bbox 141 2266 269 2305; x_wconf 90' lang='lat' dir='ltr'>prope</span> <span class='ocrx_word' id='word_1_261' title='bbox 302 2251 471 2291; x_wconf 87' lang='lat' dir='ltr'>sedente</span> <span class='ocrx_word' id='word_1_262' title='bbox 504 2251 688 2291; x_wconf 81' lang='lat' dir='ltr'>exercitu</span> <span class='ocrx_word' id='word_1_263' title='bbox 716 2251 908 2291; x_wconf 84' lang='lat' dir='ltr'>Romano</span> <span class='ocrx_word' id='word_1_264' title='bbox 940 2265 988 2291; x_wconf 90' lang='lat' dir='ltr'>ea</span> <span class='ocrx_word' id='word_1_265' title='bbox 1018 2250 1180 2298; x_wconf 86' lang='lat' dir='ltr'>fierent,</span> <span class='ocrx_word' id='word_1_266' title='bbox 1220 2249 1417 2301; x_wconf 86' lang='lat' dir='ltr'>quidnam</span> <span class='ocrx_word' id='word_1_267' title='bbox 1455 2262 1499 2288; x_wconf 84' lang='lat' dir='ltr'>se</span> 
     </span>
     <span class='ocr_line' id='line_1_35' title="bbox 142 2310 1499 2367; baseline -0.002 -15"><span class='ocrx_word' id='word_1_268' title='bbox 142 2314 325 2353; x_wconf 87' lang='lat' dir='ltr'>futurum</span> <span class='ocrx_word' id='word_1_269' title='bbox 358 2327 450 2353; x_wconf 86' lang='lat' dir='ltr'>esse</span> <span class='ocrx_word' id='word_1_270' title='bbox 481 2313 678 2367; x_wconf 86' lang='lat' dir='ltr'>profectis</span> <span class='ocrx_word' id='word_1_271' title='bbox 710 2313 753 2352; x_wconf 90' lang='grc'>111</span> <span class='ocrx_word' id='word_1_272' title='bbox 778 2313 942 2352; x_wconf 88' lang='lat' dir='ltr'>Italiam</span> <span class='ocrx_word' id='word_1_273' title='bbox 966 2312 1188 2360; x_wconf 80' lang='lat' dir='ltr'>Romanis,</span> <span class='ocrx_word' id='word_1_274' title='bbox 1225 2310 1421 2364; x_wconf 88' lang='lat' dir='ltr'>Philippo</span> <span class='ocrx_word' id='word_1_275' title='bbox 1448 2324 1499 2349; x_wconf 86' lang='lat' dir='ltr'>cx</span> 
     </span>
     <span class='ocr_line' id='line_1_36' title="bbox 142 2372 1500 2428; baseline -0.003 -13"><span class='ocrx_word' id='word_1_276' title='bbox 142 2374 373 2428; x_wconf 83' lang='lat' dir='ltr'>propinquo</span> <span class='ocrx_word' id='word_1_277' title='bbox 400 2374 533 2415; x_wconf 87' lang='lat' dir='ltr'>socios</span> <span class='ocrx_word' id='word_1_278' title='bbox 560 2375 780 2414; x_wconf 81' lang='lat' dir='ltr'>adiuvante</span> <span class='ocrx_word' id='word_1_279' title='bbox 807 2382 845 2414; x_wconf 90' lang='lat' dir='ltr'>et</span> <span class='ocrx_word' id='word_1_280' title='bbox 876 2374 1029 2414; x_wconf 84' lang='lat' dir='ltr'>infesto</span> <span class='ocrx_word' id='word_1_281' title='bbox 1060 2373 1129 2422; x_wconf 90' lang='grc'><strong>115,</strong></span> <span class='ocrx_word' id='word_1_282' title='bbox 1170 2373 1237 2426; x_wconf 85' lang='grc'><strong>(1111</strong></span> <span class='ocrx_word' id='word_1_283' title='bbox 1267 2373 1395 2427; x_wconf 88' lang='lat' dir='ltr'>partis</span> <span class='ocrx_word' id='word_1_284' title='bbox 1428 2372 1500 2412; x_wconf 83' lang='lat' dir='ltr'>ad-</span> 
     </span>
     <span class='ocr_line' id='line_1_37' title="bbox 143 2436 516 2476; baseline -0.003 0"><span class='ocrx_word' id='word_1_285' title='bbox 143 2450 288 2476; x_wconf 78' lang='lat' dir='ltr'>versae</span> <span class='ocrx_word' id='word_1_286' title='bbox 314 2436 516 2476; x_wconf 84' lang='lat' dir='ltr'>fuissent?</span> 
     </span>
    </p>

    <p class='ocr_par' dir='ltr' id='par_1_5' title="bbox 144 2496 1497 2614">
     <span class='ocr_line' id='line_1_38' title="bbox 227 2496 1497 2551; baseline -0.001 -14"><span class='ocrx_word' id='word_1_287' title='bbox 227 2497 449 2539; x_wconf 81' lang='lat' dir='ltr'>XXVIII.</span> <span class='ocrx_word' id='word_1_288' title='bbox 487 2497 603 2537; x_wconf 90' lang='lat' dir='ltr'>Dum</span> <span class='ocrx_word' id='word_1_289' title='bbox 617 2497 809 2538; x_wconf 78' lang='lat' dir='ltr'>Romana</span> <span class='ocrx_word' id='word_1_290' title='bbox 834 2512 948 2537; x_wconf 87' lang='lat' dir='ltr'>arma</span> <span class='ocrx_word' id='word_1_291' title='bbox 966 2497 1009 2537; x_wconf 91' lang='lat' dir='ltr'>in</span> <span class='ocrx_word' id='word_1_292' title='bbox 1034 2497 1265 2551; x_wconf 85' lang='lat' dir='ltr'>propinquo</span> <span class='ocrx_word' id='word_1_293' title='bbox 1284 2496 1497 2545; x_wconf 85' lang='lat' dir='ltr'>haberent,</span> 
     </span>
     <span class='ocr_line' id='line_1_39' title="bbox 144 2559 1497 2614; baseline -0.001 -15"><span class='ocrx_word' id='word_1_294' title='bbox 144 2559 286 2600; x_wconf 87' lang='lat' dir='ltr'>tollere</span> <span class='ocrx_word' id='word_1_295' title='bbox 309 2559 589 2613; x_wconf 71' lang='lat' dir='ltr'>Brachyllem,</span> <span class='ocrx_word' id='word_1_296' title='bbox 615 2559 843 2614; x_wconf 88' lang='lat' dir='ltr'>principem</span> <span class='ocrx_word' id='word_1_297' title='bbox 869 2559 1076 2599; x_wconf 88' lang='lat' dir='ltr'>fautorum</span> <span class='ocrx_word' id='word_1_298' title='bbox 1100 2559 1224 2613; x_wconf 87' lang='lat' dir='ltr'>regis,</span> <span class='ocrx_word' id='word_1_299' title='bbox 1252 2564 1497 2599; x_wconf 87' lang='lat' dir='ltr'>statuerunt.</span> 
     </span>
    </p>
   </div>
   <div class='ocr_carea' id='block_1_3' title="bbox 1515 285 1532 314">
    <p class='ocr_par' dir='ltr' id='par_1_6' title="bbox 1515 285 1532 314">
     <span class='ocr_line' id='line_1_40' title="bbox 1515 285 1532 314; baseline 0 0"><span class='ocrx_word' id='word_1_300' title='bbox 1515 285 1532 314; x_wconf 88' lang='grc'>9</span> 
     </span>
    </p>
   </div>
   <div class='ocr_carea' id='block_1_4' title="bbox 1519 780 1537 808">
    <p class='ocr_par' dir='ltr' id='par_1_7' title="bbox 1519 780 1537 808">
     <span class='ocr_line' id='line_1_41' title="bbox 1519 780 1537 808; baseline 0 0"><span class='ocrx_word' id='word_1_301' title='bbox 1519 780 1537 808; x_wconf 85' lang='grc'>2</span> 
     </span>
    </p>
   </div>
   <div class='ocr_carea' id='block_1_5' title="bbox 1520 904 1538 933">
    <p class='ocr_par' dir='ltr' id='par_1_8' title="bbox 1520 904 1538 933">
     <span class='ocr_line' id='line_1_42' title="bbox 1520 904 1538 933; baseline 0 0"><span class='ocrx_word' id='word_1_302' title='bbox 1520 904 1538 933; x_wconf 78' lang='lat'><strong>3</strong></span> 
     </span>
    </p>
   </div>
   <div class='ocr_carea' id='block_1_6' title="bbox 1527 2138 1566 2168">
    <p class='ocr_par' dir='ltr' id='par_1_9' title="bbox 1527 2138 1566 2168">
     <span class='ocr_line' id='line_1_43' title="bbox 1527 2138 1566 2168; baseline -0.026 0"><span class='ocrx_word' id='word_1_303' title='bbox 1527 2138 1566 2168; x_wconf 91' lang='lat'>10</span> 
     </span>
    </p>
   </div>
   <div class='ocr_carea' id='block_1_7' title="bbox 1527 2324 1564 2353">
    <p class='ocr_par' dir='ltr' id='par_1_10' title="bbox 1527 2324 1564 2353">
     <span class='ocr_line' id='line_1_44' title="bbox 1527 2324 1564 2353; baseline 0.027 -1"><span class='ocrx_word' id='word_1_304' title='bbox 1527 2324 1564 2353; x_wconf 86' lang='lat'>11</span> 
     </span>
    </p>
   </div>
   <div class='ocr_carea' id='block_1_8' title="bbox 1527 2511 1540 2538">
    <p class='ocr_par' dir='ltr' id='par_1_11' title="bbox 1527 2511 1540 2538">
     <span class='ocr_line' id='line_1_45' title="bbox 1527 2511 1540 2538; baseline 0 0"><span class='ocrx_word' id='word_1_305' title='bbox 1527 2511 1540 2538; x_wconf 89' lang='lat'>1</span> 
     </span>
    </p>
   </div>
   <div class='ocr_carea' id='block_1_9' title="bbox 145 2620 1541 2676">
    <p class='ocr_par' dir='ltr' id='par_1_12' title="bbox 145 2620 1541 2676">
     <span class='ocr_line' id='line_1_46' title="bbox 145 2620 1541 2676; baseline 0 -14"><span class='ocrx_word' id='word_1_306' title='bbox 145 2628 183 2662; x_wconf 91' lang='lat' dir='ltr'>et</span> <span class='ocrx_word' id='word_1_307' title='bbox 209 2629 393 2676; x_wconf 86' lang='lat' dir='ltr'>tempore</span> <span class='ocrx_word' id='word_1_308' title='bbox 419 2621 471 2662; x_wconf 90' lang='lat' dir='ltr'>ad</span> <span class='ocrx_word' id='word_1_309' title='bbox 496 2635 588 2662; x_wconf 90' lang='lat' dir='ltr'>eam</span> <span class='ocrx_word' id='word_1_310' title='bbox 618 2636 705 2662; x_wconf 90' lang='lat' dir='ltr'>rem</span> <span class='ocrx_word' id='word_1_311' title='bbox 737 2629 877 2676; x_wconf 84' lang='lat' dir='ltr'>capto,</span> <span class='ocrx_word' id='word_1_312' title='bbox 916 2636 1011 2662; x_wconf 90' lang='lat' dir='ltr'>cum</span> <span class='ocrx_word' id='word_1_313' title='bbox 1041 2621 1082 2661; x_wconf 91' lang='lat' dir='ltr'>in</span> <span class='ocrx_word' id='word_1_314' title='bbox 1114 2620 1280 2676; x_wconf 84' lang='lat' dir='ltr'>publico</span> <span class='ocrx_word' id='word_1_315' title='bbox 1307 2620 1496 2675; x_wconf 88' lang='lat' dir='ltr'>epulatus</span> <span class='ocrx_word' id='word_1_316' title='bbox 1524 2633 1541 2662; x_wconf 76' lang='lat'>2</span> 
     </span>
    </p>
   </div>
  </div>
 </body>
</html>
