1799 2900
187 628 205 656 (ῘΙῙ,

184 1062 202 1090 10

180 1989 194 2017 *1

176 2299 193 2326 9

154 2610 192 2638 10

240 131 321 172 182
545 138 698 172 LIBER
723 136 886 181 xxxv,
913 138 944 171 9.
966 138 1014 171 10.
1044 140 1139 181 [au.
1156 139 1280 183 0561]

235 243 319 284 riae
355 240 541 295 Virginis
578 254 708 294 prope
745 240 890 280 aedem
926 241 1137 283 Victoriae
1172 241 1234 283 M.
1265 242 1440 284 Porcius
1480 242 1587 286 Cato

236 304 441 345 dedicavit
467 303 633 343 biennio
658 310 754 357 post
779 317 903 355 quam
928 303 1054 344 vovit.

318 368 481 408 Eodem
519 381 627 406 anno
665 366 869 407 coloniam
900 366 1096 407 Latinam
1134 367 1175 408 in
1213 375 1393 409 castrum
1424 369 1588 411 Frenti-

233 445 331 470 num
359 429 559 470 triumviri
585 429 843 469 deduxerunt
870 429 1124 470 A.Manlius
1139 430 1284 479 Volso,
1312 431 1363 471 L.
1379 432 1586 486 Apustius

231 492 372 541 Fullo,
407 491 459 543 Q.
487 491 634 531 Aelius
662 491 844 540 Tubero,
883 491 998 532 euius
1036 491 1128 546 lege
1166 492 1459 534 deducebatur.
1509 495 1587 534 tria

232 553 344 594 milia
368 553 555 608 peditum
580 553 677 601 iere,
704 553 876 593 trecenti
900 553 1072 606 equites,
1098 569 1294 595 numerus
1316 555 1490 609 exiguus
1512 571 1586 610 pro

233 616 352 671 copia
378 617 480 670 agri.
530 615 619 656 dari
642 625 814 670 potuere
842 616 999 656 tricena
1022 616 1166 670 iugera
1190 616 1231 656 in
1257 617 1437 671 pedites,
1465 632 1586 658 sexa-

231 693 340 733 gena
363 678 406 718 in
432 679 606 731 equites.
642 678 825 732 Apustio
852 685 1018 718 auctore
1043 679 1162 718 tertia
1186 693 1282 732 pars
1309 679 1397 733 agri
1420 679 1588 734 dempta

231 747 312 789 est,
356 755 436 793 quo
472 748 638 794 postea,
683 740 718 780 si
754 740 926 789 vellent,
976 755 1107 780 novos
1145 739 1314 781 colonos
1352 741 1586 782 adscribere

229 810 415 856 possent.
477 803 622 843 vicena
652 802 797 857 iugera
820 802 1000 857 pedites,
1034 802 1302 857 quadragena
1327 803 1486 855 equites
1520 817 1586 843 ae-

231 873 440 919 ceperunt.

313 926 374 967 X.
423 927 475 967 In
500 926 613 968 exitu
637 926 720 967 iam
746 942 877 967 annus
904 933 1009 976 erat,
1042 934 1082 968 et
1107 926 1277 968 ambitio
1301 926 1436 981 inagis
1463 942 1587 980 quam

228 1003 425 1042 umquam
457 989 558 1030 alias
585 997 797 1030 exarserat
828 989 1114 1030 consularibus
1147 989 1335 1030 comitiis.
1395 989 1513 1030 multi
1545 998 1585 1031 et

227 1059 418 1105 potentes
455 1052 652 1106 petebant
689 1051 835 1106 patrici
871 1051 1108 1106 plebeique:
1155 1051 1205 1092 P.
1245 1050 1464 1093 Cornelius
1505 1050 1583 1093 Cn.

228 1113 335 1153 filius
365 1112 520 1167 Scipio,
547 1115 617 1166 qui
644 1129 694 1154 ex
720 1113 928 1168 Hispania
953 1113 1166 1168 provincia
1191 1129 1322 1168 nuper
1348 1114 1585 1155 decesserat

227 1174 390 1228 magnis
406 1175 530 1215 rebus
545 1175 689 1229 gestis,
717 1183 757 1215 et
772 1176 824 1215 L.
841 1175 1062 1226 Quinctius
1076 1176 1352 1224 Flamininus,
1373 1176 1441 1229 qui
1461 1176 1585 1216 classi

228 1235 270 1275 in
291 1235 469 1277 Graecia
495 1237 742 1291 praefuerat,
770 1246 809 1277 et
837 1236 914 1277 Cn.
937 1237 1122 1277 Manlius
1144 1237 1275 1279 Volso
1301 1262 1333 1266 -
1359 1237 1398 1277 hi
1424 1238 1582 1292 patrici,

228 1298 365 1351 plebei
379 1308 517 1339 autem
533 1297 779 1347 C.Laelius,
797 1297 875 1338 Cn.
890 1298 1116 1347 Domitius,
1134 1297 1342 1339 C.Livius
1361 1298 1582 1348 Salinator,

228 1360 304 1400 Μ’.
319 1360 494 1401 Acilius.
523 1361 597 1401 sed
617 1361 800 1402 onmium
817 1361 923 1401 oculi
942 1361 983 1401 in
999 1360 1241 1412 Quinctium
1258 1360 1582 1414 Corneliumque

227 1422 419 1471 coniecti;
458 1438 554 1462 nam
579 1433 618 1463 et
649 1423 692 1463 in
716 1438 845 1462 unum
869 1423 1006 1463 locum
1032 1424 1228 1477 petebant
1259 1424 1421 1478 patricii
1445 1425 1580 1473 ambo,

227 1492 267 1524 ct
309 1485 369 1524 rei
410 1484 598 1525 militaris
642 1485 773 1539 gloria
811 1499 956 1525 recens
993 1495 1213 1537 utrumque
1250 1485 1581 1527 commendabat.

227 1552 409 1585 ceterum
436 1554 530 1587 ante
558 1546 696 1587 omnia
722 1555 930 1586 certamen
957 1547 1240 1586 accendebant
1267 1546 1414 1587 fratres
1441 1547 1581 1587 candi-

226 1607 434 1656 datorum,
468 1608 549 1648 duo
576 1608 793 1648 clarissimi
820 1608 966 1648 aetatis
994 1623 1092 1648 suae
1119 1608 1402 1662 imperatores.
1451 1608 1581 1649 maior

223 1668 356 1722 gloria
380 1669 423 1708 in
449 1669 496 1710 P.
515 1669 724 1724 Scipione,
753 1678 794 1711 et
819 1684 900 1723 quo
926 1670 1069 1719 maior,
1096 1685 1145 1711 eo
1170 1670 1337 1725 propior
1362 1670 1580 1720 invidiam3

227 1730 398 1782 Quincti
423 1732 640 1780 recentior,
667 1741 711 1772 ut
737 1732 807 1786 qui
831 1748 879 1773 eo
906 1748 1014 1773 anno
1040 1732 1349 1787 triumphasset.
1411 1733 1580 1773 accede-

225 1793 313 1841 bat,
351 1793 462 1846 quod
492 1793 597 1835 alter
628 1794 833 1835 decimum
865 1794 948 1835 iam
978 1810 1107 1849 prope
1134 1810 1288 1835 annum
1321 1794 1512 1835 assiduus
1537 1794 1580 1835 in

223 1855 352 1896 oculis
379 1855 592 1896 hominum
618 1857 765 1906 fuerat,
793 1872 898 1910 quae
923 1872 989 1898 res
1015 1858 1150 1897 minus
1172 1857 1378 1897 verendos
1404 1872 1579 1911 magnos

222 1917 408 1958 homines
435 1917 526 1972 ipsa
546 1919 734 1959 satietate
754 1919 1058 1960 facit—consul
1083 1919 1231 1959 iterum
1255 1928 1350 1972 post
1371 1918 1579 1959 devictum

222 1979 506 2020 Hannibalem
532 1994 760 2033 censorque
786 1981 921 2021 fuerat
946 1998 998 2030 —3
1025 1981 1066 2020 in
1094 1980 1291 2032 Quinctio
1316 1995 1426 2020 nova
1451 1987 1489 2020 et
1513 1996 1578 2021 re-

223 2041 357 2081 centia
372 2043 510 2082 omnia
530 2043 581 2082 ad
602 2043 778 2097 gratiam
802 2051 931 2092 erant,
957 2042 1060 2082 nihil
1078 2056 1155 2083 nec
1179 2042 1353 2097 petierat
1380 2057 1403 2082 a
1422 2042 1577 2096 populo

221 2111 317 2158 post
345 2104 601 2158 triumphum
632 2120 710 2145 nec
743 2105 917 2159 adeptus
950 2113 1050 2145 erat.
1110 2119 1186 2161 pro
1212 2105 1338 2144 fratre
1363 2119 1576 2158 germano,

220 2180 303 2205 non
327 2166 504 2220 patrueli
531 2182 574 2207 se
600 2175 741 2221 petere
768 2167 922 2215 aiebat,
948 2182 1023 2221 pro
1049 2167 1187 2221 legato
1214 2174 1254 2206 et
1280 2165 1480 2220 participe
1505 2166 1578 2206 ad-

220 2227 482 2268 ministrandi
517 2229 633 2269 belli:
671 2244 715 2269 se
752 2237 878 2278 terra,
917 2229 1088 2269 fratrem
1124 2228 1228 2268 mari
1257 2243 1344 2268 rem
1377 2227 1575 2283 gessisse.

221 2288 283 2329 his
311 2290 508 2339 obtinuit,
541 2300 585 2331 ut
616 2292 896 2346 praeferretur
921 2291 1161 2340 candidato,
1200 2305 1324 2344 quem
1347 2290 1574 2330 Africanus

219 2350 345 2391 frater
376 2353 566 2402 ducebat,
594 2368 716 2406 quem
744 2352 940 2394 Cornelia
965 2368 1068 2408 gens
1092 2352 1288 2394 Cornelio
1313 2353 1482 2393 consule
1508 2366 1576 2393 co-

219 2412 334 2453 mitia
359 2413 549 2463 habente,
577 2430 699 2468 quem
721 2424 880 2455 tantum
905 2415 1204 2470 praeiudicium
1232 2422 1415 2463 senatus,
1442 2413 1575 2454 virum

219 2488 241 2512 e
268 2473 432 2515 civitate
459 2477 659 2529 optimum
689 2477 935 2527 iudicatum,
973 2478 1043 2530 qui
1074 2484 1250 2518 matrem
1274 2476 1445 2517 Idaeam
1469 2476 1575 2517 Pes-

220 2533 380 2575 sinunte
409 2537 640 2578 venientem
665 2539 707 2578 in
732 2540 877 2580 urbem
903 2541 1119 2593 acciperet.

302 2597 354 2636 L.
382 2596 600 2648 Quinctius
629 2610 668 2641 et
695 2600 773 2642 Cn.
800 2601 1011 2643 Domitius
1039 2601 1346 2642 Ahenobarbus
1380 2598 1570 2641 consules
