1799 2900
203 704 221 732 ῼἾ

204 1075 220 1103 *Σ

180 1817 218 1846 10

178 2003 211 2032 11

178 2496 216 2523 135

254 84 336 125 386
548 90 700 124 LIBER
724 90 966 135 XXXVIIII,
993 92 1045 125 16.
1074 93 1122 135 [a.
1138 104 1171 127 11.
1187 93 1312 137 0568]

253 203 328 243 est,
355 193 583 233 coniuratio
611 207 702 233 sese
729 192 841 247 inpia
866 200 990 234 tenet.
1040 195 1188 236 crescit
1213 204 1251 236 et
1279 196 1403 252 serpit
1425 196 1608 250 quotidie

253 257 418 296 malum.
450 256 532 294 iam
558 254 690 295 maius
719 263 782 295 est
802 269 925 308 quam
951 263 995 295 ut
1015 269 1162 311 capere
1188 258 1228 298 id
1255 258 1415 312 privata
1441 259 1608 300 fortuna

252 318 401 372 possit,
428 316 481 357 ad
508 331 714 357 summam
739 331 824 356 rem
858 317 1064 371 publicam
1097 327 1268 374 spectat.
1329 320 1406 359 nisi
1439 335 1608 375 praeca-

252 380 375 427 vetis,
408 377 613 430 Quirites,
651 378 732 418 iam
771 378 865 418 huic
903 379 1090 429 diurnae,
1128 380 1311 435 legitime
1349 383 1400 422 ab
1438 383 1606 423 consule

251 449 440 489 vocatae,
473 457 547 495 par
578 448 780 481 nocturna
805 441 941 482 contio
968 457 1060 483 esse
1091 443 1252 497 poterit.
1314 458 1423 484 nunc
1448 445 1506 484 illi
1533 460 1606 486 vos

251 503 403 557 singuli
429 502 646 543 universos
667 503 954 543 contionantes
976 504 1137 553 timent3
1165 505 1246 545 iam
1272 505 1341 547 ubi
1363 521 1435 546 vos
1458 507 1605 562 dilapsi

249 565 393 605 domos
421 573 461 605 et
492 565 533 604 in
564 580 660 605 rura
686 572 824 605 vestra
850 564 983 614 eritis,
1014 566 1072 605 illi
1099 566 1287 615 coierint,
1314 568 1607 609 consultabunt

249 627 298 667 de
321 642 396 667 sua
423 626 554 667 salute
576 626 698 666 simul
723 641 772 666 ac
792 635 931 667 vestra
956 627 1157 682 pernici03
1184 636 1270 668 tum
1291 629 1464 683 singulis
1488 630 1605 670 vobis

247 689 430 729 universi
450 688 621 729 timendi
642 696 774 729 erunt.
807 697 950 743 optare
975 689 1098 743 igitur
1124 691 1407 744 unusquisque
1422 694 1606 732 vestrum

247 752 382 799 debet,
409 758 453 791 ut
478 751 587 791 bona
612 765 729 791 mens
757 751 843 791 suis
870 751 1062 792 omnibus
1089 752 1224 793 fucrit.
1257 753 1292 793 si
1317 767 1440 806 quem
1464 753 1605 804 libido,

249 813 282 853 si
319 814 433 853 furor
468 813 510 853 in
547 813 662 853 illum
700 813 908 868 gurgitem
944 813 1140 868 abripuit,
1179 814 1341 854 illorum
1379 830 1473 855 eum
1513 830 1604 855 cum

248 875 397 929 quibus
423 876 464 916 in
484 890 605 916 omne
631 875 833 930 flagitium
853 884 893 916 et
919 876 1079 916 facinus
1107 876 1348 925 coniuravit,
1376 893 1458 918 non
1485 893 1605 918 suum

248 938 403 979 iudicet
429 953 535 979 esse.
596 953 648 978 ne
675 938 766 992 quis
793 938 919 979 etiam
945 953 1080 979 errore
1106 938 1268 980 labatur
1295 943 1478 980 vestrum
1504 954 1606 993 quo-

247 1015 345 1053 que,
379 1015 460 1041 non
493 1015 585 1041 sum
618 1014 800 1041 securus.
862 1000 963 1040 nihil
995 1001 1103 1041 enim
1134 1001 1176 1041 in
1202 1001 1383 1055 speciem
1415 1002 1603 1042 fallacius

247 1070 311 1103 est
336 1077 459 1115 quam
485 1078 615 1117 prava
639 1063 799 1117 religio.
850 1063 920 1104 ubi
948 1063 1118 1104 deorum
1143 1078 1296 1104 numen
1322 1064 1605 1119 praetenditur

248 1124 494 1172 sceleribus,
534 1124 644 1165 subit
682 1125 864 1165 animum
902 1117 1043 1174 timor,
1082 1140 1133 1166 ne
1165 1126 1380 1167 fraudibus
1412 1127 1602 1168 humanis

247 1186 506 1226 vindicandis
535 1186 661 1226 divini
694 1186 792 1226 iuris
818 1187 974 1240 aliquid
1005 1187 1222 1227 inmixtum
1251 1188 1465 1229 violemus.
1526 1188 1604 1229 hac

248 1263 322 1289 vos
354 1248 553 1303 religione
585 1248 902 1288 innumerabilia
934 1248 1098 1289 decreta
1137 1249 1395 1303 pontificum,
1435 1257 1601 1290 senatus

249 1309 450 1358 consulta,
477 1309 744 1364 haruspicum
764 1310 942 1363 denique
967 1325 1168 1365 responsa
1192 1310 1379 1352 liberant.
1412 1311 1601 1364 quotiens

246 1371 325 1412 hoc
349 1380 513 1426 patrum
533 1387 787 1425 avorumque
808 1381 942 1412 aetate
968 1373 1178 1427 negotium
1201 1381 1265 1414 est
1289 1374 1601 1426 magistratibus

246 1434 400 1482 datum,
428 1434 486 1474 uti
512 1449 630 1474 sacra
655 1443 826 1475 externa
850 1434 939 1474 fieri
965 1441 1163 1483 vetarent,
1192 1436 1444 1476 sacrificulos
1466 1444 1601 1477 vates.-

245 1510 324 1548 que
350 1496 459 1544 foro,
497 1496 626 1545 circo,
657 1497 758 1537 urbe
783 1496 1070 1550 prohiberent,
1110 1496 1326 1538 vaticinios
1351 1497 1478 1538 libros
1505 1512 1602 1538 con-

245 1557 452 1610 quirerent
474 1558 858 1610 comburerentque‚
881 1573 1046 1598 omnem
1061 1557 1321 1613 disciplinam
1345 1559 1602 1600 sacrificandi

243 1627 534 1674 praeterquam
567 1634 682 1660 more
712 1620 904 1661 Romano
936 1620 1160 1661 abolerent.
1220 1620 1459 1662 iudicabant
1492 1621 1602 1661 enim

242 1681 555 1735 prudentissimi
592 1682 668 1721 viri
705 1681 839 1723 omnis
879 1681 1005 1722 divini
1043 1681 1294 1735 humanique
1337 1683 1455 1732 iuris,
1499 1682 1601 1722 nihil

243 1758 374 1797 aeque
407 1744 700 1785 dissolvendae
731 1744 944 1798 religionis
977 1759 1069 1785 csse
1097 1759 1220 1798 quam
1250 1746 1323 1786 ubi
1347 1761 1427 1786 non
1454 1745 1600 1800 patrio,

248 1805 321 1845 sed
356 1814 528 1847 externo
560 1806 641 1847 ritu
674 1807 988 1847 sacrificaretur.
1048 1806 1151 1846 haec
1176 1807 1293 1848 vobis
1326 1807 1601 1861 praedicenda

240 1874 354 1907 ratus
393 1883 504 1916 sum,
542 1883 593 1909 ne
632 1883 713 1922 qua
750 1868 988 1923 superstitio
1026 1869 1199 1923 agitaret
1232 1868 1391 1909 animos
1423 1875 1598 1915 vestros,

242 1943 335 1969 011111
356 1929 627 1971 demolientes
654 1945 730 1972 nos
744 1930 1026 1971 Bacchanalia
1045 1930 1396 1984 discutientesque
1416 1930 1597 1972 nefarios

242 2000 384 2031 coetus
411 1992 650 2033 cerneretis.
711 1992 850 2033 omnia
875 1992 953 2032 diis
986 1992 1173 2047 propitiis
1207 1992 1522 2045 volentibusque
1549 2007 1598 2033 ea

241 2053 461 2102 faciemus:
490 2054 559 2108 qui
585 2054 681 2107 quia
701 2069 822 2095 suum
842 2069 995 2094 numen
1023 2054 1248 2095 sceleribus
1274 2054 1597 2107 libidinibusque

241 2116 513 2156 contaminari
543 2116 713 2171 indigne
745 2116 952 2164 ferebant,
986 2131 1037 2156 ex
1064 2116 1235 2157 occultis
1262 2131 1310 2157 ea
1341 2116 1522 2157 tenebris
1555 2116 1597 2156 in

240 2176 372 2217 lucem
400 2185 665 2218 extraxerunt
691 2192 767 2218 nee
791 2177 978 2233 patefieri
1003 2186 1047 2218 ut
1073 2178 1260 2232 inpunita
1280 2186 1433 2227 essent,
1461 2177 1534 2218 sed
1553 2184 1595 2217 ut

240 2238 548 2280 vindicarentur
574 2248 615 2281 et
639 2240 982 2295 obprimcrentur,
1011 2240 1242 2281 voluerunt.
1276 2248 1444 2280 senatus
1471 2254 1596 2293 quae-

241 2300 417 2341 stionem
455 2308 572 2342 extra
603 2302 791 2343 ordinem
823 2301 873 2342 de
905 2317 954 2342 ea
983 2317 1027 2342 re
1064 2302 1167 2342 mihi
1198 2302 1464 2355 collegaeque
1503 2316 1595 2341 meo

240 2362 464 2403 mandavit.
526 2378 621 2411 nos,
659 2378 765 2416 quae
797 2363 898 2418 ipsis
930 2363 1050 2404 nobis
1081 2364 1246 2418 agenda
1283 2372 1396 2412 sunt,
1434 2363 1594 2418 inpigre

241 2438 533 2476 exsequemur3
567 2425 802 2480 vigiliarum
835 2434 1129 2466 nocturnarum
1165 2440 1305 2466 curam
1341 2440 1415 2480 per
1450 2426 1591 2465 urbem

240 2483 466 2526 minoribus
504 2487 816 2541 magistratibus
855 2488 1158 2528 mandavimus.
1226 2503 1300 2528 vos
1333 2501 1495 2540 quoque
1525 2500 1592 2526 ac-

241 2558 365 2596 quum
404 2554 485 2596 cst,
529 2562 633 2600 quae
670 2555 809 2589 vestra
846 2549 986 2589 munia
1023 2557 1138 2598 sunt,
1176 2563 1256 2602 quo
1293 2549 1466 2602 quisque
1502 2547 1591 2588 loco
