1799 2900
249 91 333 132 402
455 95 608 131 LIBER
632 93 876 137 XXXVIIII,
901 92 1046 127 32-34.
1073 95 1121 136 [a.
1135 104 1168 127 u.
1186 103 1215 127 0.
1230 93 1306 127 569.
1321 93 1402 136 570]

246 204 362 250 bata,
401 200 532 240 donec
568 196 741 253 pervicit
772 195 956 250 Appius,
994 203 1039 236 ut.
1076 195 1234 237 deiecto
1266 196 1402 237 Fabio
1437 195 1604 235 fratrem

184 280 221 310 13
248 264 440 305 traheret.
490 266 651 300 creatus
666 259 715 300 P.
732 258 933 298 Claudius
953 257 1133 298 Pulcher
1157 265 1319 312 praeter
1346 273 1459 312 spem
1489 273 1605 297 suam

249 333 289 367 et
324 331 567 365 ceterorum.
627 320 763 360 locum
802 334 923 360 suum
959 319 1087 359 tenuit
1118 319 1171 360 L.
1205 319 1379 360 Porcius
1417 319 1604 366 Licinus,

249 386 345 440 quia
376 383 599 425 moderatis
632 381 799 430 studiis,
836 396 919 421 non
950 380 990 421 vi
1023 379 1255 422 Claudiana
1286 381 1390 421 inter
1421 380 1605 436 plebeios

184 465 222 494 14
249 454 449 489 certatum
474 453 551 486 est.
588 451 826 499 praetorum
852 442 947 483 inde
968 442 1133 483 comitia
1153 450 1249 483 sunt
1268 443 1426 483 habita:
1455 442 1607 483 &Dc—

249 509 393 551 cimius
413 508 590 556 Flavus,
615 507 665 546 P.
688 504 961 559 Sempronius
988 504 1184 559 Longus,
1209 505 1259 545 P.
1283 504 1502 546 Cornelius
1526 503 1605 545 Ce-

249 572 418 625 thegus,
446 569 498 621 Q.
518 568 701 609 Naevius
726 566 895 615 Matho,
935 564 984 607 C.
1013 564 1284 621 Sempronius
1310 566 1508 615 Blaesus,
1552 566 1605 605 A.

185 650 223 679 15
250 632 470 673 Terentius
497 632 631 672 Varro
657 637 868 684 praetores
895 627 1006 668 faeti.
1067 628 1170 668 hacc
1195 643 1243 669 eo
1269 643 1390 675 ann0‚
1417 641 1497 680 quo
1523 628 1606 682 Ap.

251 694 462 739 Claudius,
482 690 828 745 BI.Semprcnius
856 690 1047 731 consules
1074 690 1257 738 fuerunt,
1285 689 1395 729 domi
1420 689 1609 729 militiae-

249 772 328 810 que
354 763 485 809 gesta.

206 835 221 864 1
333 817 562 858 XXXIII.
627 815 838 870 Principio
881 813 1135 867 insequentis
1173 813 1268 853 anui
1307 813 1358 853 P.
1392 810 1607 861 Claudius,

249 879 492 922 L.P0rcius
519 878 729 926 consules,
762 891 856 917 cum
882 875 935 928 Q.
964 874 1191 924 Caecilius,
1224 875 1285 915 M.
1306 874 1509 923 Baebius,
1541 873 1607 914 Ti.

250 941 541 996 Sempronius,
591 940 661 994 qui
698 940 749 980 ad
792 938 1107 993 disceptandum
1149 938 1254 978 inter
1290 936 1532 991 Philippum
1569 942 1609 976 et

248 1005 481 1045 Eumenem
523 1017 644 1056 reges
677 1000 1059 1053 Thessalorumque
1102 999 1288 1039 civitates
1326 998 1442 1039 missi
1479 1004 1607 1045 erant,

204 1080 223 1111 2
249 1066 499 1121 legationem
540 1063 866 1112 renuntiassent,
921 1077 1067 1116 regum
1113 1075 1276 1114 quoque
1325 1075 1466 1101 eorum
1511 1058 1610 1099 civi-

248 1130 477 1181 tatiumque
524 1127 684 1182 legatos
731 1126 774 1166 in
817 1132 1007 1166 senatum
1051 1124 1378 1165 introduxerunt.
1463 1122 1606 1162 eadem

249 1191 453 1243 utrimque
478 1189 625 1230 iterata
650 1203 754 1241 quac
781 1187 890 1227 dicta
914 1186 1024 1241 apud
1043 1186 1203 1239 legatos
1224 1185 1266 1225 in
1281 1184 1457 1225 Graecia
1478 1191 1606 1224 erant.

204 1265 222 1294 3
249 1253 372 1293 aliam
410 1251 557 1292 deinde
595 1265 746 1290 novam
782 1248 1033 1303 legationem
1064 1255 1222 1302 patres,
1262 1247 1376 1287 cuius
1414 1246 1606 1300 princeps

249 1315 333 1369 Ap.
362 1313 564 1354 Claudius
591 1312 686 1360 fuit,
714 1311 754 1351 in
782 1310 1003 1351 Graeciam
1029 1316 1069 1350 et
1092 1308 1388 1349 BIaccdoniam
1414 1308 1607 1348 decreve-

249 1383 344 1416 runt
372 1375 424 1415 ad
449 1374 686 1421 visendum,
719 1372 960 1413 redditaene
987 1371 1173 1411 civitates
1200 1370 1415 1410 Thessalis
1442 1378 1482 1410 et
1505 1370 1608 1410 Per-

205 1451 223 1480 4
249 1437 413 1478 rhaebis
435 1443 586 1476 essent.
625 1435 770 1475 iisdem
793 1433 1046 1481 mandatum,
1072 1439 1116 1472 ut
1136 1433 1188 1472 ab
1208 1433 1329 1472 Aeno
1352 1432 1607 1472 etBIaronea

248 1498 457 1554 praesidIa
487 1497 787 1537 deducerentur
818 1494 1105 1546 maritimaque
1137 1493 1269 1534 omnis
1302 1492 1505 1532 Thraciae
1538 1508 1609 1532 ora

204 1574 223 1603 5
251 1576 274 1601 a
302 1559 498 1614 Philippo
538 1565 578 1599 et
613 1557 918 1597 Macedonibus
956 1556 1211 1595 liberaretur.
1271 1554 1608 1608 Peloponnesum

249 1636 411 1675 quoque
438 1620 549 1661 adire
574 1619 695 1668 iussi,
732 1618 841 1659 unde
872 1617 983 1672 prior
1012 1616 1165 1672 legatio
1198 1616 1447 1657 discesserat
1477 1615 1609 1656 incer-

248 1685 350 1725 tiore
388 1689 498 1723 statu
533 1696 690 1730 rerum,
729 1695 850 1734 quam
889 1679 923 1720 si
959 1694 1043 1720 non
1079 1678 1308 1727 venissent3
1352 1692 1449 1718 nam
1486 1692 1609 1732 super

249 1753 386 1786 cetera
411 1744 534 1785 ctiam
561 1744 648 1784 sine
674 1757 876 1797 responso
909 1740 1068 1782 dimissi
1099 1754 1176 1781 1100
1207 1741 1347 1780 datum
1372 1739 1608 1795 petentibus

203 1821 222 1850 6
248 1814 335 1848 01111
360 1807 626 1847 Achaeorum
653 1804 883 1846 concilium.
945 1804 995 1844 de
1021 1818 1102 1856 qua
1131 1818 1174 1843 rc
1205 1810 1401 1855 querente
1427 1803 1609 1856 graviter

248 1869 301 1921 Q.
319 1868 502 1910 Caecilio
529 1875 569 1909 et
595 1867 717 1908 simul
736 1865 1083 1907 Lacedaemoniis
1110 1864 1418 1919 deplorantibus
1445 1864 1608 1904 moenia

250 1931 403 1979 diruta,
443 1930 666 1971 abductam
701 1929 865 1983 plebem
903 1928 944 1967 in
980 1927 1186 1967 Achaiam
1223 1935 1262 1967 et
1300 1926 1606 1975 venumdatam,

206 2005 222 2034 7
251 1993 486 2047 ademptas,
513 1992 661 2045 quibus
689 1991 741 2031 ad
766 2005 857 2031 eam
883 1989 992 2029 diem
1017 1989 1161 2029 civitas
1189 1988 1388 2035 stetisset,
1420 1988 1607 2042 Lycurgi

247 2055 383 2109 leges,
420 2053 583 2095 Achaei
607 2052 787 2093 maxime
814 2052 973 2093 concilii
999 2051 1140 2106 negati
1171 2051 1324 2090 crimen
1351 2050 1608 2090 excusabant

248 2116 459 2157 recitando
490 2116 644 2170 legem,
682 2129 805 2168 quae,
843 2114 922 2154 nisi
954 2113 1049 2153 belli
1079 2112 1246 2168 pacisve
1285 2126 1409 2152 causa
1442 2118 1482 2151 et
1513 2126 1606 2152 eum

249 2178 375 2232 legati
401 2179 453 2218 ab
479 2185 626 2218 senatu
658 2190 751 2217 cum
783 2175 928 2216 litteris
960 2182 1031 2216 aut
1063 2174 1225 2229 scriptis
1258 2173 1462 2213 mandatis
1494 2172 1607 2213 veni-

204 2250 223 2281 8
249 2248 357 2287 rent,
398 2247 558 2280 vetaret
592 2238 717 2278 indici
756 2237 985 2279 concilium.
1046 2252 1095 2277 ea
1131 2251 1182 2277 nc
1218 2244 1364 2291 postea
1396 2234 1607 2275 excusatio

249 2309 378 2349 esset,
417 2300 598 2342 ostendit
633 2307 822 2348 senatus,
862 2313 982 2340 curae
1014 2298 1063 2339 iis
1095 2313 1187 2339 esse
1220 2298 1388 2346 debere,
1425 2303 1471 2337 ut
1495 2296 1608 2351 lega-

249 2363 299 2402 tis
336 2363 536 2404 Romanis
576 2377 739 2417 semper
775 2361 954 2402 adeundi
991 2360 1208 2401 concilium
1244 2360 1379 2414 gentis
1421 2365 1605 2413 potestas

252 2423 383 2473 fieret,
409 2439 531 2477 quem
557 2424 609 2465 ad
634 2424 803 2465 modum
829 2431 869 2464 et.
893 2423 992 2472 illis,
1020 2422 1208 2475 quotiens
1234 2422 1406 2470 vellent,
1439 2427 1605 2462 senatus

251 2484 429 2526 daretur.

212 2558 222 2587 1
336 2545 586 2588 XXXHIL
624 2546 821 2588 Dimissis
847 2546 896 2587 iis
922 2545 1212 2600 legationibus,
1238 2545 1456 2598 Philippus
1476 2558 1499 2583 a
1518 2541 1603 2584 suis
