1799 2900
162 465 198 492 14

158 2441 167 2466 l
176 2440 195 2463 s)

229 156 311 195 354
446 163 595 196 LIBER
624 162 847 206 XXXVIII,
874 163 928 196 41.
948 162 1000 195 42.
1031 165 1078 205 [a.
1093 174 1126 196 u.
1142 174 1172 197 e.
1188 163 1264 196 566.
1279 163 1360 205 ῦιίῖ]

226 265 524 320 quinquaginta
550 264 719 305 delectis
746 264 951 317 equitibus
977 266 1232 320 perrupiss03
1270 266 1445 306 eundem
1473 281 1580 314 mox,

225 343 318 369 eum
344 328 425 368 iam
449 327 654 367 lXIuttines
680 327 721 366 in
747 327 883 367 medio
910 327 1139 381 elephantis
1166 328 1322 375 locatis,
1357 328 1398 367 in
1430 343 1583 369 cornua

226 389 430 442 equitibus
458 389 670 443 dispositis
703 404 871 428 manum
897 403 990 429 eum
1017 389 1135 430 hoste
1167 390 1464 438 conseruisset,
1502 397 1582 430 ter-

224 467 358 492 rorem
384 451 435 490 ab
461 457 576 504 tergo
609 451 869 505 praebuisse,
905 458 1026 503 atque
1057 451 1151 491 inde
1184 453 1369 492 turbatos
1402 451 1581 504 equestri

225 513 335 553 velut
367 512 547 566 procella
577 512 708 553 hostis
742 513 794 552 ad
831 513 1014 566 peditum
1046 528 1195 565 agmen
1226 529 1307 554 non
1341 514 1580 554 accessisse.

180 590 191 616 5
225 574 303 615 Cn.
336 575 521 614 Manlius
554 590 628 629 per
657 574 952 614 Elaeedoniam
983 575 1024 614 in
1056 575 1319 616 Thessaliam
1356 576 1579 616 exereitum

225 636 417 676 traduxit.
479 636 573 676 inde
599 651 672 690 per
696 636 872 690 Epirum
897 637 1165 691 Apolloniam
1192 652 1283 677 eum
1308 638 1579 692 pervenisset,

223 698 404 737 nondum
428 697 530 738 adeo
550 698 722 738 hiberno
745 704 981 751 contempto
1000 699 1114 746 mari,
1142 706 1186 739 ut
1205 699 1375 739 traicere
1397 700 1579 747 auderet,

224 759 472 814 Apolloniae
501 759 745 800 hibernavit.

308 820 563 861 XXXXH.
625 821 754 861 Exitu
779 835 908 876 prope
933 821 1029 861 anni
1054 821 1116 862 M.
1143 821 1336 863 Valerius
1363 822 1506 862 consul
1532 837 1582 862 ex

223 883 452 937 Liguribus
474 884 525 923 ad
546 883 813 937 magistratus
836 884 1123 938 subrogandos
1139 883 1317 924 Romam
1339 884 1450 924 venit
1470 884 1582 924 nulla

223 945 478 985 memorabili
504 945 544 984 in
572 945 783 999 provincia
808 953 927 1000 gesta
951 960 1015 994 re,
1048 952 1091 985 ut
1118 960 1166 985 ea
1191 945 1415 999 probabilis
1441 960 1581 986 morae

224 1022 348 1047 eausa
374 1015 502 1056 esset,
530 1007 640 1060 quod
667 1007 787 1047 solito
815 1007 945 1047 serius
968 1008 1019 1048 ad
1040 1008 1205 1048 comitia
1225 1008 1420 1048 venisset.
1458 1007 1582 1048 comi-

224 1068 279 1108 tia
311 1068 549 1109 consulibus
587 1069 783 1123 rogandis
821 1070 986 1109 fuerunt
1023 1076 1118 1109 ante
1150 1070 1258 1109 diem
1291 1069 1581 1110 duodeeilnum

223 1129 303 1170 kal.
330 1130 526 1179 Martias,
554 1130 679 1170 creati
704 1130 766 1171 M.
795 1130 998 1172 Aemilius
1024 1131 1232 1185 Lepidus,
1262 1130 1310 1171 C.
1337 1131 1580 1171 Flaminius.

223 1200 389 1246 postero
428 1192 492 1232 die
528 1200 739 1246 praetores
778 1192 876 1232 faeti
908 1193 991 1246 Ap.
1020 1192 1220 1232 Claudius
1251 1193 1449 1241 Pulcher,
1490 1192 1580 1233 Ser.

226 1253 433 1308 Sulpicius
457 1254 611 1302 Galba,
640 1254 692 1305 Q.
714 1254 935 1295 Terentius
959 1254 1126 1303 Culleo,
1154 1255 1206 1295 L.
1222 1255 1443 1295 Terentius
1463 1255 1581 1294 hlas-

226 1316 378 1365 siliota,
405 1316 645 1368 QAEulvius
659 1316 855 1365 Flaccus,
881 1316 942 1357 M.
956 1317 1108 1357 Furius
1127 1315 1360 1370 Crassipes.
1406 1316 1580 1357 comitiis

222 1377 436 1432 perfectis,
470 1392 572 1430 quas
598 1378 832 1432 provincias
858 1378 1117 1431 praetoribus
1144 1392 1236 1418 esse
1262 1378 1462 1432 placeret,
1500 1385 1581 1418 ret-

223 1440 315 1479 tulit
340 1440 391 1480 ad
418 1449 605 1480 senatum
639 1440 796 1480 consul.
858 1441 1127 1480 decreverunt
1161 1440 1262 1479 duas
1288 1440 1448 1480 Romae
1482 1440 1580 1479 iuris

223 1502 389 1541 dicundi
416 1516 560 1549 eausa,
588 1502 690 1541 duas
718 1511 834 1541 extra
849 1502 1029 1550 Italiam,
1058 1501 1241 1542 Siciliam
1269 1516 1315 1542 ac
1332 1501 1580 1549 Sardiniam,

190 1578 195 1603 5
223 1564 325 1603 duas
352 1563 392 1603 in
412 1563 551 1611 Italia,
579 1563 808 1603 Tarentum
836 1571 875 1603 et
897 1563 1090 1603 Galliam.
1135 1571 1175 1603 et
1201 1564 1422 1618 extemplo,
1448 1564 1581 1618 prius-

222 1639 344 1677 quam
377 1624 527 1665 inirent.
556 1625 863 1679 magistratum,
904 1625 1039 1665 sortiri
1070 1625 1183 1665 iussi.
1246 1626 1336 1666 ὅρι’.
1372 1624 1580 1679 Sulpicius

221 1686 440 1734 urbanam,
468 1685 521 1738 Q.
537 1686 758 1727 Terentius
778 1686 1042 1741 peregrinam
1063 1694 1126 1727 est
1147 1687 1329 1735 sortitus,
1356 1687 1409 1727 L.
1425 1687 1582 1728 Teren-

222 1748 302 1787 tius
330 1748 534 1797 Sieiliam,
573 1748 626 1800 Q.
657 1748 831 1788 Fulvius
865 1747 1119 1798 Sardiniam,
1157 1750 1242 1803 Ap.
1270 1748 1471 1790 Claudius
1498 1749 1582 1789 Ta·-

221 1818 402 1858 rentum,
428 1810 490 1850 M.
516 1810 668 1850 Furius
697 1809 892 1851 Galliam.
940 1810 943 1812 ’

304 1872 370 1912 ΕΟ
397 1887 504 1912 anno
530 1872 583 1912 L.
610 1871 822 1912 BIinucius
848 1871 1047 1925 lNIyrtilus
1081 1879 1121 1911 et
1146 1872 1198 1912 L.
1226 1871 1431 1921 BIanlius,
1471 1872 1581 1925 quod

220 1933 380 1987 legatos
419 1933 788 1988 Carthaginienses
825 1933 1017 1988 pulsasse
1056 1933 1318 1980 dicebantur,
1366 1934 1482 1973 iussu
1518 1933 1578 1973 M.

222 1994 388 2035 Claudii
414 1996 615 2049 praetoris
642 1995 755 2035 urbis
781 2010 856 2049 per
881 1995 1043 2036 fetiales
1076 1995 1214 2035 traditi
1247 2003 1340 2035 sunt
1365 1995 1514 2049 legatis
1541 2003 1580 2035 et

222 2056 521 2111 Carthaginem
548 2057 694 2098 avecti.

305 2120 356 2159 In
380 2120 609 2173 Liguribus
641 2119 782 2173 magni
813 2118 910 2159 belli
942 2126 982 2159 et
1012 2117 1225 2173 gliscentis
1258 2118 1299 2157 in
1325 2118 1412 2158 dies
1445 2119 1579 2172 magis

220 2180 331 2221 fama
356 2190 455 2222 erat.
515 2181 653 2234 itaque
686 2181 925 2222 consulibus
958 2180 1096 2229 novis,
1135 2194 1215 2233 quo
1242 2179 1306 2220 die
1333 2180 1382 2220 de
1414 2180 1580 2234 provin-

221 2243 294 2283 ciis
320 2252 359 2283 et
385 2244 435 2284 de
459 2258 503 2284 re
528 2244 695 2298 publiea
712 2244 975 2291 rettulerunt,
1003 2250 1170 2284 senatus
1192 2241 1377 2295 utrisque
1397 2241 1579 2296 Ligures

220 2305 474 2359 provinciam
500 2305 694 2346 decrevit.
745 2305 839 2345 huic
865 2312 1033 2345 senatus
1060 2304 1247 2345 consulto
1267 2303 1456 2358 Lepidus
1484 2317 1579 2343 con—

222 2366 284 2405 sul
310 2366 609 2415 intercedebat,
643 2367 860 2421 indignum
886 2381 979 2407 esse
1004 2366 1249 2421 praedicans
1276 2365 1467 2406 eonsules
1494 2380 1579 2405 am-

220 2428 296 2467 bos
316 2429 358 2467 in
379 2428 508 2469 valles
524 2430 732 2483 Ligurum
753 2428 920 2477 includi,
935 2428 997 2468 M.
1011 2428 1207 2469 Fulvium
1229 2435 1267 2468 et
1284 2426 1577 2468 Cnfflffanlium

222 2487 430 2529 biennium
456 2490 556 2539 iam,
584 2491 757 2531 alterum
783 2490 824 2529 in
850 2491 1020 2544 Europa
1047 2490 1220 2530 alterum
1245 2489 1287 2529 in
1312 2489 1435 2538 Asia,
1468 2488 1576 2528 velut

221 2564 294 2602 pro
308 2550 502 2604 Philippo
529 2559 651 2604 atque
671 2551 882 2592 Antiocho
909 2551 1155 2592 substitutos
1182 2566 1375 2605 regnare:
1402 2550 1436 2590 si
1462 2564 1573 2590 exer-

223 2610 326 2649 eitus
353 2611 393 2650 in
420 2612 482 2652 his
509 2614 625 2653 terris
653 2628 745 2654 esse
771 2614 949 2667 placeat,
989 2613 1179 2654 consules
1212 2613 1260 2653 iis
1286 2612 1422 2666 potius
1454 2626 1574 2663 quam
