1799 2900
452 157 607 191 LIBER
632 157 799 201 XXXX,
825 157 982 192 37—39.
1009 159 1058 200 [a.
1073 156 1112 193 C.
1127 156 1207 200 180]
1426 145 1507 186 457

240 260 364 304 Veris
396 260 598 315 principio
629 261 769 310 huius,
808 261 906 301 dum
944 260 1134 302 consules
1171 275 1301 301 novos
1335 259 1507 300 dilectus
1534 270 1553 300 8

153 324 313 365 Romae
334 330 457 372 tenet,
484 338 595 363 mors
617 324 767 364 deinde
788 324 954 364 alterius
977 332 1017 364 et
1039 323 1205 364 creandi
1225 322 1391 363 comitia
1413 336 1510 362 con-

154 385 255 426 sulis
281 385 324 424 in
353 385 491 425 locum
522 385 609 425 eius
636 385 774 426 omnia
800 385 980 426 tardiora
1011 385 1209 425 fecerunt.
1270 384 1434 424 interim
1457 384 1508 424 P.
1536 397 1553 425 9

157 446 375 488 Cornelius
403 454 443 487 et
468 447 530 487 M.
552 448 749 496 Baebius,
778 448 847 500 qui
873 448 913 487 in
941 447 1156 488 consulatu
1182 447 1283 486 nihil
1307 461 1510 487 memora-

155 509 235 550 bile
256 517 486 562 gesserant,
507 509 550 549 in
569 510 773 564 Apuanos
794 510 977 564 Ligures
999 509 1225 550 exercitum
1246 508 1509 549 induxerunt.

239 571 512 613 XXXVIII.
544 571 740 626 Ligures,
763 571 831 624 qui
852 580 946 611 ante
962 572 1185 611 adventum
1199 572 1241 610 in
1256 570 1509 625 provinciam
1540 581 1550 609 1

154 633 372 674 consulum
394 648 477 673 non
493 641 807 687 exspectassent
828 633 996 681 bellum,
1022 632 1234 688 inproviso
1250 631 1439 687 obpressi
1460 632 1512 672 ad

155 696 374 737 duodecim
393 696 506 736 milia
533 696 747 737 hominum
768 696 1014 736 dediderunt
1036 710 1092 736 se.
1132 710 1202 736 eos
1225 695 1413 736 consulto
1438 709 1511 749 per
1537 706 1555 735 2

154 758 311 798 litteras
338 758 451 813 prius
479 766 625 799 senatu
652 758 855 799 deducere
884 772 934 797 ex
954 757 1164 798 montibus
1190 757 1233 797 in
1259 772 1380 811 agros
1402 771 1513 796 cam-

154 828 316 874 pestres
342 820 487 874 procul
513 821 564 861 ab
592 821 727 869 domo,
755 835 806 861 ne
832 820 989 860 reditus
1018 834 1112 874 spes
1139 827 1262 868 esset,
1292 818 1510 860 Cornelius

155 888 195 922 et
218 882 404 921 Baebius
432 889 683 931 statuerunt,
716 882 875 922 nullum
902 881 1025 922 alium
1053 890 1147 922 ante
1172 881 1296 922 finem
1321 881 1399 921 rati
1424 881 1511 921 fore

153 943 367 997 Ligustini
393 943 503 984 belli.
543 959 641 998 ager
660 944 850 998 publicus
866 944 1007 999 populi
1027 943 1207 984 Romani
1226 952 1313 984 erat
1332 943 1373 983 in
1390 941 1511 983 Sam·
1537 954 1556 983 3

153 1005 321 1053 nitibus,
349 1005 675 1046 Taurasinorum
693 1005 860 1060 [fuerat.
899 1021 947 1046 eo
970 1004 1080 1060 cum]
1099 1006 1314 1046 traducere
1328 1005 1510 1060 Ligures

154 1067 358 1121 Apuanos
380 1068 544 1117 vellent,
572 1068 807 1109 edixerunt:
834 1068 1015 1122 Ligures
1035 1067 1204 1122 Apuani
1231 1068 1280 1107 de
1301 1068 1510 1108 montibus

155 1129 456 1171 descenderent
494 1145 586 1170 cum
617 1130 757 1171 liberis
791 1130 1138 1183 coniugibusque,
1178 1145 1253 1170 sua
1278 1129 1416 1169 onmia
1448 1144 1512 1170 se-

153 1206 247 1232 cum
273 1200 497 1246 portarent.
558 1194 741 1247 Ligures
769 1208 893 1247 saepe
919 1208 992 1247 per
1017 1193 1177 1247 legatos
1206 1193 1433 1246 deprecati,
1460 1208 1511 1233 ne
1538 1203 1557 1231 4

151 1262 343 1309 penates,
383 1255 525 1295 sedem
556 1255 599 1295 in
625 1269 706 1307 qua
737 1254 867 1309 geniti
893 1262 1053 1302 essent,
1093 1254 1284 1308 sepulcra
1309 1255 1512 1295 maiorum

154 1324 400 1371 cogerentur
425 1317 670 1370 relinquere,
699 1332 824 1365 arma,
852 1316 1019 1357 obsides
1046 1316 1359 1370 pollicebantur.
1398 1324 1512 1371 post·
1537 1328 1556 1356 5

152 1393 276 1431 quam
295 1379 397 1419 nihil
415 1379 692 1434 impetrabant
711 1394 845 1432 neque
865 1379 974 1419 vires
1001 1379 1054 1419 ad
1073 1379 1359 1419 rebellandum
1381 1387 1509 1427 erant,

153 1440 288 1481 edicto
314 1450 552 1495 paruerunt.
612 1441 791 1482 traducti
818 1449 912 1481 sunt
944 1441 1112 1496 publico
1139 1450 1307 1495 sumptu
1333 1441 1385 1481 ad
1412 1456 1512 1494 qua·
1539 1452 1555 1481 6

152 1502 343 1557 draginta
368 1503 481 1543 milia
505 1503 729 1543 liberorum
755 1503 936 1557 capitum
963 1517 1056 1543 cum
1083 1503 1248 1543 feminis
1275 1503 1510 1557 puerisque.

151 1565 313 1618 argenti
339 1565 435 1605 data
457 1574 623 1606 centum
644 1573 685 1605 et
706 1565 1006 1620 quinquaginta
1031 1565 1156 1614 milia,
1183 1566 1293 1606 unde
1313 1565 1355 1605 in
1380 1580 1511 1606 novas

152 1626 272 1666 sedes
294 1634 580 1681 compararent
601 1641 705 1680 quae
727 1642 829 1682 opus
852 1635 1004 1668 essent.
1044 1643 1144 1682 agro
1166 1628 1388 1668 dividendo
1411 1627 1512 1668 dan-
1538 1638 1553 1665 7

153 1688 288 1741 doque
313 1688 439 1729 iidem
460 1690 530 1741 qui
554 1690 835 1737 traduxerant,
864 1688 1084 1730 Cornelius
1106 1697 1146 1730 et
1165 1689 1365 1738 Baebius,
1392 1704 1512 1744 prae-

151 1750 289 1804 positi.
349 1751 656 1805 postulantibus
690 1760 829 1792 tamen
859 1751 961 1805 ipsis
993 1751 1254 1804 quinqueviri
1285 1752 1337 1792 ab
1364 1759 1510 1792 senatu

152 1812 249 1859 dati,
277 1827 451 1865 quorum
478 1828 528 1853 ex
550 1813 722 1854 consilio
750 1820 934 1867 agerent.
975 1820 1183 1854 transacta
1208 1828 1252 1853 re
1280 1828 1373 1853 cum
1398 1822 1511 1854 vete·
1535 1822 1555 1852 8

151 1890 239 1915 rem
266 1875 493 1915 exercitum
507 1876 685 1916 Romam
714 1875 998 1923 deduxissent,
1026 1875 1259 1929 triumphus
1287 1876 1338 1916 ab
1366 1884 1511 1916 senatu

153 1944 216 1977 est
244 1937 448 1977 decretus.
510 1937 552 1977 hi
578 1938 760 1978 omnium
791 1938 912 1991 primi
946 1937 1058 1978 nullo
1084 1937 1192 1977 bello
1225 1944 1342 1992 gesto
1369 1937 1512 1977 trium-
1538 1949 1555 1978 9

150 1998 343 2053 pharunt.
405 2006 565 2039 tantum
598 1999 758 2039 hostiae
787 2000 933 2040 ductae
967 2009 1061 2039 ante
1088 2014 1271 2048 currum,
1309 2000 1405 2052 quia
1436 2013 1513 2039 nec

152 2061 263 2113 quod
288 2061 464 2101 ferretur
495 2076 629 2115 neque
657 2062 767 2114 quod
800 2062 1017 2102 duceretur
1044 2069 1210 2115 captum
1241 2076 1374 2114 neque
1401 2061 1512 2114 quod

151 2122 351 2163 militibus
379 2123 545 2164 daretur
570 2125 792 2177 quicquam
817 2123 859 2163 in
886 2124 1104 2177 triumphis
1132 2139 1272 2164 eorum
1299 2124 1446 2163 fuerat.

236 2184 533 2227 XXXVIIII.
559 2186 722 2226 Eodem
745 2201 852 2226 anno
868 2186 908 2225 in
924 2186 1129 2239 Hispania
1144 2186 1317 2226 Fulvius
1331 2186 1509 2226 Flaccus
1540 2198 1552 2226 1

151 2246 386 2301 proconsul,
414 2247 509 2299 quia
531 2262 747 2288 successor
767 2248 809 2287 in
834 2247 1090 2301 provinciam
1119 2247 1275 2287 tardius
1305 2247 1510 2295 veniebat,

154 2308 304 2348 educto
331 2309 515 2348 exercitu
541 2324 592 2349 ex
618 2310 800 2350 hibernis
826 2309 1062 2350 ulteriorem
1080 2308 1330 2350 Celtiberiae
1352 2325 1510 2364 agrum,

150 2371 261 2411 unde
286 2371 338 2411 ad
365 2371 616 2413 deditionem
643 2388 726 2413 non
747 2379 958 2421 venerant,
984 2372 1131 2412 institit
1153 2380 1330 2412 vastare.
1369 2386 1450 2425 qua
1467 2386 1510 2412 re

150 2433 325 2473 irritavit
360 2433 494 2487 magis
528 2433 652 2487 quam
685 2434 910 2475 conterruit
949 2434 1107 2475 animos
1145 2435 1433 2483 barbarorum,
1471 2441 1511 2474 et

151 2496 258 2535 clam
272 2496 520 2550 comparatis
537 2497 665 2551 copiis
682 2497 833 2537 saltum
847 2497 1123 2546 Manlianum,
1145 2512 1218 2552 per
1233 2512 1356 2550 quem
1376 2505 1510 2537 trans-

150 2557 303 2598 iturum
325 2558 550 2599 exercitum
564 2559 802 2600 Romanum
824 2560 924 2600 satis
946 2559 1144 2608 sciebant,
1167 2560 1430 2600 obsederunt.
1467 2559 1510 2600 in
1535 2574 1553 2602 3

152 2619 402 2675 Hispaniam
427 2620 663 2662 ulteriorem
691 2621 803 2662 cunti
828 2622 881 2662 L.
896 2621 1115 2663 Postumio
1141 2622 1298 2663 Albino
1325 2622 1508 2677 collegae

1536 2385 1554 2414 10
