1799 2900
511 202 664 237 LIBER
688 203 840 249 XXXI,
866 205 921 240 24.
941 205 994 240 525.
1023 205 1224 250 [a.o.200]
1494 196 1547 236 21

194 313 277 346 tam
302 305 502 346 instructa
528 306 649 360 signa
675 308 922 349 extulerunt.
961 309 1072 362 quod
1097 308 1168 349 ubi
1187 308 1407 363 Philippus
1433 307 1549 357 vidit,

194 367 346 408 habere
372 382 416 407 se
442 367 572 408 hostis
597 368 640 407 in
665 377 871 422 potestate
896 377 1010 410 ratus
1037 377 1077 410 et
1102 370 1171 409 diu
1191 377 1333 425 optata
1357 370 1553 410 caede—-

193 444 327 482 neque
364 429 473 469 enim
509 429 582 469 ulli
614 428 870 471 Graecarum
902 431 1129 471 civitatium
1160 431 1349 472 infestior
1385 438 1473 471 erat
1497 455 1551 459 —

193 492 467 546 expleturum,
495 492 734 532 cohortatus
762 494 926 542 milites,
953 502 997 534 ut
1019 509 1062 534 se
1084 495 1290 534 intuentes
1317 501 1550 548 pugnarent

194 554 427 606 scirentque
454 554 511 594 ibi
537 554 669 608 signa,
696 555 752 594 ibi
778 555 909 596 aciem
930 571 1022 596 esse
1049 557 1212 604 debere,
1238 556 1309 596 ubi
1333 571 1406 596 rex
1427 562 1550 604 esset,

193 615 371 656 eoncitat
407 631 525 656 ecum
550 632 633 656 non
664 616 724 657 ira
756 624 934 665 tantum,
975 619 1050 659 sed
1086 618 1209 658 etiam
1242 617 1375 672 gloria
1404 618 1551 666 elatus,

193 677 303 730 quod
328 676 487 731 ingenti
512 678 632 718 turba
653 679 870 733 completis
892 680 1015 720 etiam
1037 680 1088 720 ad
1115 679 1397 734 spectaculum
1422 679 1550 718 muris

194 739 376 793 conspici
414 754 458 780 se
494 748 751 794 pugnantem
792 742 1007 796 egregium
1045 743 1235 782 ducebat.
1296 741 1552 794 aliquantum

194 808 287 840 ante
315 802 444 841 aciem
465 816 557 841 cum
585 803 791 854 equitibus
818 805 962 857 paucis
984 812 1151 844 evectus
1173 804 1215 843 in
1235 803 1393 843 medios
1420 802 1552 842 hostis

192 862 404 916 ingentem
425 877 517 903 cum
539 864 623 904 suis
647 865 848 913 ardorem,
870 872 956 905 tum
978 881 1175 920 pavorem
1197 865 1385 905 hostibus
1400 864 1552 904 iniecit.

193 924 391 978 plurimos
418 940 543 964 manu
570 941 644 965 sua
665 927 895 967 comminus
917 928 1161 979 eminusque
1182 927 1419 967 vulneratos
1443 940 1554 966 eom-

193 985 419 1041 pulsosque
446 986 485 1025 in
518 995 680 1040 portam
707 996 954 1029 consecutus
982 996 1021 1028 et
1053 988 1142 1041 ipse
1169 1002 1262 1028 cum
1287 988 1487 1028 maiorem
1511 987 1554 1027 in

195 1048 398 1101 angustiis
424 1049 719 1102 trepidantium
746 1049 947 1089 edidisset
973 1051 1156 1097 caedem,
1183 1049 1225 1089 in
1250 1050 1467 1089 temerario
1493 1048 1555 1088 in-

195 1118 313 1164 cepto
340 1117 473 1149 tutum
500 1119 637 1150 tamen
662 1118 875 1165 receptum
902 1111 1064 1159 habuit,
1091 1111 1186 1163 quia
1212 1111 1281 1163 qui
1305 1111 1347 1150 in
1372 1110 1552 1151 turribus

194 1179 336 1226 portae
370 1179 486 1211 erant
518 1171 778 1212 sustinebant
815 1173 914 1221 tela,
952 1188 1002 1213 ne
1034 1173 1076 1212 in
1107 1174 1330 1227 permixtos
1366 1172 1553 1212 hostibus

196 1248 292 1273 suos
309 1233 526 1273 coicerent.
558 1233 666 1273 intra
680 1249 819 1274 muros
835 1234 983 1275 deinde
1005 1235 1240 1275 tenentibus
1256 1233 1406 1274 milites
1421 1234 1555 1274 Athe-

194 1294 407 1334 niensibus
435 1294 655 1349 Philippus
684 1295 803 1349 signo
830 1296 1014 1351 receptui
1041 1296 1137 1336 dato
1160 1303 1295 1335 castra
1316 1296 1368 1335 ad
1390 1295 1555 1349 Cynos-

195 1371 315 1410 arges
340 1380 396 1385 ——
421 1357 622 1410 templum
648 1357 842 1397 Herculis
877 1359 1226 1412 gymnasiumque
1253 1365 1291 1398 et
1324 1358 1441 1397 lucus
1468 1365 1556 1398 erat

195 1417 480 1458 circumiectus
500 1419 720 1474 —posuit.
777 1420 851 1460 sed
876 1428 916 1460 et
944 1419 1213 1474 Cynosarges
1241 1427 1282 1460 et
1307 1420 1487 1473 Lycium
1514 1426 1553 1460 et

195 1480 393 1532 quidquid
421 1480 552 1520 saneti
579 1481 794 1522 amoenive
826 1482 934 1522 cirea
959 1483 1105 1522 urbem
1132 1490 1220 1522 erat
1250 1481 1465 1522 incensum
1493 1489 1556 1522 est

196 1542 411 1595 dirutaque
436 1557 519 1582 non
543 1549 653 1583 tecta
678 1543 825 1592 solum,
854 1544 928 1584 sed
949 1544 1074 1585 etiam
1096 1544 1298 1598 sepulcra,
1325 1557 1401 1584 nee
1428 1543 1555 1583 divini

196 1604 446 1657 humanique
482 1605 582 1646 iuris
625 1605 845 1659 quicquam
888 1622 988 1661 prae
1029 1606 1232 1661 inpotenti
1274 1606 1334 1646 ira
1370 1612 1434 1646 est
1471 1621 1555 1647 ser-

198 1673 351 1706 vatum.
1016 1702 1018 1705 .

282 1727 434 1770 XXV.
482 1729 660 1769 Postero
686 1730 751 1770 die
777 1743 871 1770 cum
900 1731 1034 1785 primo
1060 1731 1226 1771 clausae
1259 1730 1435 1770 fuissent
1460 1744 1555 1784 por-

198 1796 277 1838 tae,
305 1789 452 1830 deinde
480 1791 616 1831 subito
643 1799 822 1845 apertae,
850 1793 946 1844 quia
970 1792 1224 1846 praesidium
1244 1791 1377 1831 Attali
1404 1792 1455 1830 ab
1470 1792 1557 1831 Ae-

198 1850 296 1904 gina
320 1851 580 1905 Romanique
612 1853 664 1892 ab
689 1853 839 1893 Piraeo
870 1853 1126 1894 intraverant
1150 1855 1315 1901 urbem,
1343 1860 1478 1893 castra
1503 1854 1555 1893 ab

198 1913 299 1952 urbe
329 1914 468 1953 retulit
504 1929 577 1954 rex
615 1915 692 1954 tria
724 1915 854 1955 ferme
880 1915 993 1955 milia
1024 1918 1210 1970 passum.
1270 1915 1365 1955 inde
1390 1915 1556 1955 Eleusi-

198 1989 293 2014 nam
325 1975 535 2028 profectus
563 1991 635 2030 spe
673 1976 884 2030 inproviso
917 1978 1058 2030 templi
1090 1977 1349 2029 castellique‚
1381 1977 1492 2029 quod
1517 1985 1556 2016 et

198 2035 371 2076 inminet
402 2044 442 2077 et
474 2038 771 2078 circumdatum
800 2047 863 2079 est
889 2040 1061 2093 templo,
1089 2039 1290 2093 capiendi,
1318 2053 1411 2078 eum
1437 2038 1557 2078 haut-

200 2113 406 2151 quaquam
432 2100 644 2154 neglectas
677 2102 885 2142 custodias
920 2101 1282 2142 animadvertisset
1308 2108 1348 2141 et
1379 2101 1556 2141 classem

199 2175 224 2200 a
253 2161 402 2201 Piraeo
442 2162 626 2203 subsidio
663 2164 822 2213 venire,
862 2164 1016 2205 omisso
1055 2164 1219 2217 incepto
1251 2163 1472 2217 BIegaram
1508 2177 1557 2203 ac

201 2222 387 2274 protinus
415 2222 662 2264 Corinthum
688 2225 800 2265 ducit
825 2232 876 2274 et,
904 2240 997 2265 cum
1018 2225 1147 2278 Argis
1168 2224 1434 2264 Achaeorum
1460 2238 1558 2265 eon-

202 2283 339 2322 cilium
365 2298 457 2325 esse
484 2286 692 2334 audisset,
719 2287 1031 2340 inopinantibus
1060 2285 1241 2326 Achaeis
1267 2286 1448 2326 contioni
1477 2286 1557 2341 ipsi

202 2346 451 2398 supervenit.
513 2348 802 2388 consultabant
835 2349 885 2388 de
917 2349 1025 2388 bello
1058 2348 1258 2388 adversus
1283 2347 1454 2395 Nabim,
1491 2356 1555 2402 ty-

202 2421 376 2446 rannum
401 2407 848 2457 Lacedaemoniorum,
886 2410 955 2462 qui
986 2410 1133 2449 tralato
1164 2409 1338 2463 imperio
1365 2425 1388 2449 a
1412 2409 1555 2450 Philo-

202 2483 402 2522 poemene
436 2470 487 2508 ad
521 2468 783 2523 Cyeliadam,
820 2486 1082 2524 nequaquam
1117 2486 1261 2525 parem
1298 2471 1356 2510 illi
1393 2472 1553 2521 ducem,

203 2530 363 2584 dilapsa
395 2545 567 2571 cernens
599 2532 867 2572 Achaeorum
900 2533 1053 2573 auxilia
1082 2533 1438 2586 redintegraverat
1468 2533 1555 2574 bel-

203 2592 287 2632 lum
314 2607 519 2646 agrosque
539 2593 804 2635 finitimorum
825 2596 1015 2635 vastabat
1037 2601 1075 2636 et
1096 2595 1177 2635 iam
1199 2594 1369 2634 urbibus
1391 2610 1554 2648 quoque

1582 322 1616 351 11

1580 509 1618 538 12

1580 693 1619 723 13

1581 755 1621 784 14

1584 942 1621 971 15

1582 1126 1620 1156 16

1584 1250 1621 1278 17

1583 1434 1622 1463 18

1581 1930 1599 1958 10

204 2660 292 2693 erat
322 2654 530 2699 terribilis.
590 2655 788 2697 adversus
821 2656 930 2696 hunc
961 2656 1122 2697 hostem
1154 2670 1248 2696 cum
1278 2664 1477 2709 quantum
1503 2672 1553 2698 ex
1581 2672 1600 2699 4
