1799 2900
515 59 667 93 LIBER
691 59 934 103 xxxvnss,
961 61 992 94 3.
1013 60 1044 93 4.
1072 58 1172 104 [ac
1190 60 1270 102 187]
1487 50 1569 91 375

223 162 452 204 Cenomani
479 161 613 214 questi
631 162 787 202 Romae
813 163 923 217 apud
949 170 1137 203 senatum
1156 162 1377 214 reiectique
1397 162 1448 202 ad
1474 176 1570 201 eon-

221 225 351 265 sulem
373 223 612 269 Aemilium,
641 223 706 263 cui
730 232 774 263 ut
801 232 1070 277 cognosceret
1096 231 1375 276 statueretque
1402 231 1568 264 senatus

220 286 481 342 permiserat,
515 300 667 339 magno
701 286 923 326 certamine
951 300 1042 326 cum
1074 292 1263 340 praetore
1289 285 1429 326 habito
1455 292 1571 325 tenu-

221 356 339 389 erunt
365 362 546 388 causam.
608 362 722 387 arma
752 348 925 388 reddere
953 346 1225 397 Cenomanis,
1253 347 1451 388 decedere
1476 362 1570 401 pro—
1595 362 1612 390 3

221 410 355 451 vincia
378 418 542 464 praetor
567 409 719 449 iussus.

304 472 480 527 Legatis
508 471 656 512 deinde
683 472 889 512 sociorum
903 471 1047 512 Latini
1072 472 1263 520 nominis,
1291 472 1361 524 qui
1387 478 1472 512 toto
1497 486 1572 511 un-
1597 485 1615 512 4

221 535 344 587 dique
371 548 421 574 ex
436 533 561 574 Latio
587 534 824 586 frequentes
846 540 1136 581 convenerant,
1165 542 1332 573 senatus
1354 533 1473 573 datus
1494 542 1569 573 est.

221 595 283 636 his
305 595 571 648 querentibus
593 611 789 650 magnam
808 595 1112 635 multitudinem
1135 595 1284 634 civium
1307 610 1474 635 suorum
1487 595 1572 636 Ro-

221 673 330 698 mam
352 657 650 712 commigrasse
672 665 712 697 et
730 657 786 697 ibi
808 671 953 697 censos
975 671 1080 704 esse,
1101 656 1154 707 Q.
1169 656 1365 697 Tercntio
1383 655 1573 697 Culleoni
1599 670 1617 697 ῡ

222 719 399 774 praetori
425 719 638 773 negotium
664 719 805 758 datum
831 726 906 766 est,
933 726 976 758 ut
1003 733 1073 758 eos
1101 718 1359 770 conquireret
1385 726 1425 759 et
1450 733 1572 771 quem

222 780 272 821 C.
289 780 480 829 Claudio,
506 781 568 820 DJ.
585 780 708 821 Livio
724 780 963 820 censoribus
979 787 1126 834 postve
1141 795 1211 820 eos
1228 794 1420 820 censores
1436 779 1573 834 ipsum

220 850 486 897 parentemve
518 842 605 882 eius
640 842 749 896 apud
782 856 825 882 se
852 856 1022 881 censum
1055 856 1147 882 csse
1178 842 1427 896 probassent
1458 841 1570 889 socii,

220 912 263 944 ut
287 904 420 945 redire
446 918 493 944 eo
521 911 685 958 cogeret
717 903 787 943 ubi
819 903 931 943 censi
957 912 1108 943 essent.
1170 903 1247 943 hac
1273 902 1572 956 conquisitione
1599 915 1616 943 6

220 968 436 1008 duodecim
458 967 569 1007 milia
583 966 829 1007 Latinorum
852 966 996 1006 domos
1016 965 1238 1013 redierunt,
1260 965 1340 1005 iam
1362 974 1448 1005 tum
1468 965 1573 1005 mul-

219 1029 392 1069 titudine
419 1029 744 1082 alienigenarum
771 1028 914 1067 urbem
940 1035 1152 1068 onerante.

303 1091 407 1130 IIH.
455 1090 705 1141 Priusquam
732 1089 922 1129 consules
948 1089 1129 1129 redirent
1152 1088 1349 1136 Romam,
1387 1088 1448 1128 M.
1474 1088 1574 1128 Ful·
1603 1103 1614 1130 1

219 1152 308 1191 vius
335 1151 556 1205 proconsul
582 1165 633 1190 ex
646 1150 814 1190 Aetolia
837 1150 960 1198 redit3
987 1149 1104 1202 isque
1131 1150 1183 1190 ad
1204 1150 1349 1190 aedem
1364 1149 1571 1203 Apollinis

218 1213 259 1253 in
285 1219 430 1253 senatu
456 1226 550 1252 cum
577 1212 626 1252 de
657 1212 779 1252 rebus
806 1211 849 1251 in
872 1211 1041 1251 Aetolia
1067 1209 1421 1265 Cephalleniaque
1452 1211 1504 1251 ab
1530 1226 1574 1251 se

217 1274 346 1330 gestis
373 1274 656 1322 disseruisset,
682 1273 783 1328 petit
809 1288 833 1313 a
858 1273 1057 1328 patribus,
1083 1281 1129 1313 ut
1147 1287 1324 1326 aequum
1344 1279 1573 1319 censerent,

217 1337 270 1377 ob
305 1351 392 1376 rem
428 1336 635 1390 publicam
673 1336 777 1376 bene
816 1350 864 1375 ac
900 1335 1074 1375 feliciter
1110 1344 1273 1390 gestam
1305 1335 1382 1375 diis
1422 1335 1575 1374 inmor-

217 1399 366 1439 talibus
393 1398 592 1439 honorem
618 1398 760 1439 haberi
787 1397 1023 1451 (iuberent),
1051 1405 1089 1438 et
1118 1397 1195 1438 sibi
1226 1396 1479 1451 triumphum
1504 1397 1574 1436 de-

218 1469 444 1501 cernerent.
504 1460 566 1500 M.
588 1460 773 1500 Aburius
801 1460 989 1500 tribunus
1016 1459 1168 1514 plebis,
1197 1459 1230 1499 si
1256 1459 1354 1512 quid
1381 1459 1431 1498 de
1458 1473 1506 1498 ea
1530 1473 1573 1498 re
1600 1470 1618 1498 3

218 1530 311 1562 ante
336 1522 399 1562 M.
425 1522 594 1562 Aemilii
626 1521 806 1562 consulis
839 1522 1065 1562 adventum
1098 1522 1405 1568 decerneretur,
1449 1520 1574 1560 inter-

217 1598 429 1624 cessurum
456 1598 499 1623 se
520 1584 718 1623 ostendit:
745 1598 838 1623 eum
860 1583 1140 1623 contradicere
1160 1583 1283 1631 velle,
1309 1581 1573 1636 proficiscen·
1599 1594 1618 1621 4

217 1653 381 1698 temque
406 1645 447 1685 in
472 1644 728 1699 provinciam
752 1645 809 1685 ita
834 1644 910 1685 sibi
937 1645 1178 1691 mandasse,
1210 1644 1269 1683 uti
1295 1659 1344 1683 ca
1369 1643 1574 1697 discepta-

217 1707 272 1747 tio
298 1707 459 1761 integra
484 1707 524 1746 in
551 1707 772 1746 adventum
800 1721 920 1746 suum
947 1715 1192 1746 servaretur.
1250 1705 1446 1746 Fulvium
1472 1712 1574 1745 tem-

216 1769 327 1823 poris
360 1768 561 1808 iacturam
593 1768 746 1817 faecre3
786 1776 974 1808 senatum
1007 1767 1129 1808 etiam
1162 1767 1330 1807 consule
1355 1775 1573 1821 praesente

218 1830 328 1883 quod
353 1829 475 1870 vellet
503 1830 776 1870 decreturum.
826 1839 913 1869 tum
925 1829 1119 1870 Fulvius:
1148 1829 1181 1869 si
1207 1836 1275 1869 aut
1302 1828 1487 1869 simultas
1510 1828 1572 1868 M.
1599 1840 1618 1868 ὁ

218 1891 389 1932 Aemilii
416 1905 557 1931 secum
590 1890 732 1945 ignota
762 1891 998 1931 hominibus
1031 1901 1160 1939 essct,
1197 1900 1268 1931 aut
1294 1904 1418 1942 quam
1442 1889 1476 1929 is
1503 1904 1572 1929 eas

216 1953 448 1992 inimicitias
474 1952 676 2006 inpotenti
702 1966 749 1992 ac
779 1968 907 2007 prope
932 1952 1048 2006 regia
1079 1952 1138 1991 ira
1170 1958 1397 2000 exerceret,
1435 1958 1573 1990 tamen
1600 1962 1617 1991 6

216 2029 299 2055 non
324 2014 453 2054 fuisse
480 2014 715 2062 ferendum,
754 2014 968 2054 absentem
1002 2014 1215 2054 consulem
1246 2020 1285 2053 et
1317 2013 1486 2053 deorum
1512 2012 1574 2051 in-

215 2076 449 2116 mortalium
475 2075 619 2116 honori
652 2077 816 2116 obstare
848 2084 888 2116 et
918 2076 1109 2116 meritum
1141 2076 1407 2128 debitumque
1433 2075 1574 2114 trium-

216 2137 345 2191 phum
369 2137 532 2185 morari,
558 2136 847 2191 imperatorem
873 2138 996 2178 rebus
1018 2137 1184 2191 egregie
1205 2136 1334 2191 gestis
1357 2136 1572 2176 victorem·
1600 2147 1616 2174 7

218 2212 296 2250 que
322 2198 545 2238 exercitum
577 2212 670 2237 cum
700 2199 855 2252 praeda
886 2208 924 2239 et
957 2199 1129 2252 captivis
1163 2206 1256 2238 ante
1281 2204 1421 2251 portas
1450 2204 1571 2245 stare,

217 2259 347 2299 donec
369 2259 527 2299 consuli
549 2260 601 2299 ob
622 2259 700 2300 hoc
718 2259 854 2314 ipsum
873 2260 1049 2300 moranti
1070 2261 1201 2300 redire
1215 2260 1391 2300 Romam
1412 2258 1572 2299 libitum

218 2327 340 2361 esset.
401 2334 545 2360 verum
578 2320 787 2361 enimvero
820 2336 914 2361 cum
945 2322 1027 2362 sint.
1056 2321 1338 2362 nobilissimae
1370 2320 1447 2361 sibi
1479 2335 1571 2360 eum
1597 2331 1616 2360 8

218 2382 386 2423 consule
422 2382 677 2431 inimicitiae,
715 2383 814 2435 quid
850 2384 901 2423 ab
935 2398 983 2424 eo
1016 2398 1264 2436 quemquam
1295 2397 1419 2437 posse
1452 2382 1572 2435 acqui

217 2450 477 2498 exspectare,
516 2444 583 2497 qui
608 2459 682 2499 per
705 2444 1024 2497 infrequentiam
1050 2445 1188 2485 furtim
1216 2452 1381 2485 senatus
1409 2443 1573 2485 consul-

217 2512 304 2545 tum
330 2506 485 2546 factum
510 2506 562 2546 ad
588 2506 789 2546 aerarium
815 2506 1022 2555 detulerit,
1049 2506 1318 2547 Ambraciam
1339 2520 1421 2547 non
1441 2504 1568 2546 videri
1593 2516 1611 2547 9

1599 1163 1617 1191 10
