<?xml version="1.0" encoding="UTF-8"?>
<!DOCTYPE html PUBLIC "-//W3C//DTD XHTML 1.0 Transitional//EN"
    "http://www.w3.org/TR/xhtml1/DTD/xhtml1-transitional.dtd">
<html xmlns="http://www.w3.org/1999/xhtml" xml:lang="en" lang="en">
 <head>
  <title>
</title>
<meta http-equiv="Content-Type" content="text/html;charset=utf-8" />
  <meta name='ocr-system' content='tesseract 3.04.00' />
  <meta name='ocr-capabilities' content='ocr_page ocr_carea ocr_par ocr_line ocrx_word'/>
</head>
<body>
  <div class='ocr_page' id='page_1' title='image "./aburbeconditalib03livyuoft_0271.png"; bbox 0 0 1799 2900; ppageno 0'>
   <div class='ocr_carea' id='block_1_1' title="bbox 411 138 1494 195">
    <p class='ocr_par' dir='ltr' id='par_1_1' title="bbox 411 138 1494 195">
     <span class='ocr_line' id='line_1_1' title="bbox 411 138 1494 195; baseline -0.007 -8"><span class='ocrx_word' id='word_1_1' title='bbox 411 153 561 187; x_wconf 72' lang='lat' dir='ltr'>Lissssn</span> <span class='ocrx_word' id='word_1_2' title='bbox 588 152 752 195; x_wconf 72' lang='lat' dir='ltr'>xxxv,</span> <span class='ocrx_word' id='word_1_3' title='bbox 779 152 907 186; x_wconf 49' lang='lat'><strong>2021.</strong></span> <span class='ocrx_word' id='word_1_4' title='bbox 937 153 985 195; x_wconf 73' lang='lat' dir='ltr'>[a.</span> <span class='ocrx_word' id='word_1_5' title='bbox 1002 150 1130 185; x_wconf 68' lang='lat'><strong>0193.</strong></span> <span class='ocrx_word' id='word_1_6' title='bbox 1147 149 1227 193; x_wconf 73' lang='lat'>199]</span> <span class='ocrx_word' id='word_1_7' title='bbox 1417 138 1494 180; x_wconf 78' lang='grc'>191</span> 
     </span>
    </p>
   </div>
   <div class='ocr_carea' id='block_1_2' title="bbox 146 251 1498 311">
    <p class='ocr_par' dir='ltr' id='par_1_2' title="bbox 146 251 1498 311">
     <span class='ocr_line' id='line_1_2' title="bbox 146 251 1498 311; baseline -0.009 -8"><span class='ocrx_word' id='word_1_8' title='bbox 146 262 202 302; x_wconf 87' lang='lat' dir='ltr'>ita</span> <span class='ocrx_word' id='word_1_9' title='bbox 237 266 281 299; x_wconf 88' lang='lat' dir='ltr'>ut</span> <span class='ocrx_word' id='word_1_10' title='bbox 315 257 421 298; x_wconf 87' lang='lat' dir='ltr'>inter</span> <span class='ocrx_word' id='word_1_11' title='bbox 453 271 497 297; x_wconf 87' lang='lat' dir='ltr'>se</span> <span class='ocrx_word' id='word_1_12' title='bbox 531 263 817 311; x_wconf 78' lang='lat' dir='ltr'>compararent</span> <span class='ocrx_word' id='word_1_13' title='bbox 850 255 1164 301; x_wconf 73' lang='lat' dir='ltr'>sortirenturve,</span> <span class='ocrx_word' id='word_1_14' title='bbox 1201 259 1292 293; x_wconf 87' lang='lat' dir='ltr'>uter</span> <span class='ocrx_word' id='word_1_15' title='bbox 1322 251 1498 292; x_wconf 84' lang='lat' dir='ltr'>comitiis</span> 
     </span>
    </p>
   </div>
   <div class='ocr_carea' id='block_1_3' title="bbox 146 316 1544 375">
    <p class='ocr_par' dir='ltr' id='par_1_3' title="bbox 146 316 1544 375">
     <span class='ocr_line' id='line_1_3' title="bbox 146 316 1544 375; baseline -0.005 -12"><span class='ocrx_word' id='word_1_16' title='bbox 146 323 232 363; x_wconf 88' lang='lat' dir='ltr'>eius</span> <span class='ocrx_word' id='word_1_17' title='bbox 259 319 357 361; x_wconf 90' lang='lat' dir='ltr'>anni</span> <span class='ocrx_word' id='word_1_18' title='bbox 381 326 614 375; x_wconf 76' lang='lat' dir='ltr'>praeesset:</span> <span class='ocrx_word' id='word_1_19' title='bbox 642 319 695 358; x_wconf 89' lang='lat' dir='ltr'>ad</span> <span class='ocrx_word' id='word_1_20' title='bbox 721 326 859 358; x_wconf 87' lang='lat' dir='ltr'>utrum</span> <span class='ocrx_word' id='word_1_21' title='bbox 885 333 931 358; x_wconf 90' lang='lat' dir='ltr'>ea</span> <span class='ocrx_word' id='word_1_22' title='bbox 958 332 1041 356; x_wconf 91' lang='lat' dir='ltr'>non</span> <span class='ocrx_word' id='word_1_23' title='bbox 1066 316 1290 371; x_wconf 81' lang='lat' dir='ltr'>pertineret</span> <span class='ocrx_word' id='word_1_24' title='bbox 1314 329 1428 363; x_wconf 88' lang='lat' dir='ltr'>cura,</span> <span class='ocrx_word' id='word_1_25' title='bbox 1455 322 1500 354; x_wconf 86' lang='lat' dir='ltr'>ut</span> <span class='ocrx_word' id='word_1_26' title='bbox 1526 327 1544 356; x_wconf 83' lang='lat'>3</span> 
     </span>
    </p>
   </div>
   <div class='ocr_carea' id='block_1_4' title="bbox 144 377 1500 440">
    <p class='ocr_par' dir='ltr' id='par_1_4' title="bbox 144 377 1500 440">
     <span class='ocr_line' id='line_1_4' title="bbox 144 377 1500 440; baseline -0.007 -15"><span class='ocrx_word' id='word_1_27' title='bbox 144 392 313 440; x_wconf 89' lang='lat' dir='ltr'>paratus</span> <span class='ocrx_word' id='word_1_28' title='bbox 340 388 464 430; x_wconf 89' lang='lat' dir='ltr'>esset,</span> <span class='ocrx_word' id='word_1_29' title='bbox 492 381 525 421; x_wconf 85' lang='lat' dir='ltr'>si</span> <span class='ocrx_word' id='word_1_30' title='bbox 547 395 628 434; x_wconf 90' lang='lat' dir='ltr'>quo</span> <span class='ocrx_word' id='word_1_31' title='bbox 650 396 743 421; x_wconf 89' lang='lat' dir='ltr'>eum</span> <span class='ocrx_word' id='word_1_32' title='bbox 764 388 879 420; x_wconf 78' lang='lat' dir='ltr'>extra</span> <span class='ocrx_word' id='word_1_33' title='bbox 900 380 1065 420; x_wconf 89' lang='lat' dir='ltr'>Italiam</span> <span class='ocrx_word' id='word_1_34' title='bbox 1092 393 1194 432; x_wconf 91' lang='lat' dir='ltr'>opus</span> <span class='ocrx_word' id='word_1_35' title='bbox 1222 384 1331 418; x_wconf 84' lang='lat' dir='ltr'>esset</span> <span class='ocrx_word' id='word_1_36' title='bbox 1352 377 1500 417; x_wconf 82' lang='lat' dir='ltr'>ducere</span> 
     </span>
    </p>
   </div>
   <div class='ocr_carea' id='block_1_5' title="bbox 146 438 1545 501">
    <p class='ocr_par' dir='ltr' id='par_1_5' title="bbox 146 438 1545 501">
     <span class='ocr_line' id='line_1_5' title="bbox 146 438 1545 501; baseline -0.006 -14"><span class='ocrx_word' id='word_1_37' title='bbox 146 447 346 501; x_wconf 79' lang='lat' dir='ltr'>legiones.</span> <span class='ocrx_word' id='word_1_38' title='bbox 396 444 491 484; x_wconf 86' lang='lat' dir='ltr'>huic</span> <span class='ocrx_word' id='word_1_39' title='bbox 517 443 677 484; x_wconf 91' lang='lat' dir='ltr'>consuli</span> <span class='ocrx_word' id='word_1_40' title='bbox 701 443 964 497; x_wconf 84' lang='lat' dir='ltr'>permissum,</span> <span class='ocrx_word' id='word_1_41' title='bbox 992 451 1035 482; x_wconf 89' lang='lat' dir='ltr'>ut</span> <span class='ocrx_word' id='word_1_42' title='bbox 1062 441 1164 481; x_wconf 87' lang='lat' dir='ltr'>duas</span> <span class='ocrx_word' id='word_1_43' title='bbox 1190 440 1375 494; x_wconf 75' lang='lat' dir='ltr'>legiones</span> <span class='ocrx_word' id='word_1_44' title='bbox 1403 438 1502 479; x_wconf 87' lang='lat' dir='ltr'>seri·</span> <span class='ocrx_word' id='word_1_45' title='bbox 1526 454 1545 482; x_wconf 73' lang='lat'>4</span> 
     </span>
    </p>
   </div>
   <div class='ocr_carea' id='block_1_6' title="bbox 146 501 1502 557">
    <p class='ocr_par' dir='ltr' id='par_1_6' title="bbox 146 501 1502 557">
     <span class='ocr_line' id='line_1_6' title="bbox 146 501 1502 557; baseline -0.007 -7"><span class='ocrx_word' id='word_1_46' title='bbox 146 511 261 551; x_wconf 80' lang='lat' dir='ltr'>beret</span> <span class='ocrx_word' id='word_1_47' title='bbox 280 522 410 548; x_wconf 77' lang='lat' dir='ltr'>novas</span> <span class='ocrx_word' id='word_1_48' title='bbox 432 514 472 547; x_wconf 88' lang='lat' dir='ltr'>et</span> <span class='ocrx_word' id='word_1_49' title='bbox 493 506 649 547; x_wconf 71' lang='lat' dir='ltr'>sociam</span> <span class='ocrx_word' id='word_1_50' title='bbox 670 506 847 545; x_wconf 83' lang='lat' dir='ltr'>nominis</span> <span class='ocrx_word' id='word_1_51' title='bbox 863 505 1007 545; x_wconf 82' lang='lat' dir='ltr'>Latini</span> <span class='ocrx_word' id='word_1_52' title='bbox 1026 504 1137 544; x_wconf 89' lang='lat' dir='ltr'>milia</span> <span class='ocrx_word' id='word_1_53' title='bbox 1158 503 1314 557; x_wconf 72' lang='lat' dir='ltr'>viginta</span> <span class='ocrx_word' id='word_1_54' title='bbox 1329 508 1367 542; x_wconf 87' lang='lat' dir='ltr'>et</span> <span class='ocrx_word' id='word_1_55' title='bbox 1389 501 1502 555; x_wconf 88' lang='lat' dir='ltr'>equi-</span> 
     </span>
    </p>
   </div>
   <div class='ocr_carea' id='block_1_7' title="bbox 145 565 1545 624">
    <p class='ocr_par' dir='ltr' id='par_1_7' title="bbox 145 565 1545 624">
     <span class='ocr_line' id='line_1_7' title="bbox 145 565 1545 624; baseline -0.004 -13"><span class='ocrx_word' id='word_1_56' title='bbox 145 579 207 612; x_wconf 91' lang='lat' dir='ltr'>tes</span> <span class='ocrx_word' id='word_1_57' title='bbox 241 570 517 624; x_wconf 75' lang='lat' dir='ltr'>octingentos,</span> <span class='ocrx_word' id='word_1_58' title='bbox 578 568 695 608; x_wconf 86' lang='lat' dir='ltr'>alteri</span> <span class='ocrx_word' id='word_1_59' title='bbox 733 567 891 608; x_wconf 86' lang='lat' dir='ltr'>consuli</span> <span class='ocrx_word' id='word_1_60' title='bbox 931 567 1035 607; x_wconf 91' lang='lat' dir='ltr'>duae</span> <span class='ocrx_word' id='word_1_61' title='bbox 1072 566 1258 619; x_wconf 74' lang='lat' dir='ltr'>legiones</span> <span class='ocrx_word' id='word_1_62' title='bbox 1297 565 1500 610; x_wconf 81' lang='lat' dir='ltr'>decretae,</span> <span class='ocrx_word' id='word_1_63' title='bbox 1528 577 1545 605; x_wconf 77' lang='lat'>5</span> 
     </span>
    </p>
   </div>
   <div class='ocr_carea' id='block_1_8' title="bbox 147 627 1509 2672">
    <p class='ocr_par' dir='ltr' id='par_1_8' title="bbox 147 627 1509 2410">
     <span class='ocr_line' id='line_1_8' title="bbox 147 627 1503 687; baseline -0.006 -13"><span class='ocrx_word' id='word_1_64' title='bbox 147 648 248 687; x_wconf 87' lang='lat' dir='ltr'>quas</span> <span class='ocrx_word' id='word_1_65' title='bbox 282 633 335 673; x_wconf 89' lang='lat' dir='ltr'>L.</span> <span class='ocrx_word' id='word_1_66' title='bbox 365 631 585 672; x_wconf 87' lang='lat' dir='ltr'>Cornelius</span> <span class='ocrx_word' id='word_1_67' title='bbox 618 631 761 671; x_wconf 77' lang='lat' dir='ltr'>consul</span> <span class='ocrx_word' id='word_1_68' title='bbox 804 629 1026 684; x_wconf 86' lang='lat' dir='ltr'>superioris</span> <span class='ocrx_word' id='word_1_69' title='bbox 1060 629 1155 668; x_wconf 88' lang='lat' dir='ltr'>anni</span> <span class='ocrx_word' id='word_1_70' title='bbox 1193 627 1425 676; x_wconf 80' lang='lat' dir='ltr'>habuisset,</span> <span class='ocrx_word' id='word_1_71' title='bbox 1464 634 1503 666; x_wconf 87' lang='lat' dir='ltr'>et</span> 
     </span>
     <span class='ocr_line' id='line_1_9' title="bbox 147 688 1503 743; baseline -0.007 -6"><span class='ocrx_word' id='word_1_72' title='bbox 147 696 305 737; x_wconf 60' lang='lat' dir='ltr'>sociUm</span> <span class='ocrx_word' id='word_1_73' title='bbox 324 694 468 734; x_wconf 90' lang='lat' dir='ltr'>Latini</span> <span class='ocrx_word' id='word_1_74' title='bbox 494 693 671 734; x_wconf 88' lang='lat' dir='ltr'>nominis</span> <span class='ocrx_word' id='word_1_75' title='bbox 695 708 746 733; x_wconf 79' lang='lat' dir='ltr'>ex</span> <span class='ocrx_word' id='word_1_76' title='bbox 766 693 912 733; x_wconf 85' lang='lat' dir='ltr'>eodem</span> <span class='ocrx_word' id='word_1_77' title='bbox 933 691 1115 732; x_wconf 80' lang='lat' dir='ltr'>exercitu</span> <span class='ocrx_word' id='word_1_78' title='bbox 1136 689 1370 743; x_wconf 84' lang='lat' dir='ltr'>quindecim</span> <span class='ocrx_word' id='word_1_79' title='bbox 1391 688 1503 728; x_wconf 87' lang='lat' dir='ltr'>milia</span> 
     </span>
     <span class='ocr_line' id='line_1_10' title="bbox 149 750 1503 810; baseline -0.006 -12"><span class='ocrx_word' id='word_1_80' title='bbox 149 764 188 798; x_wconf 91' lang='lat' dir='ltr'>et</span> <span class='ocrx_word' id='word_1_81' title='bbox 217 757 377 810; x_wconf 79' lang='lat' dir='ltr'>equites</span> <span class='ocrx_word' id='word_1_82' title='bbox 405 755 632 809; x_wconf 67' lang='lat' dir='ltr'>quingenti.</span> <span class='ocrx_word' id='word_1_83' title='bbox 695 754 747 806; x_wconf 90' lang='lat' dir='ltr'>Q.</span> <span class='ocrx_word' id='word_1_84' title='bbox 774 754 961 795; x_wconf 84' lang='lat' dir='ltr'>Minuei0</span> <span class='ocrx_word' id='word_1_85' title='bbox 988 768 1081 793; x_wconf 87' lang='lat' dir='ltr'>cum</span> <span class='ocrx_word' id='word_1_86' title='bbox 1107 752 1288 793; x_wconf 72' lang='lat' dir='ltr'>exercitu</span> <span class='ocrx_word' id='word_1_87' title='bbox 1316 766 1437 804; x_wconf 88' lang='lat' dir='ltr'>quem</span> <span class='ocrx_word' id='word_1_88' title='bbox 1462 750 1503 790; x_wconf 89' lang='lat' dir='ltr'>in</span> 
     </span>
     <span class='ocr_line' id='line_1_11' title="bbox 147 812 1504 874; baseline -0.006 -15"><span class='ocrx_word' id='word_1_89' title='bbox 147 820 377 874; x_wconf 70' lang='lat' dir='ltr'>Liguribus</span> <span class='ocrx_word' id='word_1_90' title='bbox 415 819 594 859; x_wconf 88' lang='lat' dir='ltr'>habebat</span> <span class='ocrx_word' id='word_1_91' title='bbox 632 824 900 872; x_wconf 70' lang='lat' dir='ltr'>prorogatum</span> <span class='ocrx_word' id='word_1_92' title='bbox 938 816 1168 870; x_wconf 88' lang='lat' dir='ltr'>imperium.</span> <span class='ocrx_word' id='word_1_93' title='bbox 1241 814 1425 854; x_wconf 88' lang='lat' dir='ltr'>additum</span> <span class='ocrx_word' id='word_1_94' title='bbox 1463 812 1504 852; x_wconf 91' lang='lat' dir='ltr'>in</span> 
     </span>
     <span class='ocr_line' id='line_1_12' title="bbox 150 876 1504 936; baseline -0.005 -15"><span class='ocrx_word' id='word_1_95' title='bbox 150 881 503 936; x_wconf 86' lang='lat' dir='ltr'>supplementum,</span> <span class='ocrx_word' id='word_1_96' title='bbox 542 887 587 920; x_wconf 91' lang='lat' dir='ltr'>ut</span> <span class='ocrx_word' id='word_1_97' title='bbox 625 887 818 932; x_wconf 86' lang='lat' dir='ltr'>quattuor</span> <span class='ocrx_word' id='word_1_98' title='bbox 855 879 967 918; x_wconf 86' lang='lat' dir='ltr'>milia</span> <span class='ocrx_word' id='word_1_99' title='bbox 997 877 1183 932; x_wconf 88' lang='lat' dir='ltr'>peditum</span> <span class='ocrx_word' id='word_1_100' title='bbox 1219 876 1504 916; x_wconf 79' lang='lat' dir='ltr'>Romanorum</span> 
     </span>
     <span class='ocr_line' id='line_1_13' title="bbox 149 937 1503 994; baseline -0.007 -10"><span class='ocrx_word' id='word_1_101' title='bbox 149 944 426 984; x_wconf 80' lang='lat' dir='ltr'>scriberentur</span> <span class='ocrx_word' id='word_1_102' title='bbox 464 952 504 983; x_wconf 90' lang='lat' dir='ltr'>et</span> <span class='ocrx_word' id='word_1_103' title='bbox 546 950 710 982; x_wconf 89' lang='lat' dir='ltr'>centum</span> <span class='ocrx_word' id='word_1_104' title='bbox 756 940 1055 994; x_wconf 71' lang='lat' dir='ltr'>quinquaginta</span> <span class='ocrx_word' id='word_1_105' title='bbox 1097 938 1254 991; x_wconf 82' lang='lat' dir='ltr'>equites</span> <span class='ocrx_word' id='word_1_106' title='bbox 1298 945 1338 978; x_wconf 88' lang='lat' dir='ltr'>et</span> <span class='ocrx_word' id='word_1_107' title='bbox 1382 937 1503 977; x_wconf 83' lang='lat' dir='ltr'>sociis</span> 
     </span>
     <span class='ocr_line' id='line_1_14' title="bbox 149 999 1503 1058; baseline -0.006 -12"><span class='ocrx_word' id='word_1_108' title='bbox 149 1006 296 1046; x_wconf 87' lang='lat' dir='ltr'>eodem</span> <span class='ocrx_word' id='word_1_109' title='bbox 318 1005 498 1058; x_wconf 87' lang='lat' dir='ltr'>quinque</span> <span class='ocrx_word' id='word_1_110' title='bbox 514 1004 626 1043; x_wconf 89' lang='lat' dir='ltr'>milia</span> <span class='ocrx_word' id='word_1_111' title='bbox 651 1003 837 1058; x_wconf 86' lang='lat' dir='ltr'>peditum</span> <span class='ocrx_word' id='word_1_112' title='bbox 859 1002 1171 1056; x_wconf 83' lang='lat' dir='ltr'>imperarentur,</span> <span class='ocrx_word' id='word_1_113' title='bbox 1200 999 1365 1040; x_wconf 90' lang='lat' dir='ltr'>ducenti</span> <span class='ocrx_word' id='word_1_114' title='bbox 1387 999 1503 1052; x_wconf 88' lang='lat' dir='ltr'>quin-</span> 
     </span>
     <span class='ocr_line' id='line_1_15' title="bbox 149 1063 1504 1122; baseline -0.006 -14"><span class='ocrx_word' id='word_1_115' title='bbox 149 1068 347 1122; x_wconf 76' lang='lat' dir='ltr'>quaginta</span> <span class='ocrx_word' id='word_1_116' title='bbox 372 1067 546 1120; x_wconf 86' lang='lat' dir='ltr'>equites.</span> <span class='ocrx_word' id='word_1_117' title='bbox 590 1064 669 1106; x_wconf 88' lang='lat' dir='ltr'>Cn.</span> <span class='ocrx_word' id='word_1_118' title='bbox 686 1064 874 1105; x_wconf 87' lang='lat' dir='ltr'>Domitio</span> <span class='ocrx_word' id='word_1_119' title='bbox 901 1071 1016 1104; x_wconf 76' lang='lat' dir='ltr'>extra</span> <span class='ocrx_word' id='word_1_120' title='bbox 1038 1063 1202 1102; x_wconf 87' lang='lat' dir='ltr'>Italiam</span> <span class='ocrx_word' id='word_1_121' title='bbox 1229 1076 1309 1114; x_wconf 90' lang='lat' dir='ltr'>quo</span> <span class='ocrx_word' id='word_1_122' title='bbox 1337 1070 1504 1101; x_wconf 85' lang='lat' dir='ltr'>senatus</span> 
     </span>
     <span class='ocr_line' id='line_1_16' title="bbox 149 1123 1505 1183; baseline -0.006 -13"><span class='ocrx_word' id='word_1_123' title='bbox 149 1130 381 1170; x_wconf 84' lang='lat' dir='ltr'>censuisset</span> <span class='ocrx_word' id='word_1_124' title='bbox 404 1128 618 1183; x_wconf 75' lang='lat' dir='ltr'>provincia</span> <span class='ocrx_word' id='word_1_125' title='bbox 643 1128 794 1175; x_wconf 72' lang='lat' dir='ltr'>evenit,</span> <span class='ocrx_word' id='word_1_126' title='bbox 822 1127 874 1166; x_wconf 87' lang='lat' dir='ltr'>L.</span> <span class='ocrx_word' id='word_1_127' title='bbox 891 1125 1088 1177; x_wconf 85' lang='lat' dir='ltr'>Quinctio</span> <span class='ocrx_word' id='word_1_128' title='bbox 1111 1123 1249 1165; x_wconf 78' lang='lat' dir='ltr'>Gallia</span> <span class='ocrx_word' id='word_1_129' title='bbox 1275 1131 1313 1163; x_wconf 89' lang='lat' dir='ltr'>et</span> <span class='ocrx_word' id='word_1_130' title='bbox 1341 1124 1505 1163; x_wconf 88' lang='lat' dir='ltr'>comitia</span> 
     </span>
     <span class='ocr_line' id='line_1_17' title="bbox 149 1185 1501 1244; baseline -0.005 -13"><span class='ocrx_word' id='word_1_131' title='bbox 149 1191 352 1232; x_wconf 85' lang='lat' dir='ltr'>habenda.</span> <span class='ocrx_word' id='word_1_132' title='bbox 396 1197 609 1244; x_wconf 87' lang='lat' dir='ltr'>praetores</span> <span class='ocrx_word' id='word_1_133' title='bbox 637 1189 785 1229; x_wconf 89' lang='lat' dir='ltr'>deinde</span> <span class='ocrx_word' id='word_1_134' title='bbox 810 1187 1045 1243; x_wconf 75' lang='lat' dir='ltr'>provincias</span> <span class='ocrx_word' id='word_1_135' title='bbox 1073 1186 1218 1234; x_wconf 85' lang='lat' dir='ltr'>sortiti,</span> <span class='ocrx_word' id='word_1_136' title='bbox 1245 1185 1307 1225; x_wconf 88' lang='lat' dir='ltr'>M.</span> <span class='ocrx_word' id='word_1_137' title='bbox 1327 1185 1501 1225; x_wconf 77' lang='lat' dir='ltr'>Fulvius</span> 
     </span>
     <span class='ocr_line' id='line_1_18' title="bbox 150 1247 1504 1303; baseline -0.004 -9"><span class='ocrx_word' id='word_1_138' title='bbox 150 1252 420 1294; x_wconf 84' lang='lat' dir='ltr'>Centumalus</span> <span class='ocrx_word' id='word_1_139' title='bbox 447 1253 661 1297; x_wconf 88' lang='lat' dir='ltr'>urbanam,</span> <span class='ocrx_word' id='word_1_140' title='bbox 688 1251 742 1292; x_wconf 87' lang='lat' dir='ltr'>L.</span> <span class='ocrx_word' id='word_1_141' title='bbox 759 1250 1001 1291; x_wconf 80' lang='lat' dir='ltr'>Scribonius</span> <span class='ocrx_word' id='word_1_142' title='bbox 1018 1249 1128 1289; x_wconf 85' lang='lat' dir='ltr'>Libo</span> <span class='ocrx_word' id='word_1_143' title='bbox 1154 1248 1430 1303; x_wconf 67' lang='lat' dir='ltr'>peregrinam,</span> <span class='ocrx_word' id='word_1_144' title='bbox 1450 1247 1504 1288; x_wconf 84' lang='lat' dir='ltr'>L.</span> 
     </span>
     <span class='ocr_line' id='line_1_19' title="bbox 147 1309 1505 1369; baseline -0.007 -12"><span class='ocrx_word' id='word_1_145' title='bbox 147 1315 339 1358; x_wconf 87' lang='lat' dir='ltr'>Valerius</span> <span class='ocrx_word' id='word_1_146' title='bbox 367 1315 515 1369; x_wconf 81' lang='lat' dir='ltr'>Tappo</span> <span class='ocrx_word' id='word_1_147' title='bbox 544 1313 747 1359; x_wconf 79' lang='lat' dir='ltr'>Siciliam,</span> <span class='ocrx_word' id='word_1_148' title='bbox 787 1312 841 1364; x_wconf 82' lang='lat' dir='ltr'>Q.</span> <span class='ocrx_word' id='word_1_149' title='bbox 870 1312 1065 1352; x_wconf 75' lang='lat' dir='ltr'>Salonius</span> <span class='ocrx_word' id='word_1_150' title='bbox 1101 1309 1228 1351; x_wconf 75' lang='lat' dir='ltr'>Sarra</span> <span class='ocrx_word' id='word_1_151' title='bbox 1255 1309 1505 1357; x_wconf 78' lang='lat' dir='ltr'>Sardiniam,</span> 
     </span>
     <span class='ocr_line' id='line_1_20' title="bbox 147 1372 1505 1430; baseline -0.004 -13"><span class='ocrx_word' id='word_1_152' title='bbox 147 1377 210 1418; x_wconf 84' lang='lat' dir='ltr'>M.</span> <span class='ocrx_word' id='word_1_153' title='bbox 236 1377 420 1417; x_wconf 83' lang='lat' dir='ltr'>Baebius</span> <span class='ocrx_word' id='word_1_154' title='bbox 447 1375 694 1430; x_wconf 82' lang='lat' dir='ltr'>Tamphilus</span> <span class='ocrx_word' id='word_1_155' title='bbox 720 1374 973 1429; x_wconf 83' lang='lat' dir='ltr'>Hispaniam</span> <span class='ocrx_word' id='word_1_156' title='bbox 998 1373 1243 1421; x_wconf 85' lang='lat' dir='ltr'>citeriorem,</span> <span class='ocrx_word' id='word_1_157' title='bbox 1269 1373 1324 1413; x_wconf 79' lang='lat' dir='ltr'>A.</span> <span class='ocrx_word' id='word_1_158' title='bbox 1351 1372 1505 1412; x_wconf 86' lang='lat' dir='ltr'>Atilius</span> 
     </span>
     <span class='ocr_line' id='line_1_21' title="bbox 152 1435 1505 1490; baseline -0.003 -12"><span class='ocrx_word' id='word_1_159' title='bbox 152 1439 357 1480; x_wconf 78' lang='lat' dir='ltr'>Serranus</span> <span class='ocrx_word' id='word_1_160' title='bbox 393 1439 645 1480; x_wconf 83' lang='lat' dir='ltr'>ulteriorem.</span> <span class='ocrx_word' id='word_1_161' title='bbox 707 1438 781 1478; x_wconf 86' lang='lat' dir='ltr'>sed</span> <span class='ocrx_word' id='word_1_162' title='bbox 818 1437 882 1477; x_wconf 89' lang='lat' dir='ltr'>his</span> <span class='ocrx_word' id='word_1_163' title='bbox 921 1437 1083 1477; x_wconf 89' lang='lat' dir='ltr'>duobus</span> <span class='ocrx_word' id='word_1_164' title='bbox 1121 1435 1298 1490; x_wconf 87' lang='lat' dir='ltr'>primum</span> <span class='ocrx_word' id='word_1_165' title='bbox 1338 1442 1505 1475; x_wconf 86' lang='lat' dir='ltr'>senatus</span> 
     </span>
     <span class='ocr_line' id='line_1_22' title="bbox 151 1497 1506 1555; baseline -0.004 -13"><span class='ocrx_word' id='word_1_166' title='bbox 151 1502 354 1550; x_wconf 88' lang='lat' dir='ltr'>consulto,</span> <span class='ocrx_word' id='word_1_167' title='bbox 383 1501 531 1541; x_wconf 89' lang='lat' dir='ltr'>deinde</span> <span class='ocrx_word' id='word_1_168' title='bbox 551 1501 688 1555; x_wconf 88' lang='lat' dir='ltr'>plebei</span> <span class='ocrx_word' id='word_1_169' title='bbox 709 1500 831 1540; x_wconf 88' lang='lat' dir='ltr'>etiam</span> <span class='ocrx_word' id='word_1_170' title='bbox 860 1499 961 1540; x_wconf 84' lang='lat' dir='ltr'>seito</span> <span class='ocrx_word' id='word_1_171' title='bbox 981 1506 1240 1553; x_wconf 87' lang='lat' dir='ltr'>permutatae</span> <span class='ocrx_word' id='word_1_172' title='bbox 1267 1497 1506 1552; x_wconf 69' lang='lat' dir='ltr'>provinciae</span> 
     </span>
     <span class='ocr_line' id='line_1_23' title="bbox 152 1559 1505 1610; baseline -0.004 -7"><span class='ocrx_word' id='word_1_173' title='bbox 152 1570 266 1603; x_wconf 88' lang='lat' dir='ltr'>sunt:</span> <span class='ocrx_word' id='word_1_174' title='bbox 293 1563 426 1603; x_wconf 77' lang='lat' dir='ltr'>Atilio</span> <span class='ocrx_word' id='word_1_175' title='bbox 453 1563 597 1603; x_wconf 89' lang='lat' dir='ltr'>classis</span> <span class='ocrx_word' id='word_1_176' title='bbox 626 1570 665 1602; x_wconf 87' lang='lat' dir='ltr'>et</span> <span class='ocrx_word' id='word_1_177' title='bbox 689 1561 961 1610; x_wconf 77' lang='lat' dir='ltr'>Macedonia,</span> <span class='ocrx_word' id='word_1_178' title='bbox 987 1561 1147 1601; x_wconf 82' lang='lat' dir='ltr'>Baebio</span> <span class='ocrx_word' id='word_1_179' title='bbox 1173 1560 1312 1600; x_wconf 84' lang='lat' dir='ltr'>Brutti</span> <span class='ocrx_word' id='word_1_180' title='bbox 1339 1559 1505 1599; x_wconf 86' lang='lat' dir='ltr'>decreti.</span> 
     </span>
     <span class='ocr_line' id='line_1_24' title="bbox 149 1621 1505 1678; baseline -0.004 -12"><span class='ocrx_word' id='word_1_181' title='bbox 149 1625 355 1666; x_wconf 86' lang='lat' dir='ltr'>Flaminio</span> <span class='ocrx_word' id='word_1_182' title='bbox 386 1624 616 1677; x_wconf 76' lang='lat' dir='ltr'>Fulvioque</span> <span class='ocrx_word' id='word_1_183' title='bbox 654 1624 696 1664; x_wconf 88' lang='lat' dir='ltr'>in</span> <span class='ocrx_word' id='word_1_184' title='bbox 729 1624 932 1678; x_wconf 77' lang='lat' dir='ltr'>Hispanis</span> <span class='ocrx_word' id='word_1_185' title='bbox 968 1629 1239 1677; x_wconf 78' lang='lat' dir='ltr'>prorogatum</span> <span class='ocrx_word' id='word_1_186' title='bbox 1274 1621 1505 1676; x_wconf 85' lang='lat' dir='ltr'>imperium.</span> 
     </span>
     <span class='ocr_line' id='line_1_25' title="bbox 150 1683 1507 1739; baseline -0.004 -12"><span class='ocrx_word' id='word_1_187' title='bbox 150 1687 280 1727; x_wconf 78' lang='lat' dir='ltr'>Atilio</span> <span class='ocrx_word' id='word_1_188' title='bbox 311 1687 353 1726; x_wconf 89' lang='lat' dir='ltr'>in</span> <span class='ocrx_word' id='word_1_189' title='bbox 385 1686 573 1726; x_wconf 83' lang='lat' dir='ltr'>Bruttios</span> <span class='ocrx_word' id='word_1_190' title='bbox 614 1686 719 1726; x_wconf 89' lang='lat' dir='ltr'>duae</span> <span class='ocrx_word' id='word_1_191' title='bbox 756 1686 942 1739; x_wconf 71' lang='lat' dir='ltr'>legiones</span> <span class='ocrx_word' id='word_1_192' title='bbox 982 1685 1191 1732; x_wconf 79' lang='lat' dir='ltr'>decretae,</span> <span class='ocrx_word' id='word_1_193' title='bbox 1231 1698 1335 1736; x_wconf 91' lang='lat' dir='ltr'>quae</span> <span class='ocrx_word' id='word_1_194' title='bbox 1372 1683 1507 1736; x_wconf 87' lang='lat' dir='ltr'>priore</span> 
     </span>
     <span class='ocr_line' id='line_1_26' title="bbox 152 1745 1506 1799; baseline -0.004 -11"><span class='ocrx_word' id='word_1_195' title='bbox 152 1764 259 1789; x_wconf 92' lang='lat' dir='ltr'>anno</span> <span class='ocrx_word' id='word_1_196' title='bbox 284 1749 466 1788; x_wconf 87' lang='lat' dir='ltr'>urbanae</span> <span class='ocrx_word' id='word_1_197' title='bbox 492 1748 689 1795; x_wconf 87' lang='lat' dir='ltr'>fuissent,</span> <span class='ocrx_word' id='word_1_198' title='bbox 723 1755 763 1787; x_wconf 90' lang='lat' dir='ltr'>et</span> <span class='ocrx_word' id='word_1_199' title='bbox 787 1755 830 1787; x_wconf 90' lang='lat' dir='ltr'>ut</span> <span class='ocrx_word' id='word_1_200' title='bbox 859 1747 980 1787; x_wconf 85' lang='lat' dir='ltr'>sociis</span> <span class='ocrx_word' id='word_1_201' title='bbox 1008 1747 1152 1786; x_wconf 86' lang='lat' dir='ltr'>eodem</span> <span class='ocrx_word' id='word_1_202' title='bbox 1178 1746 1291 1785; x_wconf 74' lang='lat' dir='ltr'>milia,</span> <span class='ocrx_word' id='word_1_203' title='bbox 1321 1745 1506 1799; x_wconf 80' lang='lat' dir='ltr'>peditum</span> 
     </span>
     <span class='ocr_line' id='line_1_27' title="bbox 152 1807 1505 1864; baseline -0.003 -14"><span class='ocrx_word' id='word_1_204' title='bbox 152 1810 386 1863; x_wconf 89' lang='lat' dir='ltr'>quindecim</span> <span class='ocrx_word' id='word_1_205' title='bbox 423 1810 725 1864; x_wconf 88' lang='lat' dir='ltr'>imperarentur</span> <span class='ocrx_word' id='word_1_206' title='bbox 764 1818 803 1850; x_wconf 90' lang='lat' dir='ltr'>et</span> <span class='ocrx_word' id='word_1_207' title='bbox 843 1808 1057 1863; x_wconf 74' lang='lat' dir='ltr'>quingenti</span> <span class='ocrx_word' id='word_1_208' title='bbox 1089 1807 1261 1860; x_wconf 84' lang='lat' dir='ltr'>equites.</span> <span class='ocrx_word' id='word_1_209' title='bbox 1320 1808 1505 1848; x_wconf 82' lang='lat' dir='ltr'>Baebius</span> 
     </span>
     <span class='ocr_line' id='line_1_28' title="bbox 151 1869 1506 1926; baseline -0.002 -14"><span class='ocrx_word' id='word_1_210' title='bbox 151 1872 397 1926; x_wconf 87' lang='lat' dir='ltr'>Tamphilus</span> <span class='ocrx_word' id='word_1_211' title='bbox 419 1871 587 1926; x_wconf 75' lang='lat' dir='ltr'>triginta</span> <span class='ocrx_word' id='word_1_212' title='bbox 602 1886 728 1911; x_wconf 62' lang='lat' dir='ltr'>naves</span> <span class='ocrx_word' id='word_1_213' title='bbox 751 1871 1067 1924; x_wconf 74' lang='lat' dir='ltr'>quinqueremes</span> <span class='ocrx_word' id='word_1_214' title='bbox 1089 1870 1225 1909; x_wconf 88' lang='lat' dir='ltr'>faeere</span> <span class='ocrx_word' id='word_1_215' title='bbox 1246 1869 1383 1909; x_wconf 84' lang='lat' dir='ltr'>iussus</span> <span class='ocrx_word' id='word_1_216' title='bbox 1401 1877 1506 1909; x_wconf 79' lang='lat' dir='ltr'>etex</span> 
     </span>
     <span class='ocr_line' id='line_1_29' title="bbox 151 1932 1507 1985; baseline -0.003 -11"><span class='ocrx_word' id='word_1_217' title='bbox 151 1935 368 1975; x_wconf 66' lang='lat' dir='ltr'>navalibus</span> <span class='ocrx_word' id='word_1_218' title='bbox 395 1941 555 1975; x_wconf 65' lang='lat' dir='ltr'>veteres</span> <span class='ocrx_word' id='word_1_219' title='bbox 578 1934 801 1981; x_wconf 87' lang='lat' dir='ltr'>deducere,</span> <span class='ocrx_word' id='word_1_220' title='bbox 829 1933 862 1973; x_wconf 82' lang='lat' dir='ltr'>si</span> <span class='ocrx_word' id='word_1_221' title='bbox 889 1948 994 1985; x_wconf 86' lang='lat' dir='ltr'>quae</span> <span class='ocrx_word' id='word_1_222' title='bbox 1020 1932 1141 1972; x_wconf 86' lang='lat' dir='ltr'>utiles</span> <span class='ocrx_word' id='word_1_223' title='bbox 1163 1940 1315 1980; x_wconf 88' lang='lat' dir='ltr'>essent,</span> <span class='ocrx_word' id='word_1_224' title='bbox 1343 1939 1380 1971; x_wconf 93' lang='lat' dir='ltr'>et</span> <span class='ocrx_word' id='word_1_225' title='bbox 1409 1932 1507 1971; x_wconf 89' lang='lat' dir='ltr'>seri-</span> 
     </span>
     <span class='ocr_line' id='line_1_30' title="bbox 151 1992 1507 2048; baseline -0.002 -13"><span class='ocrx_word' id='word_1_226' title='bbox 151 1997 248 2037; x_wconf 88' lang='lat' dir='ltr'>bere</span> <span class='ocrx_word' id='word_1_227' title='bbox 274 1996 433 2036; x_wconf 81' lang='lat' dir='ltr'>navalis</span> <span class='ocrx_word' id='word_1_228' title='bbox 462 1996 609 2037; x_wconf 87' lang='lat' dir='ltr'>socios.</span> <span class='ocrx_word' id='word_1_229' title='bbox 660 2004 700 2036; x_wconf 90' lang='lat' dir='ltr'>et</span> <span class='ocrx_word' id='word_1_230' title='bbox 731 1996 970 2035; x_wconf 86' lang='lat' dir='ltr'>consulibus</span> <span class='ocrx_word' id='word_1_231' title='bbox 1002 1994 1261 2048; x_wconf 71' lang='lat' dir='ltr'>imperatum,</span> <span class='ocrx_word' id='word_1_232' title='bbox 1294 2000 1339 2032; x_wconf 86' lang='lat' dir='ltr'>ut</span> <span class='ocrx_word' id='word_1_233' title='bbox 1364 1992 1400 2033; x_wconf 89' lang='lat' dir='ltr'>ei</span> <span class='ocrx_word' id='word_1_234' title='bbox 1427 1993 1507 2032; x_wconf 90' lang='lat' dir='ltr'>duo</span> 
     </span>
     <span class='ocr_line' id='line_1_31' title="bbox 151 2056 1509 2100; baseline -0.004 0"><span class='ocrx_word' id='word_1_235' title='bbox 151 2059 264 2100; x_wconf 77' lang='lat' dir='ltr'>inilia</span> <span class='ocrx_word' id='word_1_236' title='bbox 291 2059 448 2100; x_wconf 72' lang='lat' dir='ltr'>socium</span> <span class='ocrx_word' id='word_1_237' title='bbox 475 2073 522 2099; x_wconf 84' lang='lat' dir='ltr'>ae</span> <span class='ocrx_word' id='word_1_238' title='bbox 546 2058 688 2099; x_wconf 87' lang='lat' dir='ltr'>Latini</span> <span class='ocrx_word' id='word_1_239' title='bbox 716 2058 893 2099; x_wconf 87' lang='lat' dir='ltr'>nominis</span> <span class='ocrx_word' id='word_1_240' title='bbox 922 2066 959 2098; x_wconf 90' lang='lat' dir='ltr'>et</span> <span class='ocrx_word' id='word_1_241' title='bbox 986 2057 1096 2097; x_wconf 86' lang='lat' dir='ltr'>mille</span> <span class='ocrx_word' id='word_1_242' title='bbox 1122 2057 1335 2096; x_wconf 82' lang='lat' dir='ltr'>Romanos</span> <span class='ocrx_word' id='word_1_243' title='bbox 1363 2056 1509 2095; x_wconf 87' lang='lat' dir='ltr'>darent</span> 
     </span>
     <span class='ocr_line' id='line_1_32' title="bbox 151 2117 1508 2176; baseline -0.004 -14"><span class='ocrx_word' id='word_1_244' title='bbox 151 2122 326 2176; x_wconf 77' lang='lat' dir='ltr'>pedites,</span> <span class='ocrx_word' id='word_1_245' title='bbox 370 2121 411 2161; x_wconf 89' lang='lat' dir='ltr'>hi</span> <span class='ocrx_word' id='word_1_246' title='bbox 438 2121 519 2162; x_wconf 88' lang='lat' dir='ltr'>duo</span> <span class='ocrx_word' id='word_1_247' title='bbox 546 2128 758 2176; x_wconf 85' lang='lat' dir='ltr'>praetores</span> <span class='ocrx_word' id='word_1_248' title='bbox 787 2128 826 2160; x_wconf 89' lang='lat' dir='ltr'>et</span> <span class='ocrx_word' id='word_1_249' title='bbox 853 2121 933 2160; x_wconf 92' lang='lat' dir='ltr'>duo</span> <span class='ocrx_word' id='word_1_250' title='bbox 960 2119 1177 2167; x_wconf 79' lang='lat' dir='ltr'>exercitus,</span> <span class='ocrx_word' id='word_1_251' title='bbox 1206 2117 1409 2158; x_wconf 87' lang='lat' dir='ltr'>terrestris</span> <span class='ocrx_word' id='word_1_252' title='bbox 1436 2132 1508 2157; x_wconf 91' lang='lat' dir='ltr'>na-</span> 
     </span>
     <span class='ocr_line' id='line_1_33' title="bbox 154 2179 1506 2237; baseline -0.003 -14"><span class='ocrx_word' id='word_1_253' title='bbox 154 2183 352 2236; x_wconf 78' lang='lat' dir='ltr'>valisque,</span> <span class='ocrx_word' id='word_1_254' title='bbox 376 2183 575 2223; x_wconf 77' lang='lat' dir='ltr'>adversus</span> <span class='ocrx_word' id='word_1_255' title='bbox 593 2183 743 2223; x_wconf 84' lang='lat' dir='ltr'>Nabim</span> <span class='ocrx_word' id='word_1_256' title='bbox 765 2193 906 2237; x_wconf 87' lang='lat' dir='ltr'>aperte</span> <span class='ocrx_word' id='word_1_257' title='bbox 927 2181 1008 2222; x_wconf 89' lang='lat' dir='ltr'>iam</span> <span class='ocrx_word' id='word_1_258' title='bbox 1035 2182 1345 2235; x_wconf 76' lang='lat' dir='ltr'>obpugnantem</span> <span class='ocrx_word' id='word_1_259' title='bbox 1372 2179 1506 2220; x_wconf 89' lang='lat' dir='ltr'>socios</span> 
     </span>
     <span class='ocr_line' id='line_1_34' title="bbox 152 2242 1508 2300; baseline -0.003 -15"><span class='ocrx_word' id='word_1_260' title='bbox 152 2246 295 2300; x_wconf 89' lang='lat' dir='ltr'>populi</span> <span class='ocrx_word' id='word_1_261' title='bbox 319 2245 498 2286; x_wconf 83' lang='lat' dir='ltr'>Romani</span> <span class='ocrx_word' id='word_1_262' title='bbox 525 2245 767 2285; x_wconf 86' lang='lat' dir='ltr'>dicebantur</span> <span class='ocrx_word' id='word_1_263' title='bbox 792 2245 940 2299; x_wconf 87' lang='lat' dir='ltr'>parari.</span> <span class='ocrx_word' id='word_1_264' title='bbox 992 2252 1173 2283; x_wconf 89' lang='lat' dir='ltr'>ceterum</span> <span class='ocrx_word' id='word_1_265' title='bbox 1198 2242 1325 2296; x_wconf 72' lang='lat' dir='ltr'>legati</span> <span class='ocrx_word' id='word_1_266' title='bbox 1352 2242 1403 2281; x_wconf 84' lang='lat' dir='ltr'>ad</span> <span class='ocrx_word' id='word_1_267' title='bbox 1416 2243 1508 2281; x_wconf 81' lang='lat' dir='ltr'>An-</span> 
     </span>
     <span class='ocr_line' id='line_1_35' title="bbox 154 2304 1506 2361; baseline -0.004 -13"><span class='ocrx_word' id='word_1_268' title='bbox 154 2307 335 2348; x_wconf 86' lang='lat' dir='ltr'>tiochum</span> <span class='ocrx_word' id='word_1_269' title='bbox 361 2307 477 2347; x_wconf 88' lang='lat' dir='ltr'>missi</span> <span class='ocrx_word' id='word_1_270' title='bbox 509 2308 871 2361; x_wconf 81' lang='lat' dir='ltr'>exspectabantur,</span> <span class='ocrx_word' id='word_1_271' title='bbox 905 2313 944 2347; x_wconf 86' lang='lat' dir='ltr'>et</span> <span class='ocrx_word' id='word_1_272' title='bbox 968 2305 1210 2361; x_wconf 89' lang='lat' dir='ltr'>priusquam</span> <span class='ocrx_word' id='word_1_273' title='bbox 1236 2304 1263 2344; x_wconf 89' lang='lat' dir='ltr'>ii</span> <span class='ocrx_word' id='word_1_274' title='bbox 1288 2304 1506 2352; x_wconf 82' lang='lat' dir='ltr'>redissent,</span> 
     </span>
     <span class='ocr_line' id='line_1_36' title="bbox 154 2367 1507 2410; baseline -0.003 0"><span class='ocrx_word' id='word_1_275' title='bbox 154 2377 341 2410; x_wconf 72' lang='lat' dir='ltr'>vetuerat</span> <span class='ocrx_word' id='word_1_276' title='bbox 357 2368 676 2410; x_wconf 84' lang='lat' dir='ltr'>Cn.Domitium</span> <span class='ocrx_word' id='word_1_277' title='bbox 691 2368 902 2409; x_wconf 85' lang='lat' dir='ltr'>consulem</span> <span class='ocrx_word' id='word_1_278' title='bbox 918 2377 1084 2408; x_wconf 88' lang='lat' dir='ltr'>senatus</span> <span class='ocrx_word' id='word_1_279' title='bbox 1101 2367 1311 2407; x_wconf 83' lang='lat' dir='ltr'>discedere</span> <span class='ocrx_word' id='word_1_280' title='bbox 1327 2367 1378 2406; x_wconf 89' lang='lat' dir='ltr'>ab</span> <span class='ocrx_word' id='word_1_281' title='bbox 1394 2367 1507 2407; x_wconf 88' lang='lat' dir='ltr'>urbe.</span> 
     </span>
    </p>

    <p class='ocr_par' dir='ltr' id='par_1_9' title="bbox 155 2428 1508 2672">
     <span class='ocr_line' id='line_1_37' title="bbox 240 2428 1506 2482; baseline -0.002 -11"><span class='ocrx_word' id='word_1_282' title='bbox 240 2431 371 2471; x_wconf 84' lang='lat' dir='ltr'><strong>XXI.</strong></span> <span class='ocrx_word' id='word_1_283' title='bbox 417 2430 686 2472; x_wconf 86' lang='lat' dir='ltr'>Praetoribus</span> <span class='ocrx_word' id='word_1_284' title='bbox 708 2429 858 2471; x_wconf 70' lang='lat' dir='ltr'>Fulvio</span> <span class='ocrx_word' id='word_1_285' title='bbox 885 2437 923 2471; x_wconf 88' lang='lat' dir='ltr'>et</span> <span class='ocrx_word' id='word_1_286' title='bbox 946 2428 1177 2477; x_wconf 82' lang='lat' dir='ltr'>Scribonio,</span> <span class='ocrx_word' id='word_1_287' title='bbox 1206 2428 1353 2482; x_wconf 89' lang='lat' dir='ltr'>quibus</span> <span class='ocrx_word' id='word_1_288' title='bbox 1379 2436 1421 2468; x_wconf 89' lang='lat' dir='ltr'>ut</span> <span class='ocrx_word' id='word_1_289' title='bbox 1443 2428 1506 2468; x_wconf 87' lang='lat' dir='ltr'>ius</span> 
     </span>
     <span class='ocr_line' id='line_1_38' title="bbox 155 2491 1508 2548; baseline -0.003 -14"><span class='ocrx_word' id='word_1_290' title='bbox 155 2494 335 2534; x_wconf 88' lang='lat' dir='ltr'>dicerent</span> <span class='ocrx_word' id='word_1_291' title='bbox 349 2494 510 2534; x_wconf 83' lang='lat' dir='ltr'>Romae</span> <span class='ocrx_word' id='word_1_292' title='bbox 530 2492 742 2548; x_wconf 71' lang='lat' dir='ltr'>provincia</span> <span class='ocrx_word' id='word_1_293' title='bbox 757 2501 856 2541; x_wconf 87' lang='lat' dir='ltr'>erat,</span> <span class='ocrx_word' id='word_1_294' title='bbox 878 2492 1093 2546; x_wconf 74' lang='lat' dir='ltr'>negotium</span> <span class='ocrx_word' id='word_1_295' title='bbox 1108 2491 1261 2540; x_wconf 89' lang='lat' dir='ltr'>datum,</span> <span class='ocrx_word' id='word_1_296' title='bbox 1282 2499 1326 2531; x_wconf 92' lang='lat' dir='ltr'>ut</span> <span class='ocrx_word' id='word_1_297' title='bbox 1345 2498 1508 2546; x_wconf 88' lang='lat' dir='ltr'>praeter</span> 
     </span>
     <span class='ocr_line' id='line_1_39' title="bbox 155 2552 1508 2609; baseline -0.003 -13"><span class='ocrx_word' id='word_1_298' title='bbox 155 2571 246 2597; x_wconf 88' lang='lat' dir='ltr'>eam</span> <span class='ocrx_word' id='word_1_299' title='bbox 273 2556 463 2604; x_wconf 88' lang='lat' dir='ltr'>classem,</span> <span class='ocrx_word' id='word_1_300' title='bbox 491 2555 555 2595; x_wconf 89' lang='lat' dir='ltr'>cui</span> <span class='ocrx_word' id='word_1_301' title='bbox 575 2554 759 2596; x_wconf 84' lang='lat' dir='ltr'>Baebius</span> <span class='ocrx_word' id='word_1_302' title='bbox 785 2554 1049 2609; x_wconf 86' lang='lat' dir='ltr'>praefuturus</span> <span class='ocrx_word' id='word_1_303' title='bbox 1073 2560 1172 2603; x_wconf 87' lang='lat' dir='ltr'>erat,</span> <span class='ocrx_word' id='word_1_304' title='bbox 1200 2560 1363 2594; x_wconf 86' lang='lat' dir='ltr'>centum</span> <span class='ocrx_word' id='word_1_305' title='bbox 1391 2552 1508 2606; x_wconf 86' lang='lat' dir='ltr'>quin-</span> 
     </span>
     <span class='ocr_line' id='line_1_40' title="bbox 157 2624 602 2672; baseline -0.002 -14"><span class='ocrx_word' id='word_1_306' title='bbox 157 2632 371 2672; x_wconf 83' lang='lat' dir='ltr'>queremes</span> <span class='ocrx_word' id='word_1_307' title='bbox 397 2624 602 2672; x_wconf 81' lang='lat' dir='ltr'>pararent.</span> 
     </span>
    </p>
   </div>
   <div class='ocr_carea' id='block_1_9' title="bbox 1530 763 1546 791">
    <p class='ocr_par' dir='ltr' id='par_1_10' title="bbox 1530 763 1546 791">
     <span class='ocr_line' id='line_1_41' title="bbox 1530 763 1546 791; baseline 0.125 -2"><span class='ocrx_word' id='word_1_308' title='bbox 1530 763 1546 791; x_wconf 77' lang='grc'>11·</span> 
     </span>
    </p>
   </div>
   <div class='ocr_carea' id='block_1_10' title="bbox 1532 1072 1547 1099">
    <p class='ocr_par' dir='ltr' id='par_1_11' title="bbox 1532 1072 1547 1099">
     <span class='ocr_line' id='line_1_42' title="bbox 1532 1072 1547 1099; textangle 90"><span class='ocrx_word' id='word_1_309' title='bbox 1532 1072 1547 1099; x_wconf 54' lang='lat'>*1</span> 
     </span>
    </p>
   </div>
   <div class='ocr_carea' id='block_1_11' title="bbox 1536 1569 1574 1659">
    <p class='ocr_par' dir='ltr' id='par_1_12' title="bbox 1536 1569 1574 1659">
     <span class='ocr_line' id='line_1_43' title="bbox 1537 1569 1574 1596; baseline -0.108 0"><span class='ocrx_word' id='word_1_310' title='bbox 1537 1569 1574 1596; x_wconf 79' lang='lat' dir='ltr'>lo</span> 
     </span>
     <span class='ocr_line' id='line_1_44' title="bbox 1536 1632 1571 1659; baseline 0 0"><span class='ocrx_word' id='word_1_311' title='bbox 1536 1632 1571 1659; x_wconf 88' lang='lat'>11</span> 
     </span>
    </p>
   </div>
   <div class='ocr_carea' id='block_1_12' title="bbox 1536 2126 1575 2157">
    <p class='ocr_par' dir='ltr' id='par_1_13' title="bbox 1536 2126 1575 2157">
     <span class='ocr_line' id='line_1_45' title="bbox 1536 2126 1575 2157; baseline -0.051 0"><span class='ocrx_word' id='word_1_312' title='bbox 1536 2126 1575 2157; x_wconf 83' lang='lat'>13</span> 
     </span>
    </p>
   </div>
   <div class='ocr_carea' id='block_1_13' title="bbox 1536 2253 1573 2282">
    <p class='ocr_par' dir='ltr' id='par_1_14' title="bbox 1536 2253 1573 2282">
     <span class='ocr_line' id='line_1_46' title="bbox 1536 2253 1573 2282; baseline -0.027 0"><span class='ocrx_word' id='word_1_313' title='bbox 1536 2253 1573 2282; x_wconf 75' lang='lat'>14</span> 
     </span>
    </p>
   </div>
  </div>
 </body>
</html>
