1799 2900
542 167 696 201 LIBER
720 167 868 211 xxxi,
897 169 928 202 7.
946 169 977 202 8.
1005 168 1208 212 [111200]
1526 161 1548 200 7

194 287 298 325 quae
324 277 464 326 patres
491 279 754 319 censuerunt,
782 286 854 311 vos
880 271 1031 313 iubete.
1092 272 1212 312 huius
1240 272 1356 312 vobis
1384 280 1548 313 senten-

193 334 273 374 tiae
299 348 381 374 non
408 333 553 373 consul
579 333 701 373 modo
723 342 863 374 auctor
889 341 964 382 est,
992 333 1065 374 sed
1090 333 1172 374 iam
1199 334 1252 374 dii
1293 333 1546 382 inmortales,

194 396 263 448 qui
298 395 399 435 mihi
443 395 690 435 sacrificanti
731 395 1017 449 precantique,
1055 403 1101 436 ut
1142 396 1220 437 hoc
1257 396 1411 436 bellum
1447 396 1548 436 mihi

194 457 355 498 senatui
380 456 594 510 vobisque,
622 457 744 498 sociis
767 472 813 497 ac
834 457 989 498 nomini
1006 457 1172 507 Latino,
1199 458 1403 498 elassibus
1430 473 1547 499 exer-

193 520 426 572 citibusque
452 519 605 560 nostris
632 520 736 560 bene
769 534 817 560 ac
842 520 1016 560 feliciter
1048 520 1243 570 eveniret,
1270 521 1377 562 laeta
1408 521 1546 561 omnia

191 596 476 636 prosperaque
507 581 780 636 portendere.9

274 644 399 685 VIII.
448 644 519 683 Ab
551 643 628 683 hac
659 643 843 684 oratione
874 643 917 683 in
943 644 1188 697 suffragium
1218 644 1353 693 missi,
1391 644 1451 684 uti
1480 659 1546 685 roe-

190 714 319 760 garet,
345 705 499 746 bellum
525 705 747 746 iusserunt.
798 706 1043 761 supplicatio
1068 706 1164 746 inde
1191 721 1214 746 a
1239 706 1477 747 consulibus
1504 706 1546 746 in

190 768 369 808 triduum
397 784 447 808 ex
468 776 635 808 senatus
662 768 850 809 consulto
870 768 1024 808 indicta
1043 776 1107 809 est
1126 768 1412 821 obsecratique
1438 768 1545 808 circa

190 830 329 870 omnia
352 829 585 884 pulvinaria
611 830 678 878 dii,
705 838 750 870 ut
776 831 885 883 quod
910 831 1065 871 bellum
1086 844 1177 870 cum
1192 830 1388 885 Philippo
1413 845 1545 885 popu-

189 891 252 931 lus
290 891 499 940 iussisset,
537 892 580 932 id
615 892 720 932 bene
753 907 800 932 ac
836 892 1009 933 feliciter
1046 893 1246 940 eveniret,
1286 893 1544 945 consultique

189 953 349 994 fetiales
377 954 428 994 ab
454 954 622 994 consule
644 953 843 1008 Sulpicio,
869 954 1024 995 bellum
1049 955 1159 1007 quod
1184 954 1433 995 indiceretur
1456 954 1545 1008 regi

187 1016 403 1070 Philippo,
446 1024 583 1056 utrum
620 1016 700 1070 ipsi
737 1016 877 1069 utique
914 1016 1094 1056 nuntiari
1129 1016 1315 1057 iuberent
1354 1032 1405 1057 an
1444 1017 1543 1057 satis

188 1086 319 1127 esset,
352 1079 394 1117 in
420 1078 570 1119 finibus
596 1079 713 1132 regni
740 1079 850 1131 quod
880 1079 1115 1132 proximum
1139 1079 1393 1132 praesidium
1419 1087 1542 1127 esset,

187 1154 235 1184 eo
261 1139 452 1180 nuntiari.
512 1139 674 1180 fetiales
708 1140 998 1188 decreverunt,
1031 1148 1168 1180 utrum
1194 1155 1335 1180 eorum
1361 1141 1542 1189 fecisset,

185 1209 295 1241 recte
321 1202 540 1242 facturum.
601 1202 760 1242 consuli
787 1218 810 1242 a
834 1202 1020 1257 patribus
1047 1202 1316 1256 permissum,
1350 1210 1395 1242 ut
1420 1217 1543 1255 quem

184 1264 393 1304 videretur
419 1279 470 1304 ex
495 1264 565 1313 iis,
593 1264 663 1317 qui
688 1271 806 1304 extra
831 1272 1020 1304 senatum
1047 1272 1206 1313 essent,
1240 1264 1424 1319 legatum
1449 1265 1542 1305 mit-

186 1333 289 1366 teret
314 1326 367 1366 ad
392 1326 546 1367 bellum
571 1326 660 1380 regi
684 1326 964 1367 indicendum.

268 1388 378 1428 Tum
410 1389 460 1428 (le
499 1388 747 1429 exercitibus
781 1389 999 1429 consulum
1035 1395 1352 1443 praetorumque
1390 1395 1540 1429 actum.

185 1451 375 1491 eonsules
407 1451 525 1492 binas
558 1451 744 1506 legiones
779 1451 957 1492 seribere
989 1451 1109 1499 iussi,
1149 1458 1309 1492 veteres
1337 1451 1542 1491 dimittere

184 1514 402 1554 exercitus.
442 1513 640 1568 Sulpicio,
668 1513 733 1553 cui
758 1528 913 1554 novum
940 1527 987 1554 ac
1012 1513 1153 1567 magni
1179 1512 1357 1554 nominis
1386 1513 1538 1554 bellum

184 1575 393 1615 decretum
420 1583 519 1623 erat,
546 1575 808 1630 permissum,
835 1583 879 1615 ut
900 1576 949 1615 de
971 1575 1166 1623 exercitu,
1194 1589 1317 1628 quem
1331 1575 1381 1615 P.
1399 1575 1540 1629 Scipio

185 1652 235 1676 cx
260 1636 408 1677 Africa
434 1637 714 1691 deportasset,
742 1637 1011 1683 voluntarios,
1039 1652 1142 1690 quos
1169 1645 1323 1691 posset,
1353 1638 1539 1678 duceret:

183 1699 358 1738 invitum
401 1714 453 1739 ne
498 1714 621 1752 quem
664 1699 838 1739 militem
874 1708 1057 1739 veterem
1094 1699 1271 1739 ducendi
1314 1700 1377 1739 ius
1416 1707 1539 1739 esset.

183 1761 441 1815 praetoribus
485 1760 538 1801 L.
575 1760 703 1802 Furio
739 1760 991 1815 Purpurioni
1035 1767 1073 1800 et
1111 1759 1164 1811 Q.
1201 1760 1389 1801 Minucio
1426 1760 1538 1800 Rufo

183 1822 309 1875 quina
333 1822 446 1863 milia
472 1823 629 1863 socium
655 1822 797 1862 Latini
829 1821 1006 1863 nominis
1039 1821 1230 1862 consules
1257 1822 1419 1870 darent,
1452 1821 1540 1874 qui-

182 1885 260 1925 bus
299 1884 516 1939 praesidiis
554 1885 656 1925 alter
689 1884 888 1932 Galliam,
929 1884 1030 1924 alter
1061 1884 1249 1924 Bruttios
1281 1883 1537 1937 provinciam

183 1947 398 1987 obtineret.
461 1946 514 1998 Q.
540 1946 714 1987 Fulvius
742 1946 854 1987 Gillo
886 1946 975 2000 ipse
1008 1945 1145 1985 iussus
1180 1960 1230 1986 ex
1262 1960 1309 1985 eo
1341 1945 1536 1993 exercitu,

183 2024 305 2062 quem
341 2009 391 2049 P.
429 2009 578 2049 Aelius
617 2009 762 2049 consul
800 2008 1033 2056 habuisset,
1076 2014 1121 2047 ut
1158 2007 1332 2060 quisque
1368 2007 1537 2047 minime

182 2071 310 2111 multa
343 2071 549 2125 stipendia
580 2071 770 2118 haberet,
807 2071 965 2124 legere,
1006 2070 1138 2110 donec
1165 2077 1203 2110 et
1235 2070 1325 2124 ipsc
1357 2069 1538 2122 quinque

181 2133 293 2173 milia
331 2133 489 2174 socium
521 2148 568 2173 ac
602 2132 780 2173 nominis
812 2132 955 2172 Latini
988 2131 1214 2172 effecisset:
1253 2131 1295 2170 id
1330 2131 1536 2185 pracsidio

184 2193 349 2235 Siciliae
382 2194 619 2248 provinciae
646 2201 769 2234 esset.
828 2194 891 2234 M.
917 2192 1087 2235 Valerio
1112 2192 1296 2240 Faltoni,
1325 2192 1393 2245 qui
1418 2207 1536 2246 prae-

183 2263 244 2295 tor
274 2255 409 2309 priore
435 2271 543 2297 anno
571 2255 847 2310 Campaniam
872 2254 1128 2309 provinciam
1155 2254 1368 2302 habuerat,
1395 2269 1538 2308 proro-

181 2323 324 2370 gatum
350 2317 391 2356 in
423 2333 577 2357 annum
602 2317 821 2371 imperium
854 2324 935 2365 est,
973 2316 1032 2356 uti
1058 2323 1300 2370 propraetor
1324 2316 1364 2355 in
1394 2315 1536 2356 Sardi-

180 2378 290 2418 niam
335 2378 542 2419 traiceret:
591 2379 625 2419 is
670 2392 832 2431 quoque
872 2378 922 2417 dc
959 2378 1160 2426 exercitu,
1210 2378 1279 2430 qui
1316 2377 1373 2417 ibi
1411 2385 1535 2426 esset,

181 2440 360 2493 quinque
385 2440 497 2480 milia
524 2441 682 2481 socium
708 2439 885 2481 nominis
912 2439 1072 2489 Latini,
1106 2439 1174 2492 qui
1201 2455 1343 2480 eorum
1368 2440 1537 2480 minime

180 2502 308 2541 multa
334 2501 540 2555 stipendia
565 2501 784 2550 haberent,
817 2502 986 2556 legeret..
1049 2509 1089 2542 et
1115 2502 1305 2542 consules
1339 2502 1440 2542 duas
1467 2517 1534 2542 ur-

180 2564 309 2603 banas
336 2563 520 2617 legiones
554 2563 732 2604 seribere
758 2563 879 2612 iussi,
911 2578 1034 2616 quae,
1068 2564 1101 2604 si
1129 2579 1208 2617 quo
1232 2579 1298 2604 res
1331 2571 1533 2618 posceret,

180 2625 319 2666 multis
350 2625 392 2665 in
417 2626 538 2666 Italia
571 2625 769 2668 contactis
803 2626 996 2680 gentibus
1027 2625 1177 2666 Punici
1207 2626 1304 2667 belli
1336 2627 1533 2667 socictate

1578 288 1615 316 15

1573 721 1590 750 [ὓ

1568 1527 1585 1555 6

1568 1775 1583 1802 λ1

1563 2204 1580 2234 9

1564 2330 1602 2359 10

1562 2518 1597 2546 11
