1799 2900
256 177 282 217 4
530 183 679 217 Llssssu
708 182 855 225 XXXI,
881 180 958 215 4.5.
989 180 1320 223 [a.u.e.:†›5›3.2354]

259 297 345 330 tum
371 288 544 329 relatum
571 294 694 335 esset,
722 285 790 338 qui
817 284 942 324 ductu
967 291 1088 337 atque
1115 284 1299 339 auspicio
1324 285 1374 324 P.
1404 282 1612 339 Scipionis

213 367 232 397 2
257 352 298 392 in
323 351 471 391 Africa
502 349 655 389 bellum
681 347 973 402 perfecissent,
1000 347 1269 387 decreverunt
1295 354 1453 401 patres,
1481 354 1525 387 ut
1549 347 1611 387 M.

256 413 402 454 Iunius
439 419 604 466 praetor
640 410 774 459 urbis,
814 409 847 450 si
886 409 923 450 ei
960 408 1186 458 videretur,
1225 409 1480 450 decemviros
1512 424 1613 463 agro

259 473 437 515 Samniti
470 473 712 527 Apuloque,
751 472 862 525 quod
899 471 986 512 eius
1018 471 1230 526 publicum
1261 472 1402 526 populi
1433 471 1613 512 Romani

213 553 231 582 3
258 545 381 585 esset,
408 536 617 576 metiendo
644 535 948 587 dividendoque
976 542 1145 575 crearet.
1184 534 1310 575 creati
1328 535 1377 575 P.
1396 534 1612 583 Servilius,

257 600 310 650 Q.
339 597 547 639 Caecilius
573 597 786 645 Metellus,
814 595 864 638 C.
890 604 930 638 et.
955 597 1016 637 M.
1040 595 1206 637 Servilii
1230 620 1286 624 —
1312 595 1501 637 Geminis
1527 611 1614 636 am-

258 662 390 702 bobus
424 675 655 714 cognomen
687 667 774 700 erat
797 683 871 708 —‚
903 659 956 700 L.
984 667 1024 700 et
1048 659 1103 699 A.
1129 659 1302 699 Hostilii
1329 657 1532 706 Catones,
1563 659 1612 699 P.

258 723 409 765 Villius
436 722 668 777 Tappulus,
693 722 755 762 M.
781 721 955 762 Fulvius
980 721 1172 769 Flaccus,
1197 720 1248 761 P.
1269 720 1417 761 Aelius
1444 721 1613 768 Paetus,

259 785 309 826 T.
337 784 558 836 Quinctius
583 783 858 825 Flamininus.

211 863 231 892 4
341 848 424 887 Per
449 862 520 887 eos
547 846 634 886 dies
661 847 710 887 P.
736 845 860 886 Aelio
887 845 1056 886 consule
1089 843 1255 885 comitia
1286 843 1465 884 habente
1491 844 1615 884 creati

257 909 449 950 consules
482 909 532 949 P.
565 908 777 963 Sulpicius
805 907 960 955 Galba,
995 905 1045 947 C.
1071 905 1269 946 Aurelius
1298 904 1436 946 Cotta.
1496 920 1616 960 prae-

257 980 367 1012 tores
395 971 543 1012 exinde
569 970 668 1011 facti
689 970 742 1022 Q.
759 969 971 1010 Minucius
987 968 1137 1017 Rufus,
1160 968 1213 1009 L.
1227 968 1379 1009 Furius
1394 967 1615 1022 Purpurio,

214 1050 232 1079 5
258 1033 311 1086 Ω.
348 1033 522 1075 Fulvius
562 1032 693 1082 Gillo,
739 1032 789 1074 C.
830 1031 1003 1087 Sergius
1041 1031 1237 1072 Plancus.
1309 1030 1396 1070 ludi
1437 1029 1617 1071 Romani

259 1095 438 1136 scaenici
464 1111 511 1136 eo
538 1110 647 1135 anno
671 1094 892 1149 magnifiee
913 1094 1194 1149 adparateque
1221 1092 1319 1132 facti
1340 1093 1392 1133 ab
1413 1092 1615 1133 aedilibus

259 1159 469 1199 curulibus
502 1159 555 1199 L.
588 1158 756 1201 Valerio
786 1158 940 1198 Flacco
978 1164 1019 1197 et
1054 1156 1105 1197 T.
1139 1155 1336 1207 Quinctio
1366 1154 1615 1195 Flaminino.

214 1236 231 1265 6
258 1221 431 1263 biduum
475 1221 751 1262 instauratum
794 1228 869 1261 est.
942 1219 1220 1271 frumentique
1264 1218 1346 1258 vim
1388 1217 1615 1271 ingentem,

259 1284 370 1337 quod
395 1299 446 1324 ex
471 1282 618 1323 Africa
641 1283 691 1323 P.
715 1282 856 1337 Scipio
882 1281 1064 1329 miserat,
1092 1280 1302 1334 quaternis
1330 1280 1434 1320 aeris
1462 1279 1615 1334 populo

216 1361 232 1389 7
260 1362 354 1387 cum
381 1362 543 1387 summa
572 1346 653 1386 fide
680 1354 720 1386 et
745 1344 878 1400 gratia
911 1344 1151 1384 diviserunt.
1213 1350 1250 1383 ct
1277 1343 1412 1397 plebei
1444 1343 1531 1382 ludi
1556 1351 1617 1383 ter

259 1408 334 1450 toti
369 1408 587 1449 instaurati
618 1408 669 1449 ab
701 1406 902 1448 aedilibus
936 1406 1046 1461 plebi
1077 1406 1130 1446 L.
1157 1406 1339 1459 Apustio
1369 1405 1545 1446 Fullone
1576 1412 1615 1445 et

260 1470 313 1523 Ω.
328 1471 517 1511 Minucio
531 1470 657 1519 Rufo,
685 1470 753 1523 qui
774 1484 825 1510 eX
846 1469 1052 1509 aedilitate
1074 1478 1239 1523 praetor
1261 1475 1421 1508 creatus
1443 1475 1542 1508 erat.
1577 1474 1616 1507 et

259 1533 372 1575 Iovis
400 1533 568 1588 epulum
593 1532 671 1573 fuit
695 1533 887 1573 ludorum
909 1546 1049 1572 causa.

217 1609 231 1638 1
344 1597 397 1638 V.
451 1596 578 1636 Anno
622 1594 955 1648 quingentesimo
999 1591 1344 1646 quinquagesimo
1387 1590 1520 1646 primo
1565 1591 1618 1632 ab

259 1658 361 1698 urbe
387 1658 572 1706 condita,
604 1657 653 1697 P.
683 1655 868 1711 Sulpicio
896 1655 1052 1704 Galba,
1087 1654 1136 1696 C.
1163 1654 1336 1695 Aurelio
1363 1653 1617 1703 consulibus,

260 1720 414 1761 bellum
447 1734 540 1760 cum
570 1734 669 1773 rege
699 1719 896 1773 Philippo
928 1718 1075 1758 initum
1107 1726 1188 1765 est,
1226 1716 1370 1771 paucis
1401 1716 1617 1757 mensibus

214 1796 232 1825 2
259 1791 354 1836 post
385 1796 531 1837 pacem
559 1780 979 1835 Carthaginiensibus
1011 1780 1164 1820 datam.
1225 1778 1408 1820 omnium
1439 1777 1619 1833 primum

259 1859 352 1885 eam
375 1859 463 1884 rem
488 1843 624 1884 idibus
639 1842 819 1892 Martiis,
847 1857 928 1895 quo
955 1842 1020 1882 die
1045 1849 1133 1883 tum
1159 1841 1398 1882 consulatus
1423 1840 1617 1889 inibatur,

215 1919 233 1948 3
258 1907 308 1947 P.
338 1905 548 1961 Sulpicius
575 1905 721 1946 consul
745 1905 903 1953 retulit,
937 1911 1187 1957 senatusque
1214 1903 1409 1952 decrevit,
1434 1902 1494 1942 uti
1520 1916 1617 1943 con-

260 1968 371 2009 sules
399 1967 624 2009 maioribus
657 1966 803 2008 hostiis
829 1982 916 2007 rem
943 1966 1125 2006 divinam
1151 1966 1336 2006 facerent
1362 1964 1512 2017 quibus
1539 1963 1616 2004 diis

214 2044 234 2072 4
259 2030 362 2086 ipsis
393 2030 602 2071 videretur
633 2044 727 2070 eum
758 2028 995 2084 precatione
1028 2043 1095 2068 ea:
1134 2027 1244 2080 quod
1281 2033 1450 2067 senatus
1485 2040 1618 2080 popu-

259 2093 407 2146 lusque
432 2093 647 2134 Romanus
675 2091 725 2132 de
751 2106 794 2132 re
820 2090 985 2145 publica
1011 2090 1143 2143 deque
1169 2089 1349 2129 ineundo
1374 2103 1484 2129 novo
1510 2088 1618 2128 bello

260 2155 302 2194 in
329 2155 465 2195 animo
492 2154 676 2203 haberet,
702 2168 751 2194 ea
775 2168 841 2193 res
868 2152 926 2193 uti
952 2152 1105 2207 populo
1126 2152 1317 2192 Romano
1345 2150 1549 2203 sociisque
1571 2164 1619 2190 ae

261 2216 417 2257 nomini
442 2216 597 2257 Latino
622 2217 728 2256 bene
755 2229 802 2256 ac
832 2215 1006 2256 feliciter
1032 2214 1233 2262 eveniret3
1273 2212 1501 2254 secundum
1531 2226 1619 2252 rem

262 2279 443 2320 divinam
480 2279 842 2334 precationemque
885 2285 930 2318 ut
973 2277 1023 2318 de
1066 2292 1110 2317 re
1152 2275 1318 2331 publica
1356 2275 1489 2328 deque
1524 2289 1620 2329 pro-

219 2355 237 2383 5
265 2340 408 2381 vinciis
461 2349 650 2382 senatum
695 2340 970 2381 consulerent.
1053 2354 1126 2394 per
1169 2353 1240 2379 eos
1285 2336 1373 2378 dies
1417 2343 1619 2391 oportune

262 2402 470 2444 irritandis
507 2404 561 2444 ad
602 2404 758 2444 bellum
797 2402 943 2443 animis
982 2409 1022 2443 et
1057 2402 1217 2442 litterae
1256 2401 1307 2441 ab
1343 2399 1406 2441 M.
1445 2398 1619 2440 Aurelio

263 2464 400 2517 legato
443 2473 481 2505 et
524 2466 587 2506 M.
622 2465 793 2508 Valerio
828 2464 1020 2506 Laevino
1065 2470 1332 2518 propraetore
1375 2462 1537 2503 adlatae
1579 2467 1620 2501 et

221 2537 239 2567 6
265 2525 586 2567 Atheniensium
617 2542 726 2567 nova
750 2526 903 2581 legatio
929 2526 1060 2575 venit,
1092 2540 1197 2579 quae
1227 2540 1371 2579 regem
1396 2522 1619 2578 adpropin-

266 2600 391 2640 quare
427 2588 578 2628 finibus
617 2588 702 2628 suis
738 2588 947 2628 nuntiaret
978 2588 1176 2640 brevique
1206 2601 1290 2627 non
1321 2601 1443 2640 agros
1480 2584 1616 2632 modo,

266 2647 340 2689 sed
369 2648 514 2689 urbem
545 2649 668 2690 etiam
700 2649 743 2689 in
776 2648 936 2690 dicione
975 2649 1062 2690 eius
1094 2649 1295 2696 futuram,
1332 2647 1411 2688 nisi
1443 2646 1540 2700 quid
1577 2645 1619 2685 in
