1799 2900
448 163 600 198 LIBER
625 164 817 209 XXXIII,
846 165 898 200 13.
925 164 974 200 14.
1003 167 1052 208 [a.
1070 164 1204 209 C.197]
1449 156 1503 197 93

151 269 237 310 sine
263 267 412 321 quibus
437 282 520 322 pax
545 267 756 322 impetrari
782 283 864 309 non
888 275 1068 323 poterat,
1097 284 1172 310 sua
1195 269 1332 324 potius
1359 269 1503 309 volun-

150 338 231 372 tate
257 329 423 371 omissis
445 344 569 382 quam
595 330 831 371 altercando
857 338 1211 384 cxtorquerentur,
1238 346 1343 384 quac
1368 331 1503 386 priore

151 391 368 445 conloquio
389 399 459 432 aut
482 391 686 446 imperata
711 393 947 433 aRomanis
975 401 1043 433 aut
1068 394 1278 448 postulata
1304 394 1355 433 ab
1382 392 1503 433 sociis

150 461 302 503 essent,
330 453 469 494 omnia
494 468 538 493 se
565 454 810 503 concedere,
838 455 888 495 de
915 456 1061 495 ceteris
1090 455 1249 496 senatui
1280 454 1506 509 permissu-

148 532 241 571 rum
268 516 382 557 dixit.
445 530 695 569 quamquam
734 517 798 557 vel
836 517 1131 558 inimicissimis
1164 517 1355 558 omnibus
1386 532 1506 571 prae-

151 578 325 619 clusisse
353 592 497 619 voccm
522 578 758 627 videbatur,
790 579 1010 620 Phaeneas
1038 588 1175 621 tamen
1200 579 1378 620 Aetolus
1406 593 1506 619 cun-

151 641 226 681 ctis
253 640 483 681 tacentibus
523 640 664 693 ‘quid‘P
700 641 852 690 nol)is,’
892 642 1024 695 inquit
1060 642 1284 697 ‘Philippe,
1311 641 1505 682 reddisne

151 703 317 744 tandem
342 703 594 743 Pharsalum
619 710 659 744 et
683 703 878 744 Larisam
894 703 1141 745 Cremasten
1167 712 1207 744 et
1230 703 1440 744 Echinum
1467 710 1507 743 et

151 765 319 805 Thebas
350 765 572 805 Phthias?
634 779 728 805 cum
758 765 979 820 Philippus
1016 766 1118 806 nihil
1154 765 1307 807 morari
1338 765 1504 813 diceret,

151 841 231 880 quo
258 827 392 867 minus
418 826 668 881 reciperent,
701 827 946 882 disceptatio
973 827 1078 867 inter
1103 827 1395 882 imperatorem
1420 826 1506 867 Ro-

151 904 319 929 manum
351 896 390 929 et
422 889 598 929 Aetolos
630 897 720 929 orta
752 897 816 930 est
847 890 897 929 de
924 889 1102 930 Thebis:
1139 904 1236 930 nam
1262 904 1331 930 eas
1364 888 1504 943 populi

151 950 331 991 Romani
356 950 444 991 iure
470 951 567 991 belli
593 951 724 991 factas
752 966 844 992 esse
860 951 1080 1002 Quinctius
1108 951 1283 1000 dicebat,
1311 950 1421 1004 quod
1446 950 1507 989 in-

152 1013 279 1067 tegris
305 1013 450 1061 rebus,
478 1012 660 1053 exercitu
687 1014 738 1053 ab
765 1028 808 1053 se
836 1013 1015 1061 admoto,
1042 1013 1178 1053 vocati
1203 1013 1245 1052 in
1271 1012 1506 1059 amicitiam,

152 1089 245 1115 cum
283 1081 466 1128 potestas
503 1074 634 1114 libera
671 1074 929 1114 desciscendi
963 1075 1013 1114 ab
1046 1089 1144 1127 rege
1183 1081 1312 1122 esset,
1348 1073 1505 1127 regiam

153 1137 393 1178 societatem
429 1137 645 1177 Romanae
680 1137 1036 1191 praeposuissent.
1096 1136 1317 1176 Phaeneas
1356 1142 1397 1176 et
1433 1150 1507 1189 pro

153 1199 348 1239 socictate
374 1199 489 1247 belli,
529 1213 634 1251 quac
660 1206 755 1239 ante
780 1199 936 1239 bellum
962 1198 1209 1239 habuissent
1233 1197 1396 1238 restitui
1421 1198 1508 1237 Ae-

152 1260 244 1301 tolis
271 1274 415 1300 aecum
436 1260 633 1300 censebat
653 1268 693 1300 et
718 1260 774 1300 ita
800 1260 841 1300 in
867 1260 1034 1301 foedere
1055 1260 1188 1315 primo
1209 1267 1373 1299 cautum
1401 1273 1506 1307 esse,

151 1332 195 1363 ut
218 1322 314 1363 belli
339 1322 494 1376 praeda
517 1337 674 1371 rerum,
701 1337 806 1375 quae
832 1322 929 1363 ferri
956 1323 1105 1377 agique
1131 1329 1323 1377 possent,
1350 1322 1506 1362 Roma-

151 1399 246 1433 nos,
285 1399 384 1438 ager
419 1385 627 1437 urbesque
665 1392 810 1439 captae
836 1385 1012 1425 Aetolos
1051 1391 1333 1438 sequerentur.
1394 1383 1505 1424 ‘vos'

150 1445 280 1499 inquit
307 1445 421 1501 ‘ipsi'
450 1445 670 1497 Quinctius
698 1446 926 1487 ‘societatis
948 1447 1066 1487 istius
1089 1446 1203 1501 leges
1224 1445 1406 1501 rupistis,
1427 1460 1508 1498 quo

150 1516 335 1562 tempore
360 1508 513 1548 relictis
539 1508 659 1549 nobis
686 1523 778 1549 cum
792 1509 988 1563 Philippo
1014 1523 1160 1563 pacem
1185 1508 1357 1550 fecistis.
1402 1522 1507 1560 quac

152 1570 187 1611 si
211 1577 409 1618 maneret,
436 1577 650 1624 captarum
676 1578 814 1611 tamen
839 1571 1002 1611 urbium
1028 1571 1098 1611 illa
1122 1571 1191 1611 lex
1216 1570 1340 1611 foret:
1373 1569 1509 1609 Thes-

152 1632 278 1672 saliae
305 1632 491 1672 civitates
525 1647 600 1672 sua
625 1633 837 1673 voluntate
868 1633 912 1672 in
937 1632 1142 1673 dicionem
1167 1639 1352 1673 nostram
1383 1646 1508 1672 venc-

151 1693 271 1734 runt.'
320 1693 422 1734 haec
449 1707 542 1733 cum
567 1694 751 1734 omnium
777 1694 982 1735 sociorum
1009 1695 1189 1735 adsensu
1215 1694 1323 1733 dicta
1343 1692 1506 1733 Aetolis

151 1771 234 1796 non
264 1754 341 1810 [iu]
369 1756 606 1810 praesentia
630 1757 753 1798 modo
780 1757 924 1811 gravia
951 1757 1111 1806 auditu,
1151 1757 1225 1797 sed
1255 1771 1352 1796 mox
1384 1755 1506 1796 etiam

151 1818 249 1858 belli
275 1832 400 1859 causa
422 1833 749 1873 magnarumque
776 1834 825 1859 ex
848 1834 895 1860 eo
917 1819 1095 1859 cladium
1120 1819 1169 1859 iis
1196 1820 1376 1859 fuerunt,
1414 1832 1507 1858 cum

150 1880 346 1934 Philippo
377 1880 434 1920 ita
465 1880 676 1929 convenit,
713 1888 758 1921 ut
783 1881 1047 1922 Demetrium
1077 1881 1207 1921 filium
1233 1888 1273 1921 et
1305 1880 1508 1933 quosdam

151 1958 203 1983 ex
239 1943 465 1983 amicorum
497 1958 668 1984 numero
700 1944 867 1984 obsides
900 1952 940 1985 et
977 1944 1155 1984 ducenta
1190 1943 1346 1984 talenta
1377 1943 1506 1991 daret,

151 2004 201 2045 de
228 2005 374 2045 ceteris
388 2005 568 2045 Romam
593 2005 773 2046 mitteret
797 2006 979 2060 legatos:
1007 2006 1060 2046 ad
1085 2020 1176 2046 eam
1201 2020 1289 2045 rem
1316 2012 1508 2058 quattuor

150 2081 339 2108 mensum
364 2067 547 2108 indutiae
573 2074 725 2108 essent.
764 2067 799 2108 si
830 2083 911 2122 pax
942 2083 1025 2108 non
1056 2067 1260 2121 inpetrata
1286 2067 1336 2107 ab
1363 2074 1509 2107 senatu

150 2129 275 2177 foret,
310 2129 477 2170 obsides
504 2130 806 2184 pecuniamque
831 2130 948 2171 reddi
972 2130 1168 2184 Philippo
1193 2137 1405 2183 receptum
1432 2136 1506 2170 cst.

151 2205 277 2230 causa
307 2191 498 2232 Romano
536 2191 775 2246 imperatori
810 2207 894 2233 non
927 2192 1007 2232 alia
1038 2192 1168 2232 maior
1198 2191 1328 2231 fuisse
1361 2190 1508 2231 dicitur

151 2253 420 2293 maturandae
445 2253 579 2307 pacis,
613 2268 735 2306 quam
762 2254 872 2306 quod
898 2253 1153 2295 Antiochum
1178 2253 1333 2294 bellum
1358 2252 1507 2294 transi-

152 2322 319 2366 tumque
346 2314 387 2353 in
412 2315 626 2369 Europam
651 2316 786 2356 moliri
812 2317 1042 2356 constabat.

235 2374 390 2416 XIIII.
438 2377 601 2417 Eodem
626 2384 811 2431 tempore
838 2384 980 2429 atque,
1018 2383 1062 2417 ut
1094 2376 1261 2430 quidam
1286 2376 1504 2425 tradidere,

151 2436 298 2478 eodem
329 2437 395 2478 die
428 2438 480 2477 ad
507 2437 756 2479 Corinthum
782 2438 945 2478 Achaei
971 2438 1118 2478 ducem
1148 2438 1309 2492 regium
1339 2437 1507 2478 Andro-

152 2498 342 2539 sthenem
378 2499 486 2540 iusto
522 2500 680 2554 proelio
719 2500 928 2541 fuderunt.
989 2515 1080 2540 eam
1117 2501 1263 2540 urbem
1298 2514 1372 2554 pro
1411 2513 1504 2540 arce

151 2559 365 2601 habiturus
392 2561 611 2616 Philippus
644 2561 844 2602 adversus
874 2560 1075 2603 Graeciae
1108 2561 1294 2602 civitates
1321 2568 1361 2602 et
1392 2561 1505 2616 prin-

151 2622 263 2677 cipes
295 2622 390 2664 inde
422 2631 616 2665 evocatos
655 2639 728 2679 per
760 2623 941 2679 speciem
972 2623 1266 2677 conloquendi,
1304 2631 1502 2677 quantum

1529 345 1549 374 4

1537 1274 1576 1304 10

1538 1400 1571 1428 11

1538 1709 1574 1737 13

1537 1832 1575 1860 14

1536 2080 1575 2109 15

1530 2513 1548 2542 10
