1799 2900
428 116 581 150 LIBER
606 115 848 159 xxxvnn,
873 115 929 149 34.
949 115 1002 149 35.
1031 117 1080 158 [a.
1096 112 1320 156 e.185.1s4]
1465 103 1548 144 403

192 220 339 262 certior
364 219 518 268 faetus,
557 218 787 259 cedendum
814 218 1049 259 civitatibus
1077 215 1401 269 deducendaque
1432 230 1550 269 prae-

193 283 297 324 sidia
322 296 433 330 esse,
471 280 658 321 infensus
686 281 877 321 omnibus
903 280 943 320 in
968 279 1200 321 Maronitas
1227 279 1330 318 iram
1361 277 1549 318 effundit.

193 343 445 391 Onomasto,
473 342 542 395 qui
567 350 757 396 praeerat
782 342 1011 382 maritimae
1036 356 1151 390 orae,
1178 341 1360 389 mandat,
1387 347 1432 380 ut
1456 355 1550 394 par-

193 406 243 447 tis
277 406 476 446 adversae
507 404 715 459 principes
746 404 1007 445 interficeret.
1078 404 1145 444 ille
1182 418 1256 458 per
1290 401 1552 443 Casandrum

192 468 418 521 quendam,
445 481 573 506 unum
598 481 647 506 ex
671 466 796 521 regiis
823 466 906 506 iam
932 466 1002 506 diu
1029 465 1286 506 habitantem
1308 464 1550 513 Maroneae,

191 538 312 572 nocte
349 529 581 570 Thracibus
618 529 866 570 intromissis
911 529 1022 569 velut
1064 528 1108 568 in
1143 527 1251 569 bello
1294 534 1415 581 capta
1450 527 1552 566 urbe

192 594 361 634 caedem
394 592 504 633 feeit.
563 592 606 632 id
639 592 748 646 apud
778 592 993 633 Romanos
1023 592 1184 645 legatos
1217 598 1436 643 querentes
1469 598 1552 629 tam

193 655 414 695 crudeliter
440 654 640 694 adversus
666 653 858 694 innoxios
884 653 1137 701 Maronitas,
1169 660 1253 692 tam
1280 651 1456 706 superbe
1483 650 1554 691 ad-

192 731 337 758 versus
362 716 562 771 populum
586 715 823 756 Romanum
849 716 1022 763 factum,
1048 722 1111 763 ut,
1145 714 1293 767 quibus
1318 714 1553 754 libertatem

191 778 490 819 restituendam
516 784 684 818 senatus
711 777 962 826 censuisset,
1000 776 1028 816 ii
1057 791 1132 831 pro
1158 776 1346 816 hostibus
1374 775 1553 815 trucida-

191 848 351 888 rentur,
385 840 611 887 abnuebat,
644 838 864 892 quicquam
892 853 1032 879 eorum
1062 838 1113 878 ad
1140 853 1183 878 se
1211 844 1281 877 aut
1305 850 1555 890 quemquam

194 916 361 942 suorum
392 901 616 955 pertinere:
656 901 857 941 seditione
887 901 994 940 inter
1019 900 1132 954 ipsos
1165 899 1422 947 dimicatum,
1461 912 1555 938 cum

194 963 260 1003 alii
286 963 339 1003 ad
364 977 428 1012 se,
455 962 524 1002 alii
548 963 601 1003 ad
619 962 853 1002 Eumenem
879 962 1088 1002 civitatem
1113 961 1340 1010 traherent,
1367 961 1408 1000 id
1433 960 1554 1000 facile

194 1027 368 1067 scituros
407 1040 519 1073 esse3
559 1032 925 1078 percunctarentur
961 1024 1074 1078 ipsos
1107 1023 1340 1064 Maronitas
1355 1048 1405 1072 —,
1443 1022 1554 1063 haud

194 1087 364 1135 dubius,
411 1086 614 1141 perculsis
653 1086 844 1126 omnibus
882 1093 1037 1126 terrore
1080 1092 1165 1125 tam
1200 1084 1378 1124 recentis
1416 1084 1554 1124 caedis

193 1148 401 1188 neminem
432 1147 592 1187 hiscere
624 1147 824 1188 adversus
853 1162 897 1187 se
924 1161 1133 1186 ausurum.
1200 1160 1354 1199 negare
1385 1145 1552 1199 Appius

192 1225 279 1250 rem
305 1209 538 1250 evidentem
571 1224 644 1263 pro
678 1209 801 1249 dubia
833 1208 1132 1261 quaerendam:
1171 1207 1206 1247 si
1237 1207 1288 1247 ab
1321 1221 1365 1247 se
1392 1207 1556 1261 culpam

192 1286 405 1312 removere
443 1271 584 1319 vellet,
624 1270 905 1312 Onomastum
944 1278 982 1310 et
1021 1268 1304 1317 Casandrum,
1341 1283 1415 1322 per
1453 1282 1555 1321 quos

194 1341 285 1374 acta
309 1348 375 1374 res
403 1333 625 1382 diceretur,
663 1332 844 1373 mitteret
868 1332 1065 1380 Romam,
1103 1338 1147 1371 ut
1173 1345 1243 1371 eos
1271 1338 1438 1370 senatus
1465 1344 1558 1384 per-

195 1395 376 1436 cunctari
408 1401 563 1449 posset.
624 1394 757 1448 primo
789 1394 892 1434 adeo
922 1392 1180 1448 perturbavit
1211 1407 1259 1432 ea
1290 1406 1371 1432 vox
1400 1406 1555 1445 regem,

194 1465 239 1497 ut
274 1472 357 1497 non
395 1457 524 1504 color,
563 1471 646 1497 non
677 1456 815 1496 vultus
848 1455 884 1496 ei
916 1462 1142 1503 constaret,
1192 1453 1340 1493 deinde
1372 1453 1556 1494 conlecto

196 1519 363 1559 tandem
389 1518 525 1558 animo
553 1516 836 1565 Casandrum,
873 1517 943 1569 qui
968 1517 1195 1556 Maroneae
1221 1514 1387 1563 fuisset,
1421 1514 1455 1554 si
1480 1514 1558 1554 uti-

197 1595 275 1634 que
302 1580 472 1628 vellent,
512 1595 555 1620 se
589 1580 812 1619 missurum
845 1578 967 1618 dixit:
1005 1578 1057 1618 ad
1085 1577 1366 1618 Onomastum
1392 1576 1557 1629 quidem

198 1643 297 1696 quid
333 1657 425 1683 eam
461 1657 548 1682 rem
577 1641 795 1697 pertinere,
834 1640 902 1693 qui
933 1655 1015 1681 non
1045 1639 1168 1680 modo
1197 1638 1446 1687 RIaroneae,
1485 1638 1559 1678 sed

198 1719 250 1745 ne
294 1704 337 1744 in
378 1704 547 1758 regione
591 1703 757 1757 quidem
793 1702 1025 1757 propinqua
1060 1700 1234 1741 fuisset?
1287 1707 1328 1740 et
1362 1701 1558 1754 parcebat

198 1767 332 1821 magis
361 1766 614 1814 Onomasto,
652 1765 904 1805 honoratiori
930 1764 1080 1812 amieo,
1113 1770 1152 1803 et
1178 1762 1353 1803 eundem
1380 1761 1556 1802 indicem

199 1829 310 1869 haud
333 1829 458 1882 paulo
484 1828 577 1882 plus
605 1827 788 1875 timebat,
815 1827 911 1880 quia
936 1833 975 1866 et
1000 1825 1089 1880 ipse
1117 1838 1350 1865 sermonem
1375 1823 1559 1864 contule-

197 1898 262 1931 rat
298 1905 391 1930 eum
428 1905 476 1930 co
508 1897 548 1930 et
580 1890 803 1930 multorum
835 1889 978 1929 talium
1010 1887 1243 1927 ministrum
1274 1894 1315 1926 et
1347 1885 1557 1926 conscium

199 1952 391 1993 habebat.
454 1950 671 1992 Casander
701 1966 883 2004 quoque,
922 1950 1060 1991 missis
1093 1949 1163 2002 qui
1194 1963 1267 2003 per
1298 1947 1475 2002 Epirum
1507 1947 1559 1988 ad

199 2030 311 2055 mare
348 2022 695 2068 prosequerentur
731 2029 842 2062 eum,
892 2028 943 2053 ne
982 2027 1063 2065 qua
1099 2011 1296 2051 indicium
1334 2016 1556 2058 emanaret,

201 2091 360 2117 veneno
387 2076 566 2116 creditur
592 2076 794 2116 sublatus.

287 2137 486 2179 XXXV.
535 2138 593 2177 Et
624 2137 751 2192 legati
782 2153 805 2177 a
829 2136 1013 2190 Philippi
1046 2134 1264 2188 conloquio
1295 2133 1352 2173 ita
1383 2132 1559 2187 digressi

203 2207 309 2247 sunt,
336 2205 381 2238 ut
404 2213 502 2252 prae
530 2214 573 2238 se
598 2199 765 2247 ferrent,
792 2198 893 2237 nihil
918 2212 1059 2238 eorum
1087 2196 1165 2237 sibi
1190 2196 1372 2250 placere,
1399 2202 1439 2234 et
1458 2194 1558 2233 Phi-

202 2260 338 2315 lippus
365 2260 532 2301 minime
553 2261 650 2313 quin
670 2260 955 2301 rebellandum
975 2267 1087 2299 esset
1108 2258 1270 2306 dubius,
1298 2256 1394 2310 quia
1420 2264 1559 2299 tamen

202 2323 431 2362 inmaturae
463 2323 515 2362 ad
546 2323 588 2362 id
619 2323 726 2362 vires
759 2329 894 2370 erant,
939 2321 992 2361 ad
1022 2335 1180 2361 moram
1216 2318 1559 2373 interponendam

203 2384 462 2425 Demetrium
488 2384 688 2424 minorem
715 2383 843 2423 filium
867 2382 1029 2423 mittere
1048 2382 1226 2422 Romam
1253 2380 1374 2420 simul
1394 2380 1446 2420 ad
1463 2394 1560 2434 pur-

203 2447 342 2501 ganda
366 2446 555 2495 crimina,
594 2446 715 2486 simul
740 2446 793 2486 ad
818 2444 1124 2499 deprecandam
1152 2444 1256 2483 iram
1282 2449 1450 2483 senatus
1478 2448 1559 2481 sta-

1576 351 1594 380 Ν.)

1585 1402 1600 1429 λ]

1587 1957 1626 1986 10

204 2509 297 2558 tuit,
335 2509 435 2549 satis
463 2509 654 2557 eredens,
691 2508 828 2562 ipsum
860 2507 984 2547 etiam
1016 2506 1226 2553 iuvenem,
1264 2504 1376 2557 quod
1398 2504 1560 2544 Romae
1584 2513 1603 2543 3

204 2572 327 2612 obses
354 2570 563 2625 specimen
588 2570 738 2611 indolis
768 2569 907 2624 regiae
940 2568 1140 2617 dedisset,
1178 2566 1331 2620 aliquid
1361 2563 1559 2606 momenti

1262 2633 1329 2666 526*
