1799 2900
261 98 345 139 390
464 105 618 139 LIBER
644 105 885 150 XXXVIIII,
912 107 966 140 21.
988 108 1040 141 ⁵22.
1070 109 1397 153 [a.u.0.5‹;s.5ssa]

219 225 234 254 1
346 207 478 247 XXI.
530 207 619 247 Sub
661 207 770 247 hunc
807 208 995 249 nuntium
1033 224 1081 249 ex
1117 211 1351 264 Ligustinis
1395 213 1606 267 vulgatum

259 270 418 310 litterae
445 283 495 308 ex
521 268 728 323 Hispania
759 269 930 310 mixtam
963 271 1115 323 gaudio
1141 272 1346 314 tristitiam
1372 275 1606 315 adferentes

214 346 233 375 2
259 338 472 371 venerunt.
536 328 585 370 C.
613 330 800 378 Atinius,
839 331 908 383 qui
939 331 1105 373 biennio
1131 342 1224 373 ante
1256 344 1419 388 praetor
1450 336 1490 376 in
1516 351 1605 376 eam

257 391 512 446 provinciam
537 392 747 446 profectus
775 401 873 441 erat,
901 406 994 432 cum
1008 393 1222 435 Lusitanis
1249 396 1289 435 in
1311 412 1409 451 agro
1426 398 1607 438 Oscensi

259 452 387 506 signis
411 453 582 492 conlatis
608 453 828 507 pugnavit3
855 454 907 493 ad
929 469 1001 494 sex
1021 455 1133 495 milia
1157 456 1335 497 hostium
1357 468 1451 499 sunt
1472 473 1605 508 caesa,

214 530 232 559 3
258 514 382 554 ceteri
408 514 490 554 fusi
517 522 557 554 et
583 514 715 568 fugati
743 514 970 567 castrisque
991 516 1114 557 exuti.
1164 518 1214 558 ad
1236 519 1433 574 oppidum
1460 521 1606 561 deinde

256 576 407 615 Astam
423 576 748 630 obpugnandum
764 576 949 629 legiones
966 577 1096 626 ducit3
1122 578 1164 618 id
1177 594 1338 632 quoque
1354 581 1463 621 haud
1478 582 1605 623 multo

255 637 410 678 maiore
443 638 664 678 certamine
697 639 805 692 cepit
837 652 959 691 quam
987 648 1140 689 castra,
1174 642 1247 681 sed
1273 642 1369 681 dum
1402 643 1605 684 incautius

257 699 366 739 subit
396 714 555 748 muros,
587 699 693 740 ictus
726 715 777 740 ex
802 700 970 740 vulnere
1001 708 1094 755 post
1122 702 1208 742 dies
1241 718 1394 757 paucos
1421 704 1604 745 moritur.

212 775 230 802 4
256 760 403 800 litteris
441 761 492 801 de
530 768 662 802 morte
698 762 976 815 propraetoris
1013 763 1193 803 recitatis
1233 772 1400 805 senatus
1433 767 1604 815 censuit,

255 822 499 862 mittendum
520 822 586 875 qui
604 823 655 863 ad
668 823 817 863 Lunae
835 831 999 877 portum
1016 823 1064 865 C.
1082 823 1353 879 Calpurnium
1373 835 1605 880 praetorem

255 892 575 936 consequeretur
599 884 901 937 nuntiaretque,
930 894 1117 925 senatum
1144 901 1321 939 aequum
1347 902 1528 938 censere,
1554 904 1605 929 ne

210 961 228 989 5
256 945 343 985 sine
356 945 528 999 imperio
542 945 753 1000 provmcia
769 954 879 987 esset.
893 954 1099 987 maturare
1114 962 1206 987 eum
1221 948 1437 1002 proficisci.
1460 958 1605 1002 quarto

255 1007 319 1047 die
345 1007 414 1059 qui
439 1007 591 1048 missus
613 1008 881 1048 eratLunam
907 1009 1036 1057 venit3
1064 1009 1205 1063 paucis
1233 1018 1326 1050 ante
1347 1011 1491 1051 diebus
1508 1010 1604 1052 Cal-

210 1082 227 1112 6
253 1069 424 1122 purnius
445 1069 655 1123 profectus
677 1077 775 1110 erat.
809 1076 849 1110 et
866 1069 908 1109 in
929 1070 1114 1111 citeriore
1130 1071 1337 1125 Hispania
1350 1072 1403 1112 L.
1418 1072 1601 1113 Manlius

253 1130 478 1178 Acidinus,
510 1130 578 1182 qui
605 1131 750 1171 eodem
781 1138 966 1185 tempore
993 1146 1072 1184 quo
1101 1132 1149 1172 C.
1179 1133 1345 1173 Atinius
1372 1134 1413 1173 in
1438 1134 1603 1188 provin-

211 1205 227 1233 7
255 1191 360 1231 ciam
386 1191 500 1239 ierat,
527 1206 621 1232 cum
647 1191 868 1233 Celtiberis
894 1193 981 1234 acie
1008 1194 1202 1234 conflixit.
1252 1194 1407 1235 ineerta
1432 1197 1603 1236 victoria

256 1253 487 1293 discessum
513 1262 593 1302 est,
620 1254 699 1293 nisi
725 1255 835 1306 quod
861 1254 1059 1295 Celtiberi
1086 1264 1221 1296 castra
1245 1256 1340 1297 inde
1366 1266 1484 1298 nocte
1509 1274 1602 1312 pro·

252 1314 365 1354 xima
389 1323 624 1363 moverunt,
656 1315 857 1356 Romanis
884 1323 923 1357 et
949 1332 1045 1357 suos
1073 1318 1298 1372 sepeliendi
1324 1327 1363 1358 et
1389 1319 1521 1372 spolia
1545 1319 1600 1359 le-

209 1388 228 1417 8
254 1376 379 1429 gendi
410 1391 460 1416 ex
494 1376 681 1417 hostibus
713 1384 898 1430 potestas
930 1378 1040 1418 facta
1065 1386 1140 1419 est.
1201 1394 1355 1433 paucos
1387 1388 1483 1434 post
1513 1381 1600 1421 dies

252 1438 406 1478 maiore
438 1446 580 1478 coacto
612 1439 794 1478 exercitu
821 1437 1019 1480 Celtiberi
1051 1440 1104 1479 ad
1131 1439 1372 1494 Calagurim
1404 1442 1600 1496 oppidum

208 1513 225 1541 9
252 1499 357 1539 ultro
382 1498 681 1539 lacessiverunt
705 1500 861 1553 proelio
887 1501 1114 1541 Romanos.
1158 1502 1259 1540 nihil
1285 1503 1469 1550 traditur,
1497 1518 1601 1556 quae

251 1574 375 1600 causa
402 1575 572 1601 numero
593 1568 712 1601 aucto
735 1561 979 1602 infirmiores
1000 1577 1070 1602 eos
1093 1563 1250 1603 fecerit.
1284 1564 1464 1618 superati
1484 1579 1602 1619 proe-

249 1621 304 1661 lio
337 1629 450 1670 sunt3
489 1622 541 1661 ad
572 1622 789 1662 duodecim
825 1622 938 1662 milia
974 1623 1185 1664 hominum
1218 1638 1357 1673 caesa,
1394 1625 1488 1679 plus
1520 1626 1600 1667 duo

189 1697 226 1726 10
253 1690 385 1737 capta,
413 1690 453 1723 et
479 1683 624 1724 castris
650 1684 865 1724 Romanus
892 1685 1058 1739 potitur.
1118 1694 1159 1726 et
1182 1685 1261 1726 nisi
1288 1700 1504 1727 successor
1530 1687 1601 1727 ad-

250 1751 376 1784 ventu
402 1759 478 1785 suo
508 1744 756 1786 inhibuisset
786 1745 972 1800 inpetum
997 1746 1183 1795 victoris,
1217 1747 1375 1787 subacti
1403 1747 1601 1788 Celtiberi

250 1806 399 1846 forent.
459 1806 556 1847 novi
592 1814 804 1861 praetores
843 1808 964 1848 ambo
1002 1808 1206 1849 exercitus
1244 1809 1284 1848 in
1321 1809 1495 1850 hiberna
1530 1810 1600 1850 de-

250 1867 467 1909 duxerunt.

206 1944 219 1972 1
333 1929 489 1970 XXII.
514 1930 597 1971 Per
617 1945 687 1971 eos
709 1931 810 1979 dies,
837 1931 985 1983 quibus
1006 1931 1108 1972 haec
1122 1946 1171 1971 ex
1187 1932 1391 1986 Hispania
1413 1932 1599 1974 nuntiata

249 1999 357 2039 sunt,
383 1991 468 2031 ludi
483 1991 625 2032 Taurii
651 2007 724 2046 per
748 1992 919 2032 biduum
945 1993 1042 2033 facti
1062 1993 1273 2048 religionis
1295 2008 1433 2034 causa.
1471 1994 1599 2048 adpa-

247 2061 359 2093 ratos
380 2053 527 2094 deinde
549 2054 668 2094 ludos
685 2054 745 2094 M.
758 2054 947 2103 Fulvius,
969 2068 1072 2107 quos
1094 2062 1264 2095 voverat
1277 2055 1468 2097 Aetolico
1488 2055 1596 2096 bello

204 2127 222 2156 2
249 2114 359 2155 fecit.
419 2115 537 2155 multi
569 2115 747 2156 artifices
780 2131 831 2156 ex
863 2115 1041 2157 Graecia
1072 2124 1273 2157 venerunt
1310 2117 1477 2158 honoris
1509 2117 1595 2158 eius

248 2189 385 2216 causa.
434 2177 680 2217 athletarum
706 2191 869 2230 quoque
895 2185 1104 2218 certamen
1130 2186 1215 2218 tum
1238 2179 1370 2233 primo
1395 2178 1595 2220 Romanis

248 2239 483 2292 spectaculo
509 2239 587 2280 fuit
611 2249 650 2281 et
678 2241 841 2281 venatio
862 2241 958 2281 data
982 2241 1148 2281 leonum
1174 2249 1214 2282 et
1238 2242 1531 2295 pantherarum
1557 2249 1596 2282 et

247 2315 375 2353 prope
401 2300 522 2341 huius
557 2302 711 2342 saeculi
737 2303 855 2357 copia
887 2317 935 2342 ac
960 2303 1156 2343 varietate
1187 2303 1390 2343 ludicrum
1415 2303 1596 2343 celebra-

204 2373 223 2401 3
248 2369 334 2400 tum
356 2368 429 2402 est.
462 2363 724 2404 novemdiale
746 2364 895 2405 deinde
916 2378 1078 2404 sacrum
1099 2364 1241 2412 tenuit,
1257 2365 1367 2417 quod
1385 2365 1427 2404 in
1439 2364 1595 2404 Piceno

246 2436 319 2475 per
350 2422 530 2464 triduum
554 2424 761 2479 lapidibus
787 2425 968 2479 pluerat,
999 2425 1200 2479 ignesque
1227 2425 1427 2466 caelestes
1458 2425 1595 2465 multi-

247 2483 394 2523 fariam
419 2486 495 2526 orti
521 2487 734 2528 adussisse
761 2487 1032 2542 complurium
1062 2488 1143 2529 levi
1170 2489 1323 2528 adflatu
1350 2488 1595 2529 vestimenta

204 2555 222 2584 4
248 2545 426 2585 maxime
453 2547 705 2588 dicebantur.
743 2549 884 2589 addita
909 2556 950 2589 et
974 2564 1100 2588 unum
1126 2550 1234 2590 diem
1262 2549 1506 2604 supplicatio
1531 2557 1592 2589 est
