1799 2900
417 142 570 178 LIBER
594 141 819 185 XXXVIII,
847 141 902 176 35.
920 141 975 176 36.
1003 143 1052 185 [a.
1068 139 1107 175 C.
1122 140 1197 175 189.
1212 140 1293 183 188]
1443 130 1525 172 347

179 246 400 304 provinciis
426 254 466 286 et
499 245 748 286 exercitibus
781 252 971 285 senatum
997 244 1305 285 consuluerunt.
1365 242 1416 283 de
1441 242 1529 282 Ae·
1552 254 1572 285 8

179 311 277 351 tolia
302 316 342 350 et
366 308 473 348 Asia
497 307 599 347 nihil
629 314 834 347 mutatum
860 314 935 347 est.
998 306 1236 347 consulibus
1263 305 1379 346 alteri
1403 303 1529 345 Pisae

180 386 273 412 cum
298 370 540 424 Liguribus,
567 369 683 409 alteri
710 368 848 409 Gallia
872 368 1083 423 provincia
1109 368 1274 408 decreta
1298 374 1373 408 est.
1420 380 1531 407 com-
1555 377 1574 407 9

179 447 324 488 parare
349 431 455 472 inter
480 446 524 471 se
549 439 619 470 aut
645 430 780 470 sortiri
804 430 919 477 iussi,
947 438 987 470 et
1011 445 1142 471 novos
1168 429 1385 477 exercitus,
1412 428 1529 468 binas

180 495 379 549 legiones,
406 493 599 541 scribere,
626 500 667 532 et
691 499 736 531 ut
762 492 883 532 sociis
904 491 1046 531 Latini
1071 491 1248 532 nominis
1276 490 1400 543 quina
1426 490 1532 530 (lena

180 556 292 597 milia
327 555 512 610 peditum
541 554 794 608 imperarent
825 560 864 593 et
896 553 1008 593 mille
1045 560 1085 593 et
1123 553 1321 592 ducentos
1359 551 1530 604 equites.

180 618 407 660 Messallae
438 617 641 671 Ligures,
675 615 900 656 Salinatori
931 615 1079 669 obtigit
1110 614 1260 655 Gallia.
1321 621 1530 668 praetores
1559 625 1599 656 10

182 681 278 721 inde
315 679 447 720 sortiti
480 687 593 727 sunt3
630 677 693 718 M.
721 676 897 718 Claudio
923 677 1098 724 urbana,
1128 676 1179 717 P.
1207 675 1382 716 Claudio
1415 688 1532 728 pere-

182 743 301 798 grina
325 740 552 782 iurisdictio
585 739 734 787 evenit,
762 739 815 790 Q.
841 739 1003 780 BIarcio
1031 738 1191 787 Sicilia3
1231 736 1281 778 C.
1309 736 1531 777 Stertinius

185 803 432 851 Sardiniam,
459 802 511 842 L.
537 801 722 841 INIanlius
749 800 998 855 Hispaniam
1025 800 1266 847 citeriorem,
1294 797 1344 839 C.
1364 797 1532 838 Atinius

182 865 419 906 ulteriorem
444 871 508 904 est
533 863 714 904 sortitus.

268 926 492 968 XXXVI.
540 925 608 965 De
634 923 881 965 exercitibus
907 923 964 963 ita
988 923 1161 978 placuit:
1194 937 1216 962 e
1243 920 1380 962 Gallia
1404 919 1535 974 legio·
1561 935 1573 963 1

184 1004 269 1038 nes,
285 1003 389 1041 quae
416 988 492 1027 sub
519 985 568 1027 C.
583 987 731 1026 Laelio
756 987 931 1033 fuerant,
960 985 1012 1025 ad
1036 985 1097 1024 M.
1113 984 1315 1024 Tuccium
1339 996 1534 1037 proprae-

185 1058 316 1091 torem
340 1050 382 1089 in
406 1049 592 1089 Bruttios
618 1047 795 1095 traduci3
829 1055 869 1087 et
894 1047 963 1099 qui
994 1047 1035 1085 in
1063 1045 1204 1085 Sicilia
1230 1052 1359 1093 esset,
1387 1043 1533 1083 dimitti
1560 1056 1578 1084 ‘2

186 1112 427 1159 exercitium
465 1119 506 1151 et
531 1111 726 1157 classem,
765 1123 868 1161 quae
894 1108 949 1148 ibi
977 1117 1104 1155 esset,
1136 1108 1313 1147 Romam
1338 1106 1535 1146 reducere

185 1174 248 1214 M.
276 1173 568 1227 Sempronium
592 1181 915 1226 propraetorem.
948 1169 1165 1224 Hispaniis
1194 1169 1380 1222 singulae
1405 1167 1534 1221 legio·
1559 1180 1578 1209 3

185 1250 273 1284 nes,
311 1249 416 1287 quae
452 1242 539 1273 tum
576 1233 618 1273 in
654 1233 716 1273 his
748 1231 972 1287 provinciis
1004 1238 1140 1277 erant,
1179 1230 1387 1277 decretae,
1422 1237 1462 1268 et
1491 1237 1537 1268 ut

186 1304 302 1337 terna
326 1295 438 1335 milia
463 1295 669 1350 peditum,
704 1294 887 1334 ducenos
920 1293 1078 1346 equites
1112 1293 1234 1332 ambo
1259 1298 1469 1346 praetores
1495 1290 1536 1329 in

187 1358 521 1412 supplementum
542 1356 663 1397 sociis
684 1356 935 1410 imperarent
955 1369 1176 1407 secumque
1197 1360 1535 1408 transportarent.

186 1420 428 1474 priusquam
457 1419 499 1458 in
531 1417 762 1473 provincias
801 1417 897 1458 novi
928 1416 1195 1471 magistratus
1226 1415 1537 1470 proficisceren-
1563 1427 1581 1455 4

189 1490 272 1529 tur,
307 1480 551 1535 supplicatio
584 1480 765 1519 triduum
796 1494 871 1533 pro
905 1478 1079 1532 collegio
1106 1477 1432 1517 decemvirorum
1463 1476 1538 1515 im-

188 1550 331 1598 perata
361 1543 439 1582 fuit.
468 1541 510 1581 in
534 1542 724 1582 omnibus
751 1541 961 1595 compitis,
995 1540 1106 1593 quod
1136 1540 1226 1579 luce
1258 1539 1364 1579 inter
1394 1538 1536 1578 horam

189 1604 350 1645 tertiam
381 1605 510 1644 ferme
542 1610 582 1643 et
614 1611 801 1656 quartam
836 1603 1030 1643 tenebrae
1063 1602 1231 1642 obortae
1263 1601 1438 1640 fuerant.
1499 1606 1537 1638 et

189 1665 448 1706 novemdiale
481 1665 727 1705 sacrificium
764 1664 964 1704 indictum
995 1671 1077 1712 est,
1114 1662 1224 1715 quod
1253 1662 1297 1701 in
1326 1661 1538 1702 Aventino

191 1727 394 1782 lapidibus
420 1726 636 1781 pluvisset.

277 1787 500 1842 Campani,
531 1802 624 1828 eum
655 1803 725 1828 eos
752 1802 803 1827 ex
829 1794 997 1827 senatus
1023 1786 1230 1834 consulto,
1263 1785 1373 1838 quod
1403 1783 1539 1839 priore
1565 1796 1584 1826 5

191 1866 298 1891 anno
324 1850 479 1890 factum
505 1858 609 1898 erat,
637 1864 829 1889 censores
855 1849 1015 1889 Romae
1042 1847 1201 1888 censeri
1227 1846 1463 1900 coegissent
1485 1869 1541 1874 —

190 1927 287 1952 nam
311 1919 432 1952 antea
457 1911 657 1951 incertum
684 1912 816 1951 fuerat
844 1911 910 1950 ubi
939 1917 1204 1950 censerentur
1227 1932 1295 1957 —,
1322 1907 1540 1963 petierunt,

190 1983 236 2015 ut
266 1975 344 2015 sibi
374 1974 484 2015 cives
516 1974 729 2015 Romanas
767 1974 917 2013 ducere
949 1987 1100 2012 uxores
1133 1971 1287 2019 liceret,
1326 1978 1366 2011 et
1402 1969 1436 2010 si
1473 1969 1542 2021 qui
1568 1983 1585 2012 6

190 2037 303 2092 prius
331 2036 556 2085 duxissent,
582 2045 628 2076 ut,
652 2036 804 2076 habere
831 2050 914 2083 eaS,
942 2043 982 2074 et
1006 2034 1091 2074 nati
1117 2041 1210 2073 ante
1238 2048 1329 2073 eam
1356 2032 1462 2072 diem
1483 2030 1542 2070 uti

191 2099 287 2139 iusti
313 2098 391 2138 sibi
414 2098 533 2138 liberi
558 2098 814 2150 heredesque
834 2105 986 2137 essent.
1023 2104 1197 2148 utraque
1217 2110 1283 2135 res
1310 2094 1540 2148 impetrata.

193 2160 244 2200 de
278 2160 512 2200 Formianis
548 2159 846 2212 Fundanisque
882 2157 1158 2212 municipibus
1197 2164 1237 2197 et
1267 2154 1539 2209 Arpinatibus
1567 2168 1584 2196 7

154 2273 158 2277 μ
194 2220 244 2262 C.
269 2222 461 2263 Valerius
494 2222 642 2275 Tappo
674 2221 861 2260 tribunus
899 2219 1031 2273 plebis
1069 2217 1366 2273 promulgavit,
1403 2215 1462 2255 uti
1491 2214 1540 2255 iis

194 2283 380 2336 suffragii
405 2283 502 2323 latio
526 2306 583 2311 —-
606 2298 703 2322 nam
729 2288 822 2321 ante
849 2281 936 2321 sine
963 2279 1162 2333 suffragio
1189 2280 1418 2319 habuerant
1444 2276 1542 2316 civi-

194 2352 320 2386 tatem
344 2369 400 2373 —
424 2352 548 2385 esset.
608 2344 703 2384 huic
739 2343 944 2397 rogationi
980 2350 1171 2395 quattuor
1207 2340 1358 2381 tribuni
1394 2339 1540 2394 plebis,
1566 2349 1586 2379 8

194 2407 288 2460 quia
312 2421 395 2447 non
421 2421 472 2446 ex
504 2406 745 2446 auctoritate
779 2412 946 2444 senatus
972 2404 1164 2450 ferretur,
1198 2417 1291 2442 curn
1316 2401 1544 2441 intercede-

192 2475 296 2516 rent,
323 2468 458 2508 edocti
483 2467 625 2522 populi
651 2481 761 2515 esse,
787 2481 868 2506 non
896 2472 1065 2505 senatus
1091 2464 1154 2504 ius
1182 2463 1429 2518 suffragium
1453 2462 1543 2514 qui-

193 2531 271 2571 bus
298 2530 396 2570 velit
425 2529 653 2584 impertire,
687 2528 932 2568 destiterunt
963 2527 1138 2580 incepto.
1199 2525 1360 2580 rogatio
1385 2525 1543 2579 perlata
1568 2536 1585 2566 9

194 2598 269 2640 est,
295 2598 340 2632 ut
364 2591 406 2632 in
427 2591 609 2632 Aemilia
635 2590 744 2631 tribu
763 2589 975 2630 Formiani
995 2597 1034 2629 et
1052 2588 1258 2636 Fundani,
1284 2587 1326 2627 in
1348 2585 1543 2628 Cornelia.
