1799 2900
184 743 202 772 10

188 2048 205 2075 9

230 120 312 163 154
500 126 652 161 LIBER
677 118 885 165 xxxnu,
911 123 966 158 34.
986 123 1042 157 35.
1071 122 1312 167 [a.u.e.559]

228 233 375 286 cuique
402 229 630 271 domestica
656 228 765 268 mala
790 227 1011 276 convertit,
1044 226 1283 281 segnitiam,
1321 225 1519 266 invidiam
1545 232 1586 266 et

228 293 571 335 obtrectationem
592 290 703 330 domi
724 288 979 330 manentium
1000 288 1199 329 adversus
1215 288 1441 337 militantis,
1463 288 1585 328 liber-

229 365 353 397 tatem
387 354 597 394 difficilem
631 353 682 392 ad
714 367 983 399 consensum,
1021 351 1203 405 inopiam
1233 351 1461 405 publicam,
1501 366 1586 390 ma-

227 419 458 472 lignitatem
502 415 743 457 conferendi
781 430 831 454 ex
869 414 1043 469 privato.
1105 413 1235 454 versis
1274 414 1412 466 itaque
1451 413 1586 453 subito

227 479 509 521 voluntatibus
549 479 723 524 faceret,
763 477 874 530 quod
910 492 931 517 e
963 492 1005 516 re
1038 476 1204 530 publica
1234 475 1375 530 populi
1409 475 1586 516 Romani

229 542 518 593 sociorumque
544 555 636 581 esse
663 539 861 585 erederet,
889 538 1126 593 imperatori
1153 538 1442 592 permiserunt.

313 603 514 644 XXXV.
564 602 667 642 Inde
690 601 912 652 Quinctius
940 600 1133 641 adhibitis
1155 600 1303 655 legatis
1331 608 1491 640 tantum
1517 598 1587 640 tri-

229 667 432 719 bunisque
460 664 635 705 militum
661 663 945 711 condiciones,
984 663 1025 702 in
1052 678 1153 715 quas
1185 678 1266 716 pax
1294 677 1386 701 eum
1412 670 1586 715 tyranno

228 730 362 776 fieret,
402 728 475 768 lias
509 726 773 780 conseripsit:
813 741 885 765 sex
917 725 1121 765 mensium
1156 723 1338 763 indutiae
1371 730 1413 763 ut
1448 731 1589 763 essent

228 791 379 831 Nabidi
410 789 695 841 Romanisque
733 796 773 828 et
802 787 982 827 Eumeni
1020 786 1108 839 regi
1139 794 1179 826 et
1209 785 1390 833 Rhodi&
1427 785 1588 839 legatos

229 853 438 907 extemplo
464 851 673 891 mitterent
699 851 878 891 Romam
893 849 943 889 T.
961 848 1182 900 Quinctius
1209 856 1249 888 et
1266 847 1411 895 Nabis,
1438 854 1483 887 ut
1508 862 1589 901 pax

231 931 281 956 ex
308 914 550 955 auctoritate
577 920 746 953 senatus
774 912 1098 953 confirmaretur.
1137 925 1188 950 ex
1214 924 1295 963 qua
1321 910 1386 949 die
1413 908 1590 963 scriptae

230 977 493 1017 condiciones
525 976 639 1031 pacis
673 975 808 1016 editae
833 974 986 1015 Nabidi
1012 974 1165 1018 forent.
1200 988 1248 1013 ea
1280 973 1367 1013 dies
1394 979 1438 1012 ut
1469 971 1589 1012 indu-

230 1040 379 1080 tiarum
410 1039 657 1093 principium
691 1045 821 1085 esset,
861 1045 901 1078 et
926 1045 969 1076 ut
997 1052 1046 1076 ex
1073 1051 1121 1076 ea
1147 1036 1213 1076 die
1244 1035 1352 1075 intra
1384 1035 1590 1075 decimum

231 1102 340 1141 diem
378 1102 428 1141 ab
462 1101 591 1154 Argis
629 1100 858 1152 ceterisque
896 1099 1078 1153 oppidis,
1118 1113 1224 1151 quae
1262 1097 1302 1137 in
1334 1096 1590 1151 Argivorum

230 1179 331 1217 agro
363 1171 521 1209 essent,
560 1162 769 1216 praesidia
801 1161 940 1202 omnia
970 1161 1272 1200 deducerentur
1305 1173 1518 1211 vacuaque
1550 1166 1590 1199 et

231 1226 361 1266 libera
392 1225 651 1265 traderentur
675 1223 897 1270 Romanis,
931 1230 971 1262 et
1003 1238 1054 1262 ne
1081 1222 1192 1274 quod
1218 1222 1312 1261 inde
1339 1220 1588 1274 mancipium

230 1288 390 1341 regium
429 1286 693 1341 publicumve
731 1292 800 1325 aut
836 1284 1042 1338 privatum
1075 1284 1336 1332 educeretur,
1375 1283 1463 1322 sine
1496 1282 1589 1321 (1010

230 1351 340 1390 1111110
368 1349 401 1389 51
427 1364 509 1402 qua
533 1349 697 1403 publice
724 1355 792 1387 aut
825 1346 1018 1401 privatim
1050 1354 1144 1386 ante
1177 1346 1325 1386 educta
1356 1345 1490 1386 forent
1518 1345 1590 1384 do-

231 1413 352 1452 minis
380 1420 488 1453 reete
514 1411 840 1451 restituerentur„
902 1424 1048 1457 naves,
1077 1424 1179 1461 quas
1206 1408 1441 1447 civitatibus
1468 1407 1592 1447 mari-

231 1475 340 1515 timis
368 1474 605 1521 ademisset,
631 1472 834 1519 redderet,
862 1486 966 1511 neve
991 1471 1080 1524 ipse
1102 1485 1250 1510 navem
1277 1470 1403 1509 ullam
1428 1477 1591 1523 praeter

231 1537 335 1577 duos
368 1536 546 1583 lembos,
586 1534 655 1587 qui
687 1549 768 1574 non
801 1533 894 1587 plus
935 1548 1058 1585 quam
1091 1531 1300 1572 sexdecim
1330 1531 1455 1571 remis
1494 1545 1592 1584 age-

230 1607 384 1646 rentur,
424 1598 607 1637 haberet.
679 1596 878 1650 perfugas
917 1602 957 1635 et.
1000 1594 1186 1648 captivos
1230 1593 1422 1634 omnibus
1468 1593 1590 1633 sociis

231 1661 371 1715 populi
405 1660 585 1700 Romani
623 1657 858 1698 civitatibus
896 1656 1088 1696 redderet
1125 1664 1165 1696 et
1194 1655 1421 1696 BIesseniis
1454 1654 1593 1695 onmia

231 1738 336 1776 (111110
363 1732 650 1776 comparerent.
676 1734 864 1773 quaeque
891 1718 1047 1760 domini
1074 1726 1340 1773 cognossent.
1401 1717 1591 1758 exulibus

231 1800 395 1839 quoque
416 1783 764 1824 Lacedaemoniis
791 1782 957 1829 liberos,
986 1780 1185 1835 coniuges
1211 1780 1460 1828 restitueret,
1488 1793 1592 1832 quae

231 1863 371 1889 earum
400 1847 509 1887 viros
538 1846 655 1899 sequi
682 1845 924 1892 voluissent,
952 1843 1082 1884 invita
1107 1858 1158 1883 ne
1185 1858 1266 1896 qua
1293 1842 1424 1882 exulis
1452 1856 1592 1882 comes

232 1918 355 1951 esset.
416 1908 794 1949 1nereennariorum
820 1907 994 1946 militum
1020 1905 1210 1953 Nabidis,
1237 1904 1306 1958 qui
1331 1912 1401 1944 aut
1425 1904 1468 1944 in
1495 1903 1594 1943 eivi-

235 1981 339 2013 tates
362 1987 457 2012 suas
479 1979 547 2011 aut
568 1971 620 2011 ad
634 1971 848 2011 Romanos
876 1968 1135 2015 transissent,
1162 1967 1211 2007 iis
1237 1982 1302 2006 res
1325 1981 1423 2006 suae
1447 1980 1590 2006 01111105

233 2043 341 2075 reete
374 2034 657 2074 redderentur.
718 2032 759 2071 in
787 2030 915 2072 Creta
945 2030 1082 2070 insula
1110 2044 1162 2069 ne
1194 2043 1318 2081 quam
1342 2028 1487 2068 urbem
1520 2026 1593 2067 ha-

234 2098 366 2145 beret,
393 2111 495 2149 quas
524 2095 738 2136 habuisset
764 2094 955 2134 redderet
980 2091 1201 2140 Romanis3
1234 2106 1285 2131 ne
1312 2105 1435 2143 (11111111
1462 2089 1592 2130 socie-

177 2192 179 2194 .
234 2167 361 2199 tatem
387 2174 480 2198 cum
507 2158 589 2198 ullo
618 2157 883 2198 Cretensium
909 2162 981 2195 aut
1006 2169 1215 2207 (1110(11111111
1240 2153 1320 2193 alio
1346 2152 1591 2201 institueret,

170 2234 207 2263 10

233 2237 313 2261 neu
345 2222 499 2261 bellum
531 2227 704 2275 gereret.
767 2218 1002 2259 civitatibus
1036 2216 1248 2264 omnibus,
1287 2230 1473 2268 quasque
1504 2214 1593 2269 ipse

234 2284 481 2324 restituisset
510 2298 698 2336 quaeque
731 2297 774 2322 se
803 2296 958 2334 suaque
986 2280 1026 2319 in
1058 2280 1183 2319 fidem
1215 2293 1262 2318 ae
1289 2278 1493 2318 dicionem
1520 2292 1594 2331 po-

234 2346 318 2399 puli
346 2347 525 2386 Romani
557 2345 841 2391 tradidissent,
881 2342 1020 2384 onmia
1045 2341 1253 2396 praesidia
1279 2341 1502 2381 deduceret
1529 2355 1593 2380 se-

170 2420 183 2448 1
236 2422 314 2459 que
346 2407 434 2461 ipse
467 2423 647 2460 suosque
680 2408 732 2447 ab
770 2407 819 2447 iis
852 2405 1092 2446 abstineret.
1165 2419 1215 2444 ne
1248 2403 1359 2456 quod
1395 2401 1592 2456 oppidum

236 2484 313 2507 neu
342 2470 451 2521 quod
484 2470 699 2510 castellum
732 2470 773 2509 in
807 2483 881 2509 5110
909 2467 1096 2507 alienove
1124 2482 1223 2521 agro
1250 2466 1459 2506 conderet.
1520 2464 1592 2503 ob-

237 2529 366 2577 sides,
399 2546 447 2570 ea
473 2532 525 2571 ita
553 2533 708 2577 sutura,
742 2532 856 2570 daret
883 2530 1082 2582 quinque,
1115 2543 1218 2581 quos
1245 2526 1481 2581 imperatori
1507 2525 1592 2565 Ro-

237 2606 358 2632 11111110
386 2593 627 2646 placuisset,
655 2602 693 2633 et
722 2592 850 2632 filium
876 2592 916 2631 in
942 2592 991 2631 iis
1020 2606 1153 2639 suum,
1183 2599 1222 2630 et
1248 2590 1404 2630 talenta.
1429 2596 1591 2628 eentum
