1799 2900
182 367 198 395 &l

182 982 199 1011 {0

187 2280 205 2308 ¹0

226 172 281 213 24
513 178 668 214 Lmen
694 177 842 222 XXXI,
869 177 1017 212 27-29.
1045 178 1144 222 [a.u.
1163 177 1291 220 0.554]

225 284 521 339 Athenagoras
544 281 726 335 quidam,
752 280 893 335 regius
920 281 1168 335 praefectus,
1195 281 1236 321 in
1257 280 1432 321 transitu
1452 280 1582 321 flumi-

227 346 289 387 nis
317 363 340 387 a
365 345 594 386 novissimo
621 342 787 397 agmine
813 343 981 384 adortus
1013 350 1247 398 postremos
1280 343 1473 384 turbavit.
1534 344 1586 384 ad

226 423 400 461 quorum
437 407 661 447 clamorem
698 413 738 445 et
773 405 1091 460 trepidationem
1124 419 1216 445 cum
1252 413 1443 446 revectus
1481 420 1587 458 equo

226 483 400 524 propere
425 468 589 522 legatus
611 467 732 521 signa
747 467 1025 507 convertisset
1047 476 1084 507 et
1112 467 1307 508 coniectis
1335 467 1376 507 in
1401 467 1584 508 medinm

227 530 398 571 sarcinis
431 530 561 570 aciem
593 528 833 577 direxisset,
877 544 960 569 non
993 529 1122 570 tulere
1159 529 1345 584 inpetum
1375 530 1587 570 Romano-

226 608 316 634 rum
342 592 521 632 militum
546 590 664 646 regii.
724 590 843 630 multi
869 606 920 631 ex
945 591 994 631 iis
1021 591 1165 639 occisi,
1192 591 1331 646 plures
1358 591 1480 646 capti.
1529 591 1588 632 le-

226 662 368 709 gatus,
395 653 592 694 ineolumi
617 652 802 694 exercitu
826 653 998 694 reducto
1025 653 1077 694 ad
1103 653 1335 703 consulem,
1367 653 1588 694 remittitur

226 717 322 757 inde
349 716 559 771 extemplo
586 715 638 755 ad
664 715 854 755 classem.

312 778 536 821 XXVIII.
574 778 670 817 Hac
691 777 791 817 satis
814 776 924 817 felici
945 776 1209 831 expeditione
1234 776 1344 817 bello
1365 777 1588 819 commisso

225 841 359 895 reguli
385 854 433 880 ac
457 839 666 894 principes
684 838 856 880 adcolae
875 839 1159 879 Macedonum
1183 838 1226 878 in
1247 845 1382 879 castra
1398 838 1590 879 Romana

227 902 410 951 veniunt,
436 902 660 943 Pleuratus
686 901 943 942 Scerdilaedi
968 901 1078 941 filius
1100 908 1141 941 et
1158 900 1436 954 Amynander
1455 900 1590 940 Atha-

227 980 397 1005 manum
421 979 496 1005 rcX
521 971 562 1005 et
587 979 639 1005 ex
663 963 876 1004 Dardanis
902 964 1012 1004 Bato
1037 963 1227 1017 Longari
1252 962 1374 1003 filius.
1435 962 1591 1003 bellum

228 1042 302 1068 suo
328 1026 494 1067 nomine
516 1026 742 1080 Longarus
764 1039 858 1065 eum
872 1025 1103 1073 Demetrio,
1129 1024 1315 1079 Philippi
1339 1031 1469 1079 patre,
1495 1039 1591 1079 ges-

229 1096 352 1129 serat.
412 1088 704 1143 pollicentibus
739 1087 889 1128 auxilia
924 1087 1139 1142 respondit
1172 1086 1337 1135 consul,
1370 1086 1592 1127 Dardano-

168 1158 169 1161 ’
227 1165 318 1190 rum
353 1158 394 1190 et
423 1149 611 1190 Pleurati
642 1164 786 1204 opera,
826 1163 920 1189 cum
958 1149 1186 1189 exercitum
1222 1148 1265 1188 in
1295 1147 1592 1189 Macedoniam

228 1212 461 1260 induceret,
500 1227 544 1252 se
580 1226 771 1260 usurum3
805 1211 1082 1265 Amynandro
1113 1211 1290 1252 Aetolos
1322 1211 1590 1252 concitandos

229 1274 282 1314 ad
308 1274 462 1314 bellum
489 1273 697 1314 adtribuit.
739 1273 873 1313 Attali
898 1273 1047 1327 legatis
1072 1297 1129 1302 -—
1153 1288 1250 1312 nam
1274 1273 1302 1312 ii
1329 1287 1492 1326 quoque
1518 1288 1591 1327 per

229 1336 272 1376 id
297 1344 461 1390 tempus
487 1343 687 1376 venerant
712 1360 768 1364 ——
792 1335 981 1383 mandat,
1014 1343 1059 1375 ut
1084 1334 1275 1389 Aeginae
1301 1350 1394 1384 reX,
1427 1334 1499 1375 ubi
1529 1334 1592 1374 hi-

234 1398 455 1447 bernabat,
495 1398 674 1438 classem
699 1397 935 1438 Romanam
969 1397 1245 1451 opperiretur,
1286 1411 1367 1450 qua
1397 1397 1592 1437 adiuncta

232 1459 340 1500 bello
366 1459 592 1508 maritimo,
626 1459 732 1499 sicut
757 1467 871 1508 ante,
903 1458 1146 1513 Philippum
1171 1465 1349 1513 urgeret.
1400 1459 1452 1498 ad
1477 1458 1592 1499 Rho-

230 1521 320 1562 dios
359 1536 524 1574 quoque
562 1520 679 1561 missi
714 1520 860 1576 legati,
898 1528 941 1560 ut
980 1527 1247 1574 capesserent
1282 1528 1444 1574 partem
1480 1520 1590 1561 belli.

229 1598 307 1624 nec
330 1583 551 1638 Philippus
580 1582 749 1637 segnius
775 1607 831 1612 —
856 1582 937 1622 iam
969 1582 1079 1622 enim
1110 1582 1152 1622 in
1177 1581 1474 1622 Macedoniam
1498 1596 1593 1636 per-

230 1653 400 1686 venerat
434 1669 491 1674 —
527 1645 753 1700 adparabat
792 1644 960 1685 bellum.
1032 1644 1161 1684 filium
1197 1645 1373 1693 Persea,
1417 1659 1592 1698 puerum

230 1707 472 1757 admodum,
505 1707 612 1747 datis
640 1721 690 1747 ex
722 1706 950 1746 amicorum
975 1721 1165 1755 numero,
1204 1706 1274 1759 qui
1299 1713 1478 1747 aetatem
1503 1705 1592 1746 eius

228 1776 441 1823 regerent,
479 1783 573 1809 cum
604 1776 721 1823 parte
754 1767 966 1822 copiarum
999 1768 1051 1808 ad
1077 1768 1329 1809 obsidendas
1362 1767 1592 1822 angustias,

230 1846 335 1884 quae
370 1831 422 1871 ad
451 1830 728 1885 Pelagoniam
760 1837 874 1880 sunt,
912 1830 1056 1879 mittit3
1097 1829 1315 1871 Sciathum
1346 1837 1384 1871 et
1409 1830 1593 1885 Pepare-

229 1893 359 1941 thum,
386 1893 483 1933 haut
510 1892 716 1947 ignobiles
743 1892 882 1939 urbes,
909 1907 961 1933 ne
981 1892 1105 1933 classi
1131 1892 1314 1933 hostium
1338 1892 1519 1947 praedae
1545 1905 1593 1932 ac

229 1955 412 2009 praemio
439 1963 593 2004 essent,
620 1954 765 2003 diruit;
792 1954 845 1994 ad
859 1954 1036 1995 Aetolos
1063 1954 1186 1994 mittit
1210 1954 1385 2008 legatos,
1411 1969 1463 1994 ne
1488 1968 1591 2008 gens

230 2017 417 2070 inquieta
442 2017 625 2058 adventu
649 2017 935 2057 Romanorum
962 2016 1087 2056 fidem
1112 2024 1303 2056 mutaret.

315 2079 562 2122 XXVIIII.
603 2078 838 2120 Concilium
852 2078 1100 2119 Aetolorum
1122 2086 1229 2118 stata
1243 2078 1322 2127 die,
1349 2077 1461 2130 quod
1478 2077 1592 2118 Pan-

230 2141 426 2182 aetolium
457 2148 625 2190 vocant,
657 2141 842 2181 futurum
874 2147 973 2180 erat.
1029 2139 1124 2180 huie
1154 2148 1200 2180 ut
1232 2140 1518 2187 obcurrerent,
1553 2147 1593 2179 et

230 2203 340 2258 regis
366 2203 494 2257 legati
518 2203 595 2244 iter
621 2202 921 2250 adcelerarunt,
948 2208 987 2242 et
1015 2217 1038 2242 a
1063 2201 1233 2242 consule
1260 2201 1411 2241 missus
1437 2201 1491 2241 L.
1506 2200 1591 2240 Fu-

231 2265 314 2305 rius
341 2264 549 2320 Purpurio
574 2264 737 2320 legatus
764 2264 889 2305 venit.
928 2263 1252 2303 Atheniensium
1278 2277 1441 2316 quoque
1466 2261 1593 2317 legati

232 2326 285 2366 ad
309 2326 351 2366 id
376 2326 596 2367 concilium
616 2327 898 2367 obcurrerunt.
947 2325 1068 2380 primi
1088 2325 1360 2374 Macedones,
1387 2338 1479 2364 eum
1506 2323 1594 2376 qui-

233 2388 309 2427 bus
340 2388 673 2429 recentissimum
709 2388 858 2429 foedus
892 2395 1000 2436 erat,
1038 2387 1167 2428 auditi
1200 2394 1307 2427 sunt.
1374 2386 1444 2439 qui
1480 2385 1592 2425 nulla

233 2465 340 2490 nova
376 2466 419 2491 re
455 2451 557 2491 nihil
594 2466 638 2492 se
674 2451 771 2492 novi
807 2450 961 2491 habere
998 2450 1108 2503 quod
1141 2450 1351 2490 adferrent
1382 2448 1592 2488 dixerunt:

235 2512 383 2563 quibus
415 2512 525 2552 enim
557 2513 608 2553 de
641 2513 778 2553 causis
806 2520 977 2568 experta
1012 2512 1146 2552 inutili
1179 2511 1375 2553 societate
1400 2510 1593 2551 Romana

234 2586 380 2626 pacem
406 2587 498 2612 cum
523 2574 721 2628 Philippo
747 2575 964 2621 fecissent,
991 2574 1265 2628 compositam
1292 2571 1420 2613 semel
1446 2585 1590 2625 pacem

189 2648 209 2676 4
235 2648 400 2674 servare
433 2649 503 2675 eos
538 2635 701 2676 debere.
763 2639 835 2675 ‘an
860 2635 1027 2676 imitari'
1062 2635 1192 2688 inquit
1225 2649 1331 2675 unus
1365 2649 1414 2674 ex
1442 2631 1590 2687 legatis
