1799 2900
449 86 601 121 LIBER
624 87 869 131 xxxviia,
896 86 1025 122 1516,
1053 85 1252 131 [a.c.186]
1444 75 1528 117 385

172 191 304 240 vobis,
330 205 487 232 vereor.
548 189 748 243 quidquid
775 190 938 240 dixero,
965 191 1102 231 minus
1128 204 1253 244 quam
1278 203 1353 245 pro
1379 187 1528 230 atroci·
1553 200 1572 230 5

171 260 255 294 tate
281 260 321 294 et
345 251 630 307 magnitudine
655 252 716 293 rei
742 252 897 293 dictum
923 253 1068 294 scitote
1095 267 1206 301 esse3
1232 259 1278 292 ut
1302 251 1356 292 ad
1380 264 1530 291 caven-

172 314 271 355 dum
303 314 404 355 satis
438 314 508 363 sit,
547 314 711 354 dabitur
737 329 864 369 opera
890 330 911 355 a
938 315 1072 356 nobis.
1131 312 1414 355 Bacchanalia
1444 319 1529 353 tota

172 377 253 418 iam
277 376 439 431 pridem
463 375 587 418 Italia
619 385 657 416 et
690 390 800 416 nunc
828 391 903 431 per
933 377 1080 417 urbem
1106 376 1230 416 etiam
1255 375 1395 416 multis
1426 373 1528 415 locis

172 453 278 487 esse,
305 454 388 479 non
414 438 525 478 fama
552 438 686 478 solum
713 438 923 493 accepisse
950 453 1038 487 vos,
1066 438 1141 479 sed
1160 437 1383 492 crepitibus
1405 435 1530 477 etiam

173 500 478 553 ululatibusque
504 499 736 548 nocturnis,
772 500 842 552 qui
867 508 1092 554 personant
1121 506 1206 540 tota
1230 499 1345 548 urbe,
1373 505 1529 539 eertum

172 562 326 610 habeo,
365 570 548 603 ceterum
574 576 680 614 quae
711 576 760 602 ea
789 577 856 602 res
888 562 941 602 sit
974 562 1185 616 ignorare;
1225 561 1326 602 alios
1359 560 1531 601 deorum

173 623 352 677 aliquem
378 623 547 672 cultum,
575 624 676 664 alios
704 637 950 664 concessum
976 623 1120 663 ludum
1140 630 1180 664 et
1205 622 1422 663 lasciviam
1443 636 1529 662 crc-

173 685 269 726 dere
295 700 388 726 esse
414 693 466 733 et,
494 685 793 738 qualecumque
816 685 881 733 sit,
909 685 961 725 ad
985 699 1141 740 paucos
1166 684 1388 739 pertinere.
1421 682 1532 736 quod

173 747 226 787 ad
262 747 568 788 multitudinem
605 762 745 788 eorum
783 747 957 796 adtinet,
996 748 1031 788 si
1062 747 1222 794 dixero,
1260 746 1389 786 multa
1419 744 1533 785 milia

174 809 387 850 hominum
413 824 518 858 esse,
544 809 638 850 ilico
664 824 836 850 necesse
863 817 926 850 est
952 807 1254 857 exterreamini,
1281 808 1361 848 nisi
1386 808 1532 848 adiun-

172 886 272 911 xero
299 871 369 924 qui
395 871 622 924 qualesque
649 871 742 911 sint.
780 871 959 925 primum
984 870 1109 925 igitur
1134 870 1352 910 mulierum
1377 884 1531 923 magna

173 948 268 986 pars
301 940 381 981 est,
420 940 461 973 et
492 932 526 973 is
553 933 647 973 fons
679 933 777 973 mali
808 932 980 973 huiusce
1011 931 1107 981 fuit3
1146 931 1295 972 deinde
1334 930 1532 971 simillimi

174 994 338 1034 feminis
361 1010 509 1043 mares,
538 994 713 1049 stuprati
733 1002 773 1034 et
794 1001 1145 1048 constupratores,
1172 992 1342 1033 fanatici
1361 992 1528 1047 vigiliis,

174 1056 283 1105 vino,
311 1056 552 1110 strepitibus
580 1056 913 1108 clamoribusque
939 1055 1151 1096 nocturnis
1174 1055 1360 1095 adtoniti.
1393 1053 1528 1094 nullas

173 1119 310 1158 adhuc
335 1118 443 1158 vires
471 1118 719 1167 coniuratio,
759 1126 942 1158 ceterum
972 1117 1273 1158 incrementum
1297 1116 1446 1170 ingens
1474 1115 1533 1155 vi-

173 1180 279 1220 rium
304 1179 448 1228 habet,
475 1180 587 1232 quod
612 1179 654 1219 in
680 1179 767 1219 dies
792 1179 932 1234 plures
958 1179 1074 1219 fiunt.
1124 1178 1302 1219 maiores
1329 1177 1456 1218 vestri
1481 1191 1532 1217 ne

174 1257 248 1283 vos
275 1242 463 1295 quidem,
491 1242 572 1282 nisi
598 1256 693 1282 cum
719 1249 788 1282 aut
820 1241 972 1282 vexillo
998 1241 1040 1281 in
1066 1256 1159 1282 arce
1184 1240 1321 1296 posito
1347 1239 1534 1280 comitio-

173 1319 264 1344 rum
302 1318 428 1344 causa
468 1304 674 1345 exercitus
713 1304 885 1344 eductus
924 1311 1036 1345 esset
1065 1311 1136 1344 aut
1171 1303 1283 1358 plebi
1315 1302 1534 1344 concilium

174 1366 327 1406 tribuni
358 1366 586 1406 edixissent
612 1374 682 1406 aut
708 1366 854 1419 aliquis
882 1380 934 1407 ex
958 1365 1270 1420 magistratibus
1298 1364 1350 1405 ad
1376 1364 1533 1405 contio-

174 1442 269 1468 nem
294 1435 499 1477 vocasset,
525 1428 632 1469 forte
658 1436 813 1468 temere
832 1427 940 1468 coire
961 1428 1197 1477 volueruntq
1224 1434 1263 1468 et
1283 1426 1532 1479 ubicumque

174 1490 392 1531 multitudo
425 1497 554 1539 esset,
590 1490 648 1530 ibi
679 1497 720 1531 et
755 1490 987 1544 legitimum
1018 1496 1220 1530 rectorem
1256 1488 1531 1528 multitudinis

175 1553 399 1593 censebant
426 1552 575 1592 debere
602 1567 708 1593 esse.
754 1551 897 1604 quales
922 1551 1102 1606 primum
1126 1559 1349 1591 nocturnos
1376 1558 1531 1598 coetus,

175 1614 323 1655 deinde
348 1614 606 1668 promiscuos
633 1614 852 1654 mulierum
877 1627 925 1654 ac
950 1613 1131 1654 virorum
1157 1627 1249 1653 esse
1276 1611 1467 1652 creditis?
1499 1611 1533 1651 si

175 1677 323 1729 quibus
345 1677 549 1717 aetatibus
570 1676 781 1717 initientur
800 1691 936 1717 mares
959 1676 1112 1725 sciatis,
1140 1691 1223 1716 non
1243 1675 1437 1716 misereat
1458 1690 1532 1715 vos

175 1754 318 1779 eorum
344 1740 491 1787 solum,
519 1739 594 1780 sed
616 1739 739 1780 etiam
764 1740 930 1794 pudeat.
969 1738 1047 1780 hoc
1073 1746 1330 1779 sacramento
1350 1738 1532 1779 initiatos

175 1801 345 1842 iuvenes
384 1801 533 1842 milites
571 1801 785 1842 faciendos
818 1800 1015 1850 censetis,
1049 1799 1260 1852 Quirites?
1296 1800 1346 1840 iis
1379 1814 1431 1840 ex
1461 1800 1535 1841 ob-

176 1877 300 1904 sceno
340 1864 519 1904 sacrario
558 1863 717 1904 eductis
756 1878 869 1904 arma
907 1861 1229 1903 committenda?
1272 1861 1314 1901 hi
1351 1861 1534 1916 cooperti

176 1924 328 1979 stupris
356 1925 440 1966 suis
474 1925 702 1978 alienisque
735 1940 809 1980 pro
834 1924 1033 1979 pudicitia
1059 1924 1281 1977 coniugum
1308 1937 1356 1964 ac
1385 1922 1535 1963 libero-

175 2002 266 2027 rum
292 1996 525 2028 vestrorum
550 1988 659 2028 ferro
686 1987 934 2028 decernent?

262 2048 388 2091 XVI.
426 2049 571 2090 Minus
592 2058 731 2090 tamen
746 2056 870 2099 esset,
892 2049 926 2089 si
946 2048 1113 2103 flagitiis
1134 2054 1293 2088 tantum
1309 2046 1534 2088 effeminati

176 2111 314 2151 forent
339 2135 393 2138 —
417 2110 602 2165 ipsorum
633 2111 676 2151 id
700 2126 853 2165 magna
878 2126 930 2151 ex
954 2118 1071 2165 parte
1098 2109 1278 2150 dedecus
1305 2116 1392 2149 erat
1415 2132 1484 2157 —‚
1511 2123 1535 2148 a

177 2171 430 2212 facinoribus
472 2188 640 2221 manus,
685 2180 867 2213 mentem
904 2188 928 2212 a
963 2171 1178 2212 fraudibus
1216 2170 1533 2218 abstinuissent3

177 2248 403 2286 numquam
429 2240 590 2274 tantum
614 2234 770 2274 malum
796 2234 838 2274 in
857 2249 901 2274 re
926 2233 1094 2288 publica
1118 2233 1195 2273 fuit
1216 2247 1293 2272 nec
1318 2232 1371 2272 ad
1394 2231 1533 2286 plures

177 2310 253 2336 nec
278 2295 331 2335 ad
350 2295 470 2349 plura
494 2296 720 2349 pertinens.
752 2295 953 2348 quidquid
978 2295 1041 2335 his
1063 2295 1181 2334 annis
1206 2293 1390 2341 libidine,
1417 2293 1535 2346 quid-

178 2357 275 2410 quid
311 2357 475 2406 fraude,
508 2357 707 2410 quidquid
739 2357 894 2398 scelere
918 2364 1136 2411 peccatum
1161 2363 1242 2405 est,
1276 2371 1326 2397 ex
1357 2355 1426 2396 illo
1452 2370 1534 2396 uno

178 2419 356 2460 sacrario
383 2419 529 2460 scitote
554 2427 689 2460 ortum
715 2433 821 2459 esse.
858 2418 1035 2459 necdum
1062 2418 1212 2467 omnia,
1238 2418 1281 2458 in
1306 2432 1411 2470 quae
1437 2430 1535 2458 con-

176 2481 380 2530 iurarunt‚
419 2481 529 2522 edita
565 2481 750 2522 facinora
786 2481 953 2521 habent.
1015 2480 1151 2521 adhuc
1180 2480 1352 2535 privatis
1383 2479 1532 2528 noxiis,

176 2542 273 2596 quia
297 2543 481 2584 nondum
503 2543 555 2583 ad
580 2558 667 2583 rem
693 2542 903 2598 publicam
924 2542 1239 2596 obprimendam
1264 2541 1364 2583 satis
1386 2540 1533 2582 virium

245 2609 308 2635 Livi
323 2609 377 2636 vol.
391 2608 439 2635 [ll.
1270 2608 1315 2641 ‘25

1556 324 1574 354 6

1558 1067 1599 1097 10

1562 1192 1597 1220 11

1562 1562 1600 1591 12

1561 1625 1601 1655 13

1562 1872 1601 1901 14

1559 2429 1577 2459 3
