1799 2900
481 173 634 207 LIBER
658 173 831 218 XXXII,
856 173 909 207 31.
930 174 984 207 32.
1013 175 1061 217 [a.
1077 173 1212 217 c.197]
1474 163 1527 205 75

169 277 307 330 itaque
332 275 474 316 relicto
495 275 599 315 duce
619 276 847 329 castrisque
869 276 1058 331 dissipati
1082 291 1156 331 per
1181 276 1294 317 vicos
1322 291 1398 317 sua
1417 274 1529 328 quis-

171 353 249 392 que
270 347 312 378 ut
334 338 617 386 defenderent,
643 338 846 379 rationem
867 338 1038 392 gerendi
1059 338 1155 379 belli
1175 338 1285 379 hosti
1304 344 1527 378 mutarunt.

169 400 325 441 omissa
350 399 458 439 enim
486 414 558 453 spe
584 414 659 454 per
682 415 808 439 unam
829 400 1135 440 dimicationem
1159 400 1219 440 rei
1245 399 1528 440 decernendae
1555 410 1573 439 3

168 476 312 502 rursus
342 461 532 516 populari
563 476 686 515 agros
718 473 757 502 et
789 476 906 502 urere
932 469 1043 502 tecta
1068 461 1263 514 vicosque
1290 475 1529 516 expugnare

170 523 318 578 coepit.
379 538 453 577 per
478 524 649 564 eosdem
674 523 762 563 dies
790 522 1039 563 Clastidium
1070 523 1299 564 incensum.
1359 523 1455 563 inde
1486 522 1529 562 in
1556 537 1573 564 4

170 585 418 639 Ligustinos
439 585 609 634 Ilvates,
633 585 702 638 qui
723 585 799 625 soli
818 600 901 625 non
919 586 1134 639 parebant,
1161 585 1346 639 legiones
1369 585 1528 624 ductae.

171 662 221 688 ea
246 661 410 700 quoque
441 662 566 701 gens,
603 655 649 687 ut
672 646 872 687 Insubres
905 647 992 687 acie
1024 647 1175 696 victos,
1212 647 1360 696 Boios,
1397 646 1454 686 ita
1485 654 1529 685 ut
1555 659 1574 687 5

172 716 373 763 temptare
401 724 519 763 spem
545 708 779 749 certaminis
805 724 888 749 non
914 709 1133 757 auderent,
1167 708 1331 748 territos
1358 707 1528 755 audivit,

169 770 212 810 in
243 771 447 811 dicionem
479 770 602 810 venit.
663 771 805 810 literae
838 770 1054 810 consulum
1087 771 1303 810 amborum
1328 770 1378 809 de
1403 769 1526 809 rebus
1554 782 1572 810 6

170 832 212 872 in
239 832 376 873 Gallia
401 832 531 886 gestis
557 847 686 886 prope
713 833 790 872 sub
816 832 927 872 idem
953 840 1117 886 tempus
1144 832 1325 872 Romam
1351 830 1525 871 adlatae.

169 894 232 934 M.
261 892 434 947 Serqus
460 903 627 948 praetor
651 894 764 934 urbis
792 893 834 933 in
867 902 1013 934 senatu
1039 908 1109 934 eas
1137 893 1284 933 deinde
1311 908 1363 933 ex
1387 902 1528 932 aucto-

169 956 290 996 ritate
320 966 485 1010 patrum
516 956 569 995 ad
598 957 797 1010 populum
828 956 1029 996 recitavit.
1091 955 1336 1009 supplicatio
1362 955 1404 995 in
1430 969 1529 1007 qua-

172 1018 362 1057 driduum
389 1018 568 1058 decreta,
629 1018 760 1058 hiems
787 1018 869 1057 iam
896 1032 943 1057 eo
970 1026 1154 1071 tempore
1181 1025 1281 1057 erat.

255 1079 460 1119 XXXII.
513 1079 621 1119 Cum
647 1079 696 1119 T.
720 1078 941 1129 Quinctius
969 1087 1089 1132 capta
1108 1079 1258 1118 Elatea
1282 1078 1323 1117 in
1344 1076 1529 1117 Phocide
1560 1089 1570 1116 1

172 1155 219 1180 ac
233 1140 413 1181 Locride
439 1140 612 1180 hiberna
637 1140 838 1194 disposita
864 1140 1047 1187 haberet,
1071 1138 1242 1193 Opunte
1270 1139 1416 1179 seditio
1443 1147 1532 1179 orta

172 1210 247 1242 est.
307 1201 434 1241 factio
459 1216 541 1241 una
565 1202 761 1249 Aetolos,
789 1200 859 1253 qui
884 1200 1097 1255 propiores
1126 1208 1259 1249 erant,
1293 1200 1421 1240 altera
1445 1200 1531 1239 Ro·
1557 1210 1574 1238 2

170 1277 315 1303 manos
342 1264 593 1303 accersebat.
652 1262 795 1302 Aetoli
820 1262 978 1316 priores
1006 1269 1226 1310 venerunt3
1272 1268 1334 1301 set
1359 1261 1529 1315 opulen—
1556 1274 1573 1300 :3

171 1323 248 1364 tior
273 1323 397 1364 factio
424 1323 602 1364 exclusis
629 1324 793 1364 Aetolis
820 1324 1031 1376 missoque
1057 1324 1111 1364 ad
1135 1323 1425 1378 imperatorem
1445 1323 1532 1362 Ro-

171 1401 340 1425 manum
376 1385 520 1426 nuntio
557 1400 687 1438 usquc
731 1386 773 1426 in
815 1386 1040 1426 adventum
1078 1386 1166 1426 eius
1205 1384 1336 1426 tenuit
1371 1385 1529 1425 urbem.

171 1462 308 1487 arcem
339 1447 500 1501 regium
532 1449 700 1488 tenebat
730 1448 1002 1502 praesidium,
1040 1462 1174 1500 neque
1206 1456 1251 1488 ut
1282 1447 1528 1488 decederent
1556 1460 1572 1487 4

172 1509 267 1549 inde
300 1516 369 1549 aut
402 1509 685 1563 Opuntiorum
722 1510 844 1550 minis
883 1518 953 1550 aut
989 1510 1233 1550 auctoritate
1270 1508 1530 1563 imperatoris

172 1571 351 1611 Romani
376 1571 548 1625 perpelli
574 1580 808 1625 potuerunt.
864 1587 992 1619 mora,
1020 1586 1091 1611 cur
1116 1587 1199 1612 non
1225 1570 1433 1625 extemplo
1459 1570 1531 1611 Ob-
1558 1583 1576 1611 5

173 1641 477 1686 pugnarentur,
515 1648 563 1672 ea
593 1633 689 1682 fuit,
727 1634 839 1685 quod
870 1634 1117 1673 caduceator
1149 1634 1199 1673 ab
1230 1648 1329 1687 rege
1360 1640 1531 1672 venerat

174 1694 310 1734 locum
336 1708 383 1733 ac
409 1702 571 1748 tempus
598 1702 743 1749 petens
771 1695 1002 1747 conloquio.
1056 1695 1099 1734 id
1124 1703 1294 1748 gravate
1319 1694 1409 1748 regi
1435 1708 1531 1733 con·
1558 1706 1574 1733 (5

175 1769 340 1795 cessum
376 1764 457 1804 est,
495 1771 578 1796 non
608 1756 706 1808 quin
738 1764 906 1810 cuperet
932 1755 1152 1806 Quinctius
1190 1770 1264 1809 per
1301 1771 1344 1796 se
1381 1755 1531 1808 partim

176 1816 319 1865 armis,
368 1817 517 1870 partim
561 1817 872 1857 condicionibus
917 1817 1151 1857 confectum
1199 1817 1330 1856 videri
1378 1816 1531 1856 bellum

175 1904 208 1908 —
244 1878 420 1918 necdum
456 1879 565 1918 enim
603 1879 759 1919 sciebat
795 1887 931 1918 utrum
969 1893 1185 1918 successor
1222 1878 1300 1918 sibi
1343 1878 1444 1917 alter
1480 1892 1532 1916 cx

175 1939 293 1980 novis
326 1940 565 1980 consulibus
592 1941 823 1980 mitteretur
855 1956 927 1988 an,
965 1940 1076 1992 quod
1107 1954 1268 1979 summa
1299 1939 1339 1979 vi
1369 1948 1414 1979 ut
1445 1946 1533 1978 ten-

175 2002 319 2042 derent
344 2002 486 2043 amicis
507 2010 547 2043 et
571 2002 814 2057 propinquis
840 2003 1122 2050 mandaverat,
1149 2001 1366 2055 imperium
1388 2015 1532 2054 proro-

175 2073 342 2117 garetur
371 2080 422 2113 —3
473 2072 615 2119 aptum
652 2075 790 2105 autem
820 2064 908 2104 fore
941 2063 1206 2116 conloquium
1237 2062 1450 2109 credebat,
1487 2068 1531 2100 ut
1557 2074 1575 2103 8

177 2125 254 2166 sibi
284 2125 459 2166 liberum
491 2136 601 2167 esset
633 2126 699 2166 vel
733 2127 785 2166 ad
816 2126 972 2166 bellum
1003 2124 1187 2165 manenti
1218 2124 1283 2164 vel
1309 2124 1362 2163 ad
1385 2137 1531 2178 pacem

177 2187 393 2227 decedenti
418 2202 506 2228 rem
531 2188 742 2228 inclinare.
792 2188 834 2227 in
861 2188 953 2227 sinu
978 2186 1161 2226 Maliaco
1186 2200 1314 2240 prope
1334 2184 1532 2225 Nicaeam
1558 2199 1575 2226 9

176 2248 272 2288 litus
299 2249 474 2303 elegere.
525 2264 573 2289 eo
599 2264 672 2289 rex
697 2250 749 2289 ab
762 2248 1033 2290 Demetriade
1059 2261 1152 2287 cum
1180 2247 1360 2299 quinque
1383 2246 1530 2286 lembis

177 2318 217 2350 et
241 2325 324 2350 una
348 2325 454 2351 nave
478 2318 657 2351 rostrata
683 2311 806 2351 venit.
868 2317 984 2350 erant
1009 2323 1102 2349 cum
1128 2323 1176 2348 eo
1202 2307 1410 2362 principes
1435 2307 1530 2347 Ma-
1559 2321 1598 2349 10

178 2372 381 2412 ccdonum
417 2380 458 2412 et
492 2372 760 2413 Achaeorum
798 2372 911 2420 exul,
955 2371 1017 2410 vir
1053 2370 1248 2424 insignis,
1294 2368 1531 2423 Cycliadas.

178 2447 272 2473 cum
296 2433 543 2488 imperatore
568 2434 758 2474 Romano
783 2448 857 2473 rex
881 2433 1157 2486 Amynander
1188 2439 1276 2472 erat
1306 2439 1345 2471 et
1369 2431 1532 2484 Diony-
1559 2445 1593 2474 1]

179 2495 340 2536 sidorus
372 2496 505 2535 Attali
535 2496 697 2550 legatus
730 2502 768 2536 et
801 2495 1124 2549 Agesimbrotus
1156 2493 1390 2548 praefectus
1416 2492 1533 2533 Rho-

179 2557 270 2597 diae
302 2557 446 2597 classis
479 2566 519 2598 et
547 2558 766 2598 Phaeneas
798 2557 990 2611 princeps
1022 2555 1269 2596 Ketolorum
1302 2562 1342 2595 et
1370 2553 1533 2595 Achaei

180 2619 279 2668 duo,
316 2619 566 2661 Aristaenus
599 2627 638 2660 et
664 2619 918 2673 Xenophon.
979 2618 1084 2658 inter
1114 2618 1189 2659 hos
1214 2618 1429 2658 Romanus
1461 2631 1530 2657 ex·
1559 2627 1598 2658 153

1558 1892 1573 1919 *1
