1799 2900
471 176 625 211 LIBER
649 176 801 220 XXXI,
829 177 956 211 17.18.
985 175 1183 220 [a.e.⁶.>00]
1460 163 1511 205 15

240 281 388 324 XVII.
436 281 581 334 Neque
607 287 715 321 terra
741 295 873 333 neque
899 280 1002 320 mari
1027 279 1156 320 adiuti
1189 294 1212 319 a
1244 278 1367 319 sociis
1392 277 1512 331 Aby-
1540 292 1555 320 1

155 344 251 385 deni
273 343 406 398 primo
432 342 646 383 tormentis
673 357 746 396 per
766 357 905 383 muros
928 341 1140 397 dispositis
1159 356 1242 382 non
1262 348 1370 382 terra
1388 340 1512 381 modo

153 405 343 446 adeuntis
377 404 490 445 aditu
526 405 742 452 arcebant,
781 405 854 444 sed
889 405 1058 444 navium
1094 418 1256 457 quoque
1294 402 1512 443 stationem

152 468 349 509 infestam
374 467 483 507 hosti
508 467 730 507 faciebant.
767 476 925 521 postea,
953 481 1046 507 cum
1067 474 1107 507 et
1130 466 1237 506 muri
1261 481 1357 521 pars
1385 473 1513 506 strata
1538 478 1555 507 ‘2

152 530 280 571 ruinis
301 538 342 570 et
367 530 420 570 ad
442 529 679 570 interiorem
699 529 849 583 raptim
870 529 1107 583 obpositum
1125 544 1290 569 murum
1312 527 1512 568 cuniculis

153 593 235 633 iam
259 601 506 647 perventum
532 598 661 640 esset,
689 591 849 645 legatos
876 591 929 631 ad
954 606 1096 646 regem
1122 591 1172 631 de
1199 590 1511 631 condicionibus

154 654 377 697 tradendae
403 654 516 694 urbis
542 653 755 694 miserunt.
804 654 1122 708 paciscebantur
1148 660 1303 701 autem,
1328 660 1374 692 ut
1397 652 1513 692 Rho·
1540 664 1558 692 3

154 716 264 757 diam
295 716 599 769 quadriremem
631 730 724 756 cum
755 715 876 756 sociis
908 716 1125 756 navalibus
1151 714 1365 767 Attalique
1396 728 1515 768 prae-

155 779 304 819 sidium
349 778 481 819 emitti
526 778 669 818 liceret
717 786 840 830 atque
888 777 989 832 ipsis
1033 778 1134 818 urbe
1177 777 1378 817 excedere
1421 790 1514 816 cum

155 841 329 894 singulis
357 840 630 881 vestimentis.
692 840 842 893 quibus
875 854 968 879 cum
992 839 1214 894 Philippus
1246 839 1348 878 nihil
1379 838 1515 893 pacati
1540 850 1559 878 4

154 902 234 943 nisi
264 902 402 943 omnia
437 902 770 957 permittentibus
807 902 1110 956 respondisset,
1147 901 1251 942 adeo
1283 900 1517 941 renuntiata

155 964 256 1004 haec
287 964 440 1018 legatio
472 965 523 1005 ab
554 964 837 1019 indignatione
870 964 991 1004 simul
1023 978 1069 1004 ac
1100 963 1388 1018 desperatione
1413 963 1516 1003 iram

155 1026 355 1074 accendit,
382 1033 425 1065 ut
452 1026 504 1066 ad
525 1025 802 1080 Saguntinam
828 1026 984 1065 rabiem
1010 1026 1120 1065 versi
1144 1034 1354 1065 matronas
1381 1025 1514 1065 omnis
1542 1036 1560 1064 ἱ)

155 1087 195 1127 in
220 1087 376 1142 templo
401 1087 586 1135 Dianae,
624 1101 775 1142 pueros
802 1087 1006 1140 ingenuos
1039 1086 1305 1140 virginesque
1336 1086 1516 1126 infantes

154 1149 279 1190 etiam
310 1163 404 1188 cum
436 1148 522 1188 suis
554 1148 782 1188 nutricibus
814 1148 856 1187 in
881 1148 1101 1202 gymnasio
1126 1148 1281 1187 includi
1312 1147 1515 1191 iuberent,

154 1227 299 1252 aurum
331 1225 371 1251 et
402 1218 620 1265 argentum
651 1211 692 1250 in
724 1210 859 1251 forum
891 1210 1061 1259 deferri,
1099 1219 1259 1250 vestem
1290 1209 1515 1264 pretiosam
1544 1223 1560 1249 ο·

154 1274 195 1313 in
231 1273 349 1314 navis
385 1273 596 1313 Rhodiam
634 1272 970 1326 Cyzicenamque
1008 1287 1113 1326 quae
1155 1271 1199 1311 in
1240 1280 1363 1326 portu
1401 1279 1518 1312 erant

155 1335 275 1384 coici,
314 1335 550 1375 sacerdotes
583 1335 854 1388 victimasque
885 1335 1036 1375 adduci
1067 1343 1106 1375 et
1138 1335 1283 1375 altaria
1314 1335 1356 1374 in
1381 1335 1518 1375 medio

155 1398 264 1452 poni.
314 1397 372 1438 ibi
397 1397 545 1437 delecti
570 1397 761 1452 primum,
789 1397 876 1451 qui,
903 1397 975 1437 ubi
1001 1412 1165 1437 caesam
1191 1397 1323 1437 aciem
1349 1412 1517 1437 suorum

155 1475 228 1515 pro
256 1460 390 1500 diruto
415 1474 533 1499 muro
558 1467 815 1514 pugnantem
840 1459 1055 1508 vidissent,
1083 1459 1291 1514 extemplo
1318 1459 1517 1513 coniuges

155 1523 389 1574 liberosque
408 1521 698 1571 interficerent,
722 1537 878 1571 aurum,
900 1530 1117 1576 argentum
1136 1533 1390 1574 vestemque,
1412 1535 1518 1573 quae
1544 1532 1562 1559 s

156 1585 198 1624 in
227 1585 404 1625 navibus
436 1591 565 1633 esset,
602 1584 644 1625 in
676 1599 788 1625 mare
821 1584 1047 1632 deicerent,
1085 1583 1204 1624 tectis
1235 1583 1410 1638 publicis
1437 1584 1520 1637 pri-

157 1646 345 1698 vatisque
372 1660 495 1698 quam
519 1646 707 1700 plurimis
733 1646 834 1687 locis
860 1655 1033 1701 possent
1057 1647 1176 1700 ignes
1204 1646 1450 1694 subicerent,
1477 1645 1519 1685 id
1545 1655 1562 1683 9

158 1723 201 1748 se
227 1707 388 1747 facinus
414 1716 720 1762 perpetraturos
745 1709 1040 1763 1⁷›raeeuntibus
1067 1708 1321 1748 exsecrabile
1354 1722 1519 1747 carmen

158 1769 442 1810 sacerdotibus
460 1771 721 1811 iureiurando
751 1770 905 1818 adacti3
932 1778 1019 1809 tum
1045 1769 1233 1809 militaris
1260 1778 1373 1809 actas
1400 1769 1518 1816 iurat,

158 1832 366 1872 neminem
398 1832 538 1871 vivum
569 1832 650 1872 nisi
680 1831 879 1873 victorem
912 1832 997 1872 acie
1024 1845 1305 1871 excessurum.
1366 1830 1408 1870 hi
1432 1845 1518 1870 me-
1547 1843 1586 1872 io

158 1909 292 1934 mores
331 1894 501 1934 deorum
538 1894 642 1934 adeo
674 1894 938 1948 pertinaciter
976 1902 1286 1948 pugnaverunt,
1324 1900 1386 1941 ut,
1426 1906 1519 1932 cum

157 1955 360 2011 proelium
385 1971 468 1996 nox
494 1956 747 2010 diremptura
772 1964 901 2005 esset,
939 1971 1013 1996 reX
1044 1955 1173 2009 prior,
1212 1954 1378 1995 territus
1404 1955 1518 1994 rabie

158 2033 318 2064 eorum,
344 2033 486 2072 pugna
511 2018 728 2059 abstiterit.
789 2018 1016 2073 principes,
1045 2017 1192 2070 quibus
1221 2016 1397 2057 atrocior
1422 2032 1517 2071 pars
1547 2030 1582 2059 11

157 2080 351 2121 facinoris
379 2080 570 2135 delegata
596 2089 702 2130 erat,
735 2095 829 2121 cum
854 2094 1008 2135 paucos
1036 2088 1076 2120 et
1102 2080 1313 2120 confectos
1340 2078 1520 2118 vulneri-

158 2142 234 2182 bus
262 2156 309 2182 ac
334 2142 578 2183 lassitudine
605 2158 824 2197 superesse
845 2142 1001 2197 proelio
1023 2149 1250 2188 cernerent,
1276 2141 1367 2180 luce
1386 2140 1520 2194 prima

158 2204 395 2244 sacerdotes
439 2218 533 2245 cum
579 2205 720 2246 infulis
765 2205 817 2245 ad
857 2206 1003 2246 urbem
1048 2203 1280 2244 dedendam
1322 2202 1518 2257 Philippo

159 2272 336 2306 nnttunt.

243 2326 416 2369 XVIII.
464 2328 578 2368 Ante
604 2328 854 2369 deditionem
882 2343 933 2368 eX
957 2328 1006 2368 iis
1032 2327 1200 2382 legatis,
1239 2327 1309 2380 qui
1333 2327 1520 2368 Alexan·
1546 2341 1556 2369 1

159 2388 300 2428 dream
325 2389 443 2429 missi
469 2398 598 2437 erant,
624 2390 686 2430 M.
708 2390 914 2430 Aemilius
942 2390 1065 2430 trium
1091 2404 1297 2430 consensu
1322 2389 1517 2429 minimus

158 2459 258 2490 natu
290 2451 430 2491 audita
460 2451 674 2492 obsidione
700 2453 1003 2505 Abydenorum
1033 2452 1085 2492 ad
1117 2451 1361 2506 Philippum
1391 2452 1516 2492 venit.

158 2512 228 2565 qui
255 2521 425 2572 questus
452 2514 596 2554 Attalo
621 2513 881 2567 Rhodiisque
914 2530 1028 2554 arma
1058 2513 1186 2554 inlata
1217 2522 1257 2555 et
1288 2513 1399 2566 quod
1430 2521 1517 2554 tum
1543 2528 1561 2556 -2

158 2575 338 2615 maxime
374 2575 576 2629 Abydum
619 2576 899 2630 obpugnaret,
950 2590 1043 2616 cum
1085 2591 1159 2616 rex
1201 2576 1253 2616 ab
1290 2575 1435 2616 Attalo
1478 2582 1519 2616 et

175 2636 334 2678 {hodiis
361 2637 468 2678 ultro
493 2652 537 2678 se
562 2637 671 2679 bello
696 2638 937 2679 lacessitum
963 2638 1136 2687 diceret,
1177 2644 1293 2678 ‘num
1319 2637 1516 2692 Abydeni

1544 1408 1561 1435 ΝΙ
