1799 2900
240 172 323 215 256
523 180 676 214 LJBER
700 178 884 222 XXXVI,
909 179 964 215 43.
984 179 1037 214 44.
1067 182 1164 224 [a.u.
1179 191 1208 215 ο.
1223 180 1305 224 563]

177 298 215 329 13
241 285 327 326 diit.
387 283 482 325 inde
508 291 674 324 centum
701 282 879 336 quinque
905 282 1023 324 tectis
1049 284 1246 332 navibus,
1284 282 1436 338 apertis
1468 282 1598 324 ferme

241 346 540 401 quinquaginta
564 346 757 400 profecti,
784 345 916 400 primo
943 345 1203 398 aquilonibus
1230 345 1478 386 transversis
1505 359 1597 385 cum

240 417 486 463 urgerentur
511 407 554 448 in
580 415 749 456 terram,
789 408 1044 461 cogebantur
1069 407 1181 448 tenui
1211 407 1376 461 agmine
1401 423 1530 462 prope
1555 408 1596 448 in

240 471 426 512 ordinem
457 470 645 524 singulae
682 485 810 510 naves
847 469 924 518 ire;
969 469 1116 510 deinde
1153 477 1197 510 ut
1229 470 1355 510 lenita
1384 470 1598 524 paululum

240 533 301 574 vis
329 532 440 573 venti
466 541 547 581 est,
580 533 633 573 ad
660 531 870 586 Corycum
896 540 1078 587 portum,
1111 532 1181 585 qui
1207 547 1330 587 super
1358 531 1598 574 Cissuntem

240 603 320 644 est,
348 595 484 635 conati
511 602 606 635 sunt
631 595 818 635 traicere.

197 677 212 706 1
324 656 626 697 XXXXHH.
652 656 948 710 Polyxenidas,
965 664 1007 696 ut
1022 656 1353 710 adpropinquare
1374 657 1505 698 hostis
1527 657 1599 698 ad-

238 720 367 760 latum
393 728 473 769 cst,
501 719 718 760 occasione
744 719 958 774 pugnandi
978 718 1110 759 laetus
1131 718 1343 759 sinistrum
1362 719 1451 773 ipsc
1472 733 1599 760 cornu

239 781 281 822 in
306 782 434 822 altum
461 781 665 830 extendit,
705 781 898 822 dextrum
929 795 1056 821 cornu
1087 780 1320 835 praefectos
1352 781 1521 821 navium
1547 781 1600 822 ad

241 852 391 884 terram
417 844 623 898 explicare
654 844 786 892 iubet,
825 852 865 884 et
896 858 1027 896 aequa
1057 843 1192 883 fronte
1218 843 1271 883 ad
1296 857 1480 897 pugnam
1505 858 1600 897 pro-

195 925 213 953 2
240 906 425 947 cedebat.
475 906 586 959 quod
611 906 681 946 ubi
707 906 808 946 vidit
832 906 1068 954 Romanus,
1101 904 1194 945 vela
1219 905 1423 945 contrahit
1447 905 1600 946 malos-

240 983 318 1021 que
350 968 538 1017 inclinat,
578 975 618 1009 et
651 969 772 1009 simul
804 974 1061 1008 armamenta
1099 982 1351 1022 componens
1389 967 1600 1022 opperitur

195 1049 213 1078 3
239 1030 494 1083 insequentis
532 1030 664 1071 navis.
729 1031 811 1070 iam
848 1030 977 1071 ferme
1013 1029 1183 1083 triginta
1219 1029 1260 1069 in
1297 1029 1432 1070 fronte
1470 1037 1599 1078 erant,

240 1093 388 1146 quibus
415 1100 458 1134 ut
485 1101 681 1146 aequaret
704 1093 869 1134 laevum
890 1107 1036 1141 cornu,
1063 1091 1282 1133 dolonibus
1304 1092 1450 1133 erectis
1472 1091 1600 1132 altum

241 1163 380 1209 petere
406 1155 600 1204 intendit,
632 1155 756 1196 iussis
783 1155 853 1208 qui
879 1155 1159 1208 sequebantur
1184 1154 1383 1195 adversus
1410 1154 1600 1195 dextrum

194 1233 215 1262 4
241 1231 367 1257 cornu
403 1232 531 1271 prope
569 1225 719 1257 terram
756 1232 898 1271 proras
938 1216 1138 1270 derigere.
1195 1218 1410 1258 Eumenes
1449 1230 1598 1269 agmen

241 1278 429 1332 cogebat.
491 1288 673 1319 ceterum
710 1288 754 1319 ut
791 1279 1004 1319 demendis
1047 1278 1314 1318 armamentis
1360 1276 1599 1317 tumultuari

240 1340 419 1395 primum
452 1349 643 1395 coeptum
675 1348 755 1390 est,
794 1349 833 1381 et
865 1340 953 1394 ipsc
985 1347 1138 1392 quanta
1174 1339 1355 1379 maxima
1391 1339 1599 1379 celeritate

196 1421 214 1449 5
240 1408 378 1456 potest
409 1402 587 1444 concitat
617 1418 759 1443 naves.
821 1403 903 1443 iam
933 1402 1123 1443 omnibus
1158 1402 1200 1441 in
1233 1409 1459 1456 conspectu
1484 1409 1600 1442 erant

241 1464 346 1504 duae
371 1465 555 1506 Punicae
580 1481 708 1506 naves
724 1490 757 1493 —
778 1465 1077 1506 antecedebant
1102 1464 1336 1505 Romanam
1362 1463 1540 1504 classem
1554 1489 1598 1513 —,

196 1543 213 1572 (3
241 1527 389 1579 quibus
416 1527 563 1568 obviae
589 1536 671 1568 tres
698 1527 865 1568 fuerunt
889 1527 1028 1581 regiae
1053 1541 1195 1566 naves.
1240 1532 1279 1566 et
1304 1532 1347 1565 ut
1368 1525 1409 1565 in
1428 1541 1599 1567 numero

239 1588 390 1642 inpari,
436 1588 540 1629 duae
572 1589 711 1643 regiae
743 1604 868 1629 unam
899 1587 1225 1636 circumsistunt,
1263 1594 1303 1627 ct
1332 1587 1512 1642 primum
1548 1589 1600 1628 ab

240 1656 414 1702 utroque
440 1649 567 1690 latere
592 1666 728 1691 remos
755 1650 994 1704 detergunt,
1033 1649 1182 1690 deinde
1215 1649 1512 1690 transcendunt
1537 1665 1601 1690 ar-

238 1711 339 1751 mati
360 1719 399 1752 et
421 1711 589 1752 deiectis
612 1712 827 1765 caesisque
847 1712 1225 1766 propugnatoribus
1248 1726 1397 1751 navem
1420 1711 1599 1766 capiunt.

196 1790 212 1819 7
239 1788 339 1823 una,
373 1788 478 1827 quae
505 1774 687 1830 compari
711 1775 850 1815 Marte
876 1782 1158 1822 concurrerat,
1189 1782 1411 1828 postquam
1438 1780 1601 1828 captam

239 1836 411 1877 alteram
436 1852 587 1878 navem
613 1837 733 1886 vidit,
769 1837 1011 1892 priusquam
1043 1838 1095 1877 ab
1122 1836 1252 1877 tribus
1280 1836 1402 1876 simul
1428 1836 1601 1877 circum-

195 1913 214 1942 8
241 1898 466 1948 veniretur,
498 1908 607 1940 retro
634 1899 687 1940 ad
712 1899 889 1940 classem
914 1898 1080 1953 refugit.
1141 1898 1290 1938 Livius
1316 1897 1600 1952 indignatione

239 1974 437 2001 accensus
464 1961 670 2015 praetoria
695 1976 800 2001 nave
826 1960 867 2000 in
892 1960 1034 2001 hostes
1062 1959 1204 2000 tendit.
1249 1959 1449 2000 adversus
1476 1973 1599 2012 quam

240 2022 386 2063 eadem
424 2038 497 2077 spe
535 2023 658 2072 duae,
698 2038 803 2076 quae
834 2022 1039 2063 Punicam
1076 2037 1202 2062 unam
1238 2035 1389 2061 navem
1427 2021 1600 2061 circum-

239 2092 456 2133 venerant,
484 2099 577 2125 cum
602 2085 871 2132 inferrentur,
900 2084 1115 2124 demittere
1141 2098 1277 2123 remos
1303 2082 1346 2122 in
1372 2097 1522 2135 aquam
1548 2083 1600 2123 ab

239 2154 412 2199 utroque
444 2147 571 2188 latere
601 2147 781 2201 remiges
815 2146 1087 2187 stabiliendae
1118 2145 1236 2185 navis
1263 2158 1390 2185 causa
1414 2144 1536 2185 iussit
1560 2152 1602 2186 et

196 2224 213 2253 9
240 2207 281 2247 in
312 2208 570 2250 advenientis
608 2209 790 2250 hostium
827 2223 956 2249 naves
988 2208 1143 2248 ferreas
1177 2222 1324 2247 manus
1362 2206 1514 2247 inicere
1546 2213 1599 2255 et,

241 2270 310 2310 ubi
340 2286 524 2325 pugnam
555 2271 738 2325 pedestri
770 2270 946 2311 similem
983 2269 1200 2318 fecissent,
1244 2268 1484 2310 meminisse
1514 2268 1601 2309 Ro-

240 2347 387 2373 manae
413 2333 571 2373 virtutis
598 2348 674 2374 nce
698 2348 773 2388 pro
799 2332 896 2373 viris
923 2332 1073 2372 ducere
1097 2331 1212 2385 regia
1232 2330 1449 2385 mancipia.
1489 2330 1600 2371 haud

241 2394 362 2448 paulo
401 2395 561 2435 facilius
600 2410 724 2448 quam
767 2402 861 2435 ante
900 2395 1005 2434 (luae
1048 2409 1192 2441 unam,
1243 2400 1340 2434 tunc
1376 2408 1459 2432 una
1496 2392 1598 2432 duas

177 2470 216 2498 10
241 2470 367 2496 naves
395 2457 648 2511 expugnavit
676 2457 880 2511 cepitque.
936 2463 974 2496 et
1001 2455 1081 2495 iam
1110 2456 1265 2496 classes
1293 2469 1456 2508 quoque
1481 2453 1599 2494 undi-

241 2531 319 2568 que
352 2527 661 2568 concurrerant,
701 2527 741 2559 et
778 2519 935 2574 passim
971 2517 1186 2572 permixtis
1224 2517 1400 2557 navibus
1438 2531 1598 2571 pugna-

178 2593 214 2622 11
241 2578 373 2618 batur.
446 2580 677 2628 Eumenes,
727 2581 797 2633 qui
844 2588 1052 2621 extremus
1103 2579 1325 2620 commisso
1376 2577 1597 2618 certamine

241 2639 487 2687 advenerat,
532 2649 574 2681 ut
612 2641 902 2682 animadvertit
945 2642 1110 2681 laevum
1152 2655 1277 2681 cornu
1320 2638 1501 2679 hostium
1543 2636 1595 2677 ab
