1799 2900
195 405 213 434 6

196 650 211 678 7

193 775 212 805 8

195 899 212 928 9

175 1023 214 1051 10

198 1330 216 1359 10

199 1450 217 1479 20

197 1824 215 1851 ἱ)

199 1947 216 1976 6

200 2070 217 2098 7

245 155 323 197 102
476 160 630 195 [ABER
656 158 841 202 xxxm,
867 158 990 192 2223.
1018 160 1066 202 [a.
1081 170 1114 192 u.
1130 169 1159 192 c.
1173 158 1250 192 557.
1265 158 1346 201 553]

239 282 305 307 res
331 272 466 306 tantas
493 262 601 303 bello
627 260 810 316 gessisse
835 260 884 302 C.
902 259 1145 302 Cornelium
1169 261 1302 310 fateri,
1328 268 1372 301 ut
1398 276 1479 302 non
1505 276 1591 301 ma-

239 329 302 382 gis
330 327 380 366 de
411 324 620 377 triumpho
652 323 739 364 eius
772 337 896 375 quam
928 323 978 363 de
1010 322 1164 363 honore
1196 323 1272 363 diis
1304 323 1590 364 inmortalibus

240 388 429 430 habendo
456 386 635 426 dubitari
659 385 810 440 possit:
836 400 919 425 non
945 392 1084 425 tamen
1108 399 1184 425 nee
1208 385 1323 425 illum
1349 399 1424 426 nec
1450 400 1592 438 quem-

239 466 361 504 quam
393 449 520 489 alium
551 447 684 488 civem
715 455 874 487 tantum
905 446 1038 500 gratia
1068 454 1191 499 atque
1217 446 1364 500 opibus
1397 447 1590 496 valuisse,

238 520 300 560 ut,
341 525 435 551 cum
466 510 544 550 sibi
580 508 772 549 meritum
803 508 1055 562 triumphum
1086 508 1369 562 impetrasset,
1407 509 1592 563 collegae

239 574 417 615 cundem
460 572 661 613 honorem
703 570 938 611 inmeritum
980 571 1228 625 inpudenter
1270 571 1426 625 petenti
1463 571 1590 611 daret.

238 635 291 688 Q.
319 634 553 675 Minucium
578 634 619 672 in
634 633 862 687 Liguribus
889 632 997 672 levia
1021 632 1195 686 proelia,
1223 633 1292 672 vix
1317 632 1443 686 digna
1468 632 1591 680 dicul,

238 697 408 744 fecisse,
446 695 489 735 in
522 694 660 735 Gallia
698 709 897 747 maguum
933 708 1151 733 numerum
1180 693 1357 732 militum
1389 693 1591 734 amisisse.

239 757 509 799 nominabant
539 757 665 796 etiam
696 756 882 796 tribunos
917 755 1111 803 militum,
1140 755 1190 795 T.
1222 755 1478 803 Iuventium,
1513 755 1594 795 Cn.

239 819 461 874 Ligurium
498 817 673 872 legionis
707 824 896 870 quartae:
935 817 1111 856 adversa
1145 831 1287 871 pugna
1323 830 1417 856 eum
1451 816 1593 856 multis

241 881 331 921 aliis
364 880 462 921 viris
489 880 686 927 fortibus,
718 879 877 919 civibus
905 892 951 918 ac
978 878 1119 927 sociis,
1147 878 1360 919 cecidisse.
1421 878 1594 932 oppido-

238 938 329 983 rum
354 956 581 997 paucorum
612 956 660 981 ae
686 941 870 981 vicorum
902 941 1029 980 falsas
1057 948 1097 980 et
1122 940 1164 980 in
1189 947 1353 994 tempus
1380 939 1594 980 simulatas

241 1005 327 1045 sine
354 1005 436 1045 ullo
468 1004 641 1058 pignore
674 1003 904 1044 deditiones
938 1003 1070 1043 factas
1098 1017 1203 1046 esse.
1264 1002 1341 1042 hae
1368 1002 1473 1043 inter
1499 1016 1596 1042 con-

241 1067 350 1108 sules
374 1068 643 1119 tribunosque
664 1065 952 1106 altercationes
973 1065 1146 1105 biduum
1166 1071 1400 1112 tenuerunt,
1416 1064 1595 1116 victique

241 1128 552 1183 perseverantia
582 1127 842 1167 tribunorum
873 1127 1064 1167 consules
1093 1126 1314 1181 separatim
1339 1126 1594 1166 rettulerunt.

327 1190 508 1230 XXIII.
559 1188 609 1229 C.
638 1188 835 1229 Cornelio
862 1188 1045 1228 omnium
1071 1202 1278 1228 consensu
1310 1188 1498 1228 decretus
1526 1187 1596 1226 tri-

243 1251 436 1306 umphus.
469 1258 509 1290 et
532 1249 765 1290 Placentini
793 1248 1181 1301 Cremonensesque
1209 1249 1455 1289 addiderunt
1480 1248 1596 1289 favo-

242 1329 327 1354 rem
345 1313 503 1353 consuli
522 1313 676 1367 gratias
698 1320 869 1366 agentes
885 1319 1351 1363 commemorantcsquc‚
1379 1310 1594 1351 obsidione

245 1390 336 1415 sese
374 1375 425 1415 ab
464 1389 512 1414 eo
544 1374 759 1421 liberatos,
796 1373 981 1427 plerique
1014 1373 1156 1421 etiam,
1194 1387 1287 1412 cum
1319 1382 1418 1426 aput,
1454 1372 1594 1413 hostes

244 1443 401 1484 essent,
442 1435 638 1476 servitute
665 1443 894 1489 exemptos.
956 1433 1010 1485 Q.
1036 1434 1247 1473 Elinucius
1280 1441 1480 1487 temptata
1506 1441 1596 1474 tan-

241 1506 330 1538 tum
355 1498 565 1545 relatione,
593 1511 685 1536 cum
710 1496 930 1536 adversum
951 1510 1116 1535 0111110111
1143 1503 1330 1535 senatum
1357 1494 1528 1543 videret,
1554 1494 1596 1534 in

242 1567 381 1599 monte
396 1559 563 1598 Albano
584 1572 629 1598 se
654 1557 1000 1610 triumphaturum
1021 1564 1061 1596 et
1085 1557 1171 1596 iure
1196 1556 1343 1609 imperi
1368 1555 1595 1596 consularis

244 1629 284 1661 et
308 1620 532 1661 multorum
557 1619 762 1660 clarorum
789 1618 969 1658 virorum
995 1617 1185 1672 exemplo
1211 1617 1325 1657 dixit.
1371 1616 1421 1658 C.
1439 1615 1598 1657 Corne-

242 1683 321 1722 lius
354 1683 404 1722 de
435 1681 684 1722 Insubribus
719 1679 1056 1732 Cenomanisque
1094 1680 1137 1719 in
1171 1679 1419 1733 magistratu
1456 1679 1598 1719 trium-

243 1744 400 1799 phavit.
461 1744 592 1784 multa
619 1744 738 1797 signa
764 1742 957 1782 militaria
982 1741 1091 1789 tulit,
1123 1742 1251 1781 inulta
1279 1740 1441 1782 Gallica
1467 1741 1599 1795 spolia

243 1806 416 1859 captivis
455 1805 661 1860 carpentis
698 1804 948 1852 transvexit,
996 1803 1115 1843 multi
1157 1803 1316 1844 nobiles
1356 1802 1468 1843 Galli
1504 1810 1598 1842 ante

244 1883 407 1908 currum
451 1868 581 1916 ducti,
631 1868 736 1907 inter
773 1881 876 1919 quos
919 1866 1087 1918 quidam
1123 1865 1408 1905 Hamilcarem
1451 1865 1597 1905 ducem

242 1930 480 1970 Poenorum
517 1929 647 1970 fuisse
685 1936 873 1969 auctores
912 1934 1020 1968 sunt.
1081 1934 1264 1967 ceterum
1301 1927 1435 1979 magis
1473 1926 1515 1965 in
1553 1940 1598 1965 se

244 1992 447 2032 convertit
477 1992 618 2032 oeulos
652 1989 997 2031 Cremonensium
1033 1989 1450 2041 Placentinorumque
1489 1987 1599 2027 colo-

243 2069 390 2094 norum
415 2054 534 2094 turba
565 2053 825 2108 pilleatorum
852 2066 1015 2091 currum
1041 2051 1313 2104 sequentium.
1375 2049 1480 2090 aeris
1507 2048 1600 2089 tulit

243 2117 285 2156 in
321 2117 528 2171 triumpho
565 2116 742 2156 ducenta
786 2114 954 2168 triginta
991 2120 1150 2167 septem
1187 2113 1298 2153 inilia
1335 2111 1596 2166 quingentos,

246 2179 406 2231 argenti
429 2177 560 2231 bigati
584 2175 908 2230 undeoctoginta
933 2175 1057 2215 milia.
1120 2173 1365 2228 septuageni
1391 2173 1497 2213 aeris
1522 2172 1599 2212 mi-

246 2239 386 2279 litibus
413 2239 554 2287 divisi,
588 2238 742 2293 duplex
767 2237 895 2290 equiti
921 2236 1245 2289 centurionique.
1306 2234 1359 2286 Q.
1387 2234 1598 2275 Minucius

247 2301 390 2341 consul
416 2301 466 2341 de
491 2301 721 2355 Liguribus
742 2300 927 2351 Boisque
950 2297 1082 2338 Gallis
1108 2299 1150 2337 in
1175 2304 1314 2338 monte
1335 2297 1504 2337 Albano
1529 2295 1599 2335 tri-

245 2362 473 2416 umphavit.
510 2362 544 2403 is
571 2362 803 2416 triumphus
829 2370 873 2400 ut
903 2360 993 2401 1000
1019 2368 1059 2399 et
1090 2360 1202 2400 fama
1225 2374 1362 2399 rerum
1388 2365 1598 2412 gestarum

247 2432 285 2463 et
313 2425 423 2476 quod
454 2433 664 2478 sumptum
694 2439 776 2464 non
809 2432 1022 2476 erogatum
1055 2437 1106 2462 ex
1138 2421 1294 2462 aerario
1321 2435 1464 2461 01111103
1496 2419 1599 2461 scie-

248 2484 348 2523 bant
377 2485 659 2526 inhonoratior
690 2486 785 2534 fuit,
823 2485 880 2524 ita
912 2484 1041 2537 signis
1074 2483 1362 2538 carpentisque
1394 2489 1434 2522 et
1471 2481 1597 2535 spolis

205 2558 223 2589 9
250 2545 378 2585 ferme
405 2548 621 2599 aequabat.
681 2547 882 2601 pecuniae
908 2546 1030 2586 etiam
1056 2560 1184 2600 prope
1208 2560 1283 2600 par
1309 2559 1471 2584 summa
1501 2542 1596 2583 fuit:

249 2606 353 2646 acris
380 2608 526 2648 tralata
551 2608 728 2648 ducenta
753 2607 1052 2661 quinquaginta
1071 2614 1263 2659 quattuor
1288 2605 1412 2653 milia,
1439 2603 1595 2658 argenti
