1799 2900
482 155 636 190 LIBER
660 155 826 198 XXXX,
851 156 884 190 2.
905 155 936 190 3.
964 157 1012 199 [a.
1028 153 1162 200 c.182]
1415 142 1500 186 425

145 269 210 304 est
238 267 401 316 raptam
433 258 525 300 tulit
555 266 596 300 et
624 258 667 299 in
696 259 866 314 posticis
898 259 1122 314 parietibus
1156 257 1322 300 Cereris
1355 256 1498 312 templi

146 322 308 371 adfixit,
342 321 462 376 signa
487 320 568 362 alia
591 320 634 360 in
660 320 767 362 circo
792 321 974 362 maximo
1000 335 1095 361 cum
1120 320 1322 362 columnis
1348 320 1497 374 quibus

146 384 440 439 superstabant
464 382 628 431 evertit,
660 382 829 437 fastigia
854 383 1010 436 aliquot
1035 383 1282 438 templorum
1308 398 1331 423 a
1356 382 1499 423 culmi-
1524 395 1542 425 3

144 446 266 487 nibus
288 446 462 500 abrupta
482 444 603 486 foede
623 444 852 499 dissipavit.
889 444 1027 498 itaque
1051 445 1095 485 in
1119 444 1355 499 prodigium
1379 459 1501 485 versa

145 522 195 549 ea
219 514 464 562 tempestas,
500 506 794 562 procurarique
824 506 1065 561 haruspices
1091 506 1312 548 iusserunt.
1378 506 1499 548 simul
1524 518 1544 547 4

143 576 410 625 procuratum
436 576 511 618 est,
538 568 650 621 quod
674 568 875 623 tripedem
900 569 1058 609 mulum
1079 568 1211 610 Reate
1231 577 1375 610 natum
1394 583 1500 609 nun-

144 631 290 672 tiatum
316 638 404 672 erat
428 638 468 671 et
494 630 708 672 aFormiis
736 630 880 671 aedem
894 631 1104 685 Apollinis
1121 630 1291 672 Caietae
1312 631 1362 672 de
1384 631 1498 672 caelo

146 700 311 734 tactam.
372 693 425 733 ob
451 707 500 733 ea
524 692 714 747 prodigia
739 692 885 747 viginti
920 692 1066 733 hostiis
1092 692 1317 734 maioribus
1344 693 1499 735 sacrifi-

146 763 284 796 catum
309 762 373 795 est
397 762 437 795 et
464 754 573 795 diem
597 769 724 794 unum
752 754 997 809 supplicatio
1023 754 1112 795 fuit.

229 817 312 857 Per
344 831 415 857 eos
448 816 536 857 dies
569 831 621 857 ex
650 816 796 857 litteris
821 817 877 857 A.
903 816 1087 857 Terentii
1118 817 1397 872 propraetoris
1431 831 1498 858 co-

143 878 322 933 gnitum,
348 878 398 919 P.
428 876 721 933 Sempronium
751 878 793 918 in
824 877 1017 919 ulteriore
1047 878 1261 933 provincia
1287 893 1379 919 cum
1404 879 1497 934 plus

143 955 299 981 annum
325 955 449 995 aeger
474 940 623 980 fuisset
648 948 856 981 mortuum
883 955 989 981 esse.
1051 955 1100 982 eo
1125 941 1326 982 maturius
1352 941 1394 983 in
1419 941 1498 981 Hi-

145 1003 332 1057 spaniam
359 1010 570 1056 praetores
596 1002 698 1043 iussi
723 1002 941 1057 proficisci.

227 1066 483 1120 Legationes
535 1066 683 1106 deinde
734 1065 1032 1106 transmarinae
1080 1064 1337 1106 introductae
1387 1074 1495 1115 sunt,
1522 1077 1540 1106 6

141 1128 274 1183 prima
298 1127 500 1168 Eumenis
534 1136 573 1168 et
603 1127 832 1167 Pharnacis
865 1142 1010 1181 regum
1043 1134 1081 1167 et
1106 1127 1366 1168 Rhodiorum
1397 1143 1496 1181 que-

141 1189 318 1230 rentium
349 1189 399 1229 de
427 1188 723 1243 Sinopensium
754 1188 884 1228 clade.
943 1188 1129 1243 Philippi
1160 1203 1324 1241 quoque
1356 1189 1496 1244 legati,

139 1251 407 1291 Achaeorum
433 1250 918 1291 etLacedaemoniorum
945 1251 1021 1290 sub
1047 1250 1157 1290 idem
1182 1257 1345 1305 tempus
1374 1266 1498 1292 vene-

139 1321 247 1353 runt.
306 1313 356 1353 iis
386 1312 499 1367 prius
525 1312 688 1352 Marcio
715 1312 873 1361 audito,
907 1312 976 1365 qui
1002 1312 1054 1352 ad
1079 1327 1144 1352 res
1173 1311 1375 1354 Graeciae
1402 1313 1498 1355 Ma-

140 1375 418 1427 cedoniaeque
455 1374 649 1414 visendas
687 1373 840 1414 missus
879 1382 983 1423 erat,
1020 1389 1224 1429 responsa
1260 1375 1356 1416 data
1387 1384 1495 1417 sunt.

139 1436 270 1477 Asiae
295 1436 463 1491 regibus
489 1450 538 1476 ac
562 1435 738 1477 Rhodiis
764 1451 1013 1490 responsum
1039 1444 1121 1486 est,
1152 1436 1313 1491 legatos
1340 1438 1393 1478 ad
1425 1453 1494 1479 eas
1521 1448 1540 1477 8

139 1513 204 1540 res
232 1498 426 1539 visendas
454 1505 643 1538 senatum
668 1497 907 1538 missurum.

224 1560 306 1600 HL
354 1559 424 1600 De
454 1559 649 1614 Philippo
681 1566 853 1600 auxerat
889 1573 1030 1599 curam
1060 1559 1247 1600 RIarcius
1258 1577 1268 1609 3
1306 1575 1403 1601 narn
1438 1560 1495 1602 ita
1527 1575 1538 1602 1

139 1621 290 1663 fecisse
316 1636 410 1662 eum
442 1636 546 1674 quae
572 1621 733 1662 senatui
760 1621 1014 1675 placuissent
1029 1621 1264 1671 fatebatur,
1302 1630 1347 1663 ut
1376 1623 1496 1665 facile

140 1683 370 1738 adpareret,
385 1698 468 1724 non
483 1683 636 1723 diutius
652 1697 776 1736 quam
790 1697 962 1724 necesse
978 1692 1088 1724 esset
1103 1684 1321 1725 facturum.
1360 1700 1494 1738 neque
1520 1697 1538 1725 ⁴2

140 1745 363 1786 obscurum
389 1753 477 1785 erat
501 1745 814 1794 rebellatur-um,
852 1744 1072 1798 omniaque
1099 1759 1203 1798 quae
1230 1753 1327 1786 tunc
1352 1754 1495 1801 ageret

140 1806 376 1860 diceretque
403 1821 450 1847 eo
474 1814 674 1861 spectare.
710 1806 791 1847 iam
817 1806 996 1861 primum
1016 1821 1181 1848 omnem
1207 1807 1292 1848 fere
1312 1808 1496 1848 multitu-
1521 1821 1540 1850 3

139 1868 277 1909 dinem
297 1868 449 1909 civium
469 1883 520 1909 ex
540 1868 754 1909 maritimis
778 1868 1012 1909 civitatibus
1033 1883 1126 1909 cum
1151 1869 1318 1909 familiis
1342 1870 1427 1911 suis
1452 1870 1495 1911 in

140 1931 376 1971 Emathiam
403 1946 508 1984 quae
533 1945 643 1971 nunc
669 1931 829 1979 dicitur,
856 1931 1064 1984 quondam
1088 1932 1295 1986 adpellata
1307 1933 1494 1974 Paeonia

139 2001 213 2042 est,
242 1994 422 2034 traduxit
436 1993 752 2046 Thracibusque
779 2001 819 2034 et
844 1993 934 2034 aliis
962 1993 1148 2034 barbaris
1174 1995 1298 2035 urbes
1326 1995 1493 2035 tradidit
1518 2007 1537 2036 4

138 2055 405 2105 habitandas,
443 2056 590 2096 fidiora
619 2056 723 2096 haec
753 2071 908 2110 genera
940 2055 1153 2096 hominum
1185 2057 1272 2097 fore
1303 2065 1416 2098 ratus
1451 2057 1493 2097 in

137 2118 329 2159 Romano
354 2118 476 2159 bello.
525 2118 738 2173 ingentem
763 2133 812 2159 ea
835 2133 901 2158 res
933 2119 1144 2158 fremitum
1174 2118 1216 2158 in
1241 2119 1494 2160 Macedonia
1519 2131 1538 2161 5

139 2187 224 2221 tota
250 2181 365 2229 fecit,
398 2180 760 2233 relinquentesque
792 2188 963 2235 penates
997 2196 1093 2221 suos
1127 2195 1220 2221 cum
1246 2182 1491 2236 coniugibus

138 2255 187 2282 ac
212 2241 350 2282 liberis
377 2242 498 2296 pauci
524 2242 695 2282 tacitum
721 2242 905 2282 dolorem
931 2242 1216 2291 continebant,
1243 2243 1494 2284 exsecratio-

137 2318 295 2356 nesque
325 2304 367 2343 in
401 2304 635 2358 agminibus
667 2303 1016 2358 proficiscentium
1048 2304 1090 2344 in
1124 2319 1268 2358 regem
1303 2305 1493 2346 vincente

137 2365 233 2406 odio
270 2372 427 2405 metum
464 2365 805 2405 exaudiebantur.
878 2365 942 2405 his
986 2365 1104 2405 ferox
1146 2366 1307 2407 animus
1346 2382 1489 2408 omnes
1516 2380 1534 2410 6

136 2427 346 2476 homines,
373 2427 512 2467 omnia
536 2428 628 2467 loca
653 2434 920 2482 temporaque
948 2436 1141 2482 suspecta
1166 2428 1358 2469 habebat.
1418 2444 1492 2484 po·
1517 2443 1534 2471 7

137 2498 291 2531 stremo
316 2504 469 2543 negare
491 2488 704 2543 propalam
724 2488 871 2543 coepit,
899 2489 998 2529 satis
1020 2496 1151 2529 tutum
1173 2490 1251 2530 sibi
1271 2491 1492 2543 quicquam

137 2566 243 2600 esse,
270 2550 350 2591 nisi
374 2550 527 2591 liberos
559 2565 703 2591 eorum
728 2565 831 2603 quos
863 2550 1141 2592 interfecisset
1166 2552 1488 2607 comprehensos

135 2613 177 2653 in
204 2612 393 2654 custodia
418 2613 589 2654 haberet
614 2619 654 2653 et
678 2619 863 2667 tempore
890 2613 1014 2653 alium
1040 2613 1120 2656 alio
1146 2613 1318 2655 tolleret.

1524 827 1543 857 01

1525 1200 1540 1228 *1
