1799 2900
278 70 360 111 416
526 77 677 111 LIBER
702 76 946 121 XXXVIIII,
971 77 1027 111 48.
1046 77 1100 111 49.
1128 80 1175 121 [a.
1191 90 1226 112 u.
1245 89 1274 112 e.
1288 78 1370 122 571]

233 196 252 225 -2
362 179 686 221 Lacedaemonii
712 179 860 220 deinde
885 179 1108 221 introducti
1133 188 1240 222 sunt.
1294 181 1448 222 multae
1474 189 1515 222 et
1538 196 1630 236 par-

278 243 396 284 vulae
429 241 750 296 disceptationes
781 241 1057 291 iactabantur3
1096 242 1170 283 sed
1202 257 1305 296 quae
1336 243 1515 284 maxime
1545 258 1632 284 rem

278 304 532 345 continerent
559 312 688 352 erant,
714 310 851 343 utrum
876 303 1189 345 restituerentur
1216 319 1317 357 quos
1332 305 1493 346 Achaei
1519 305 1632 345 dam-

234 382 252 411 3
278 372 477 406 naver-ant
514 378 589 405 nee
625 379 696 413 ne,
733 364 872 417 inique
910 379 963 404 an
994 365 1080 406 iure
1111 366 1361 407 occidissent
1391 381 1494 420 quos
1526 366 1633 408 occi-

279 429 436 469 derant.
497 427 734 467 vertebatur
759 434 817 474 et,
854 434 993 467 utrum
1018 436 1232 468 manerent
1257 428 1299 468 in
1323 429 1511 470 Achaico
1537 443 1634 469 con-

277 491 369 531 eilio
384 488 710 530 Lacedaemonii
730 503 796 537 an,
821 496 866 528 ut
886 495 980 529 ante
1001 489 1153 538 fuerat,
1181 499 1384 531 secretum
1405 491 1492 531 eius
1512 490 1633 531 unius

233 566 252 593 4
277 553 317 593 in
332 552 624 606 Peloponneso
645 550 823 590 civitatis
842 550 905 590 ius
932 558 1056 591 esset.
1091 551 1253 592 restitui
1272 551 1503 606 iudiciaque
1524 553 1635 593 facta

277 615 363 657 tolli
388 615 560 670 placuit,
598 614 962 654 Lacedaemonem
992 628 1158 655 manere
1182 614 1225 654 in
1248 613 1435 655 Achaico
1461 614 1634 655 concilio

279 678 484 730 scribique
515 676 558 716 id
588 676 798 717 decretum
830 682 872 716 et
902 675 1138 729 consignari
1169 691 1193 717 a
1216 675 1563 717 Lacedaemoniis
1596 685 1636 717 et

277 739 477 781 Achaeis.

233 813 251 841 5
362 801 552 855 Legatus
578 799 620 839 in
644 798 939 840 Macedoniam
963 797 1017 850 Q.
1043 799 1230 839 Marcius
1257 806 1320 840 est
1344 799 1515 849 missus,
1552 800 1637 840 ius-

279 879 348 904 sus
375 863 484 903 idem
508 862 550 901 in
568 861 861 916 Peloponneso
888 860 1095 901 sociorum
1118 876 1184 901 res
1211 861 1409 915 aspicere.
1457 876 1554 902 nam
1578 861 1635 903 ibi

279 939 442 978 quoque
474 932 511 965 et
546 939 597 964 ex
630 923 837 963 veteribus
871 922 1086 963 discordiis
1117 922 1273 963 residui
1296 930 1432 963 motus
1458 931 1575 964 erant
1599 930 1640 964 et

236 997 252 1026 6
278 986 484 1029 Messenii
516 986 779 1026 desciverant
811 1000 833 1025 a
866 984 1038 1025 coneilio
1063 984 1264 1025 Achaico.
1326 984 1441 1025 euius
1471 985 1569 1026 belli
1599 992 1639 1026 et

279 1064 425 1091 causas
452 1057 491 1090 et
517 1047 704 1089 ordinem
731 1047 764 1087 si
791 1061 1032 1101 expromere
1059 1046 1202 1095 velim,
1228 1046 1428 1088 inmemor
1449 1046 1526 1087 sim
1543 1062 1639 1101 pro-

278 1111 419 1167 positi,
459 1125 539 1163 quo
573 1109 697 1150 statui
729 1124 812 1149 non
843 1109 950 1148 ultra
981 1108 1195 1162 adtingere
1227 1116 1415 1157 externa,
1453 1108 1533 1149 nisi
1557 1123 1638 1162 qua

277 1172 479 1214 Romanis
506 1171 773 1211 cohaererent
798 1171 936 1211 rebus.

237 1245 250 1273 1
363 1231 708 1274 XXXXVIIH.
758 1231 947 1271 Eventus
973 1230 1252 1272 memorabilis
1279 1238 1360 1280 est,
1387 1231 1517 1284 quod,
1545 1245 1637 1272 cum

280 1295 388 1337 bello
417 1294 649 1349 superiores
676 1300 815 1333 essent
841 1292 1021 1341 Achaei,
1054 1292 1356 1347 Philopoemen
1380 1300 1545 1347 praetor
1570 1308 1638 1334 eo-

278 1373 369 1398 rum
396 1357 571 1410 capitur,
606 1355 657 1395 ad
682 1355 1069 1409 praeoccupandam
1096 1353 1309 1403 Coronen,
1347 1370 1471 1408 quam
1495 1355 1637 1397 hostes

279 1419 494 1473 petebant,
535 1415 764 1471 [profectus
791 1424 913 1469 atque
938 1415 1013 1470 ibi]
1041 1416 1083 1456 in
1110 1416 1215 1456 valle
1239 1417 1381 1469 iniqua
1406 1431 1499 1457 cum
1525 1418 1638 1470 equi-

235 1490 253 1519 2
281 1481 388 1521 tibus
416 1479 557 1534 paucis
585 1479 822 1532 obpressus.
861 1478 998 1532 ipsum
1022 1478 1208 1533 potuisse
1229 1479 1413 1533 effugere
1428 1479 1638 1520 Thracum

281 1540 626 1592 Cretensiumque
669 1540 822 1580 auxilio
858 1540 1043 1589 tradunt3
1093 1541 1167 1581 sed
1210 1541 1343 1595 pudor
1379 1541 1638 1595 relinquendi

279 1602 452 1656 equites,
478 1602 759 1643 nobilissimos
786 1602 935 1656 gentis,
964 1603 1015 1643 ab
1040 1602 1131 1657 ipso
1151 1617 1282 1657 nuper
1302 1602 1469 1652 eleetos,
1495 1604 1638 1645 tenuit.

235 1676 253 1705 3
280 1665 428 1718 quibus
455 1665 553 1704 dum
577 1664 714 1705 locum
741 1665 793 1704 ad
818 1665 1056 1705 evadendas
1089 1665 1302 1719 angustias
1337 1666 1524 1720 cogendo
1549 1666 1638 1721 ipse

281 1742 430 1781 agmen
455 1727 638 1781 praebet,
666 1726 875 1767 sustinens
901 1726 1066 1781 inpetus
1092 1727 1286 1776 hostium,
1312 1728 1507 1782 prolapso
1533 1743 1639 1781 equo

279 1798 319 1830 et
351 1804 425 1829 suo
455 1788 545 1844 ipse
577 1803 675 1829 casu
708 1796 748 1829 et
779 1804 902 1830 onere
935 1789 1029 1842 equi
1062 1804 1186 1844 super
1215 1804 1310 1830 eum
1340 1790 1497 1831 ruentis
1528 1790 1640 1831 haud

279 1852 454 1892 multum
480 1851 600 1900 afuit,
633 1851 731 1904 quin
757 1851 1079 1901 exanimaretur,
1113 1852 1376 1906 septuaginta
1401 1867 1531 1893 annos
1556 1852 1638 1892 iam

235 1923 255 1951 4
280 1922 401 1954 natus
428 1920 467 1954 et
493 1913 651 1954 diutino
676 1914 839 1962 morb0‚
866 1928 917 1954 ex
943 1928 1024 1966 quo
1050 1921 1137 1953 tum
1161 1913 1341 1968 primum
1365 1914 1638 1962 reficiebatur,

235 1985 253 2013 ὀ
280 1975 434 2016 viribus
462 1975 685 2016 admodum
711 1975 960 2016 adtenuatis.
1021 1975 1225 2016 iacentem
1256 1975 1397 2017 hostes
1430 1976 1637 2030 superfusi

280 2039 574 2093 obpresserunt
583 2054 593 2087 3
634 2038 925 2092 cognitumque
956 2037 1135 2093 primum
1161 2053 1185 2078 a
1210 2038 1460 2078 verecundia
1483 2052 1639 2079 memo-

280 2099 422 2152 riaque
447 2099 686 2140 meritorum
709 2099 819 2140 haud
839 2114 959 2140 secus
980 2114 1105 2153 quam
1126 2100 1274 2140 ducem
1295 2115 1416 2140 suum
1436 2100 1637 2141 adtollunt

282 2161 552 2214 reficiuntque
573 2169 613 2202 et
633 2176 683 2202 ex
706 2161 813 2202 valle
839 2161 960 2202 devia
985 2162 1028 2202 in
1047 2162 1157 2202 viam
1176 2170 1360 2216 portant,
1386 2162 1456 2202 vix
1476 2162 1640 2203 sibimet

236 2233 254 2262 6
281 2223 361 2277 ipsi
407 2239 505 2278 prae
554 2223 801 2278 necopinato
843 2224 996 2279 gaudio
1040 2225 1274 2273 credentes3
1329 2239 1425 2278 pars
1472 2223 1638 2265 nuntios

280 2285 509 2326 BIessenen
534 2285 822 2339 praemittunt,
849 2286 1100 2327 debellatum
1126 2301 1237 2335 esse,
1267 2286 1638 2340 Philopoemenem

239 2357 254 2385 ῖ
282 2355 447 2401 captum
486 2348 646 2388 adduci.
706 2348 884 2402 primum
925 2349 1028 2389 adeo
1065 2348 1316 2389 incredibilis
1347 2349 1438 2389 visa
1473 2363 1558 2398 res,
1594 2355 1638 2388 ut

280 2423 363 2449 non
389 2425 461 2463 pro
488 2425 593 2451 vano
619 2411 761 2459 modo,
801 2411 874 2451 sed
900 2411 969 2451 vix
994 2426 1068 2465 pro
1096 2426 1196 2452 sano
1221 2411 1388 2451 nuntius
1416 2410 1636 2451 audiretur.
1680 2458 1683 2461 .

282 2469 429 2510 deinde
455 2479 499 2511 ut
525 2487 648 2526 super
674 2472 799 2512 alium
831 2472 934 2513 alius
965 2472 1076 2514 idem
1107 2487 1249 2514 omnes
1277 2473 1540 2513 adfirmantes
1566 2485 1636 2511 ve·-

237 2539 257 2569 8
283 2529 466 2579 aiebant,
493 2534 661 2573 tandem
686 2533 797 2574 facta
820 2534 944 2583 fides3
978 2543 1017 2575 et
1041 2534 1282 2589 priusquam
1308 2533 1635 2589 adpropinquare
