1799 2900
488 151 644 185 LIBER
668 151 878 196 xxxnn,
905 153 935 187 6,
953 153 982 187 7.
1011 155 1059 196 [a.
1077 151 1209 195 e.195]
1444 143 1521 183 131

171 263 269 304 erat,
297 262 464 295 senatus
490 254 597 294 finiri
622 254 778 294 luctum
804 255 971 309 triginta
996 255 1141 295 diebus
1166 253 1299 295 iussit.
1349 254 1414 294 eui
1439 269 1521 294 non

171 318 341 372 adparet
376 315 558 370 inopiam
596 326 636 357 et
671 317 880 357 miseriam
918 317 1095 357 civitatis
1133 323 1174 356 et
1210 315 1308 368 quia
1338 315 1520 356 omnium

169 378 423 433 privatorum
452 377 652 432 pecuniae
684 377 726 417 in
751 393 872 418 usum
902 379 1114 432 publicum
1139 377 1361 418 vertendae
1393 384 1521 424 erant,

170 440 292 480 istam
327 440 463 494 legem
501 439 737 494 scripsisse,
776 450 860 480 tam
898 441 967 480 diu
1004 455 1260 488 mansuram,
1298 454 1422 492 quam
1453 439 1522 478 diu

170 516 295 542 causa
333 501 575 542 scribendae
612 501 717 555 legis
755 501 1002 542 mansisset?
1072 517 1168 542 nam
1205 501 1240 542 si
1277 515 1381 554 quae
1425 508 1522 540 tunc

170 563 366 617 temporis
405 577 531 603 causa
563 570 633 603 aut
663 563 845 603 decrevit
876 571 1044 604 senatus
1077 570 1146 604 aut
1176 563 1354 617 populus
1388 562 1521 610 iussit,

170 625 210 666 in
235 633 480 680 perpetuum
507 624 662 665 servari
687 632 860 679 oportet,
889 640 959 665 cur
983 625 1180 680 pecunias
1205 624 1416 665 reddimus
1441 623 1524 678 pri-

171 688 301 728 vatis?
337 702 408 727 cur
432 687 598 742 publica
622 688 830 741 praesenti
855 687 1031 741 pecunia
1054 687 1265 727 locamus?
1302 700 1373 725 cur
1400 684 1521 733 servi,

171 750 240 803 qui
264 750 458 798 militent,
489 764 573 789 non
599 750 814 790 emuntur?
852 764 922 789 cur
946 749 1097 803 privati
1121 764 1204 789 non
1231 748 1376 788 damus
1402 747 1524 787 remi-

171 827 264 866 ges,
293 811 398 851 sicut
423 820 521 851 tunc
546 811 761 851 dedimus?

254 873 354 915 VH.
394 872 554 913 Omnes
581 873 649 912 alii
669 873 848 921 ordines,
875 886 1017 912 omnes
1044 871 1232 912 homines
1254 869 1524 910 mutationem

171 934 212 973 in
250 934 462 975 meliorem
495 942 648 974 statum
685 934 744 974 rei
774 934 965 988 publicae
1004 932 1202 981 sentient3
1241 933 1293 972 ad
1325 931 1523 986 coniuges

171 1005 329 1036 tantum
365 1004 525 1036 vestras
562 996 675 1049 pacis
715 1004 755 1035 et
791 994 1097 1047 tranquillitatis
1135 994 1326 1048 publicae
1366 994 1524 1033 fructus

171 1072 253 1097 non
278 1057 514 1112 perveniet?
543 1072 725 1111 purpura
750 1056 826 1096 viri
851 1065 1025 1103 utemur,
1051 1055 1300 1109 praetextati
1325 1055 1368 1094 in
1393 1055 1523 1108 magi-

173 1119 387 1167 stratibus,
425 1119 468 1158 in
493 1118 753 1165 sacerdotiis3
791 1117 909 1157 liberi
934 1117 1066 1157 nostri
1090 1116 1315 1171 praetextis
1341 1131 1525 1170 purpura

171 1181 279 1235 togis
304 1188 488 1228 utentur3
521 1179 834 1233 magistratibus
860 1179 902 1218 in
928 1179 1084 1219 colonis
1110 1177 1427 1232 municipisque,
1459 1177 1526 1217 hic

170 1243 329 1282 Romae
355 1241 495 1281 infimo
522 1241 665 1295 generi
690 1240 900 1295 magistris
928 1240 1112 1280 vicorum
1138 1247 1260 1293 togae
1285 1245 1524 1294 praetextae

171 1303 385 1343 habendae
411 1303 474 1343 ius
501 1310 577 1350 est,
604 1317 680 1343 nec
705 1311 749 1342 ut
775 1302 858 1343 vivi
880 1302 1050 1355 (solum)
1072 1301 1253 1341 habeant
1278 1307 1438 1341 tantum
1463 1300 1524 1340 in-

172 1364 307 1418 signe,
347 1364 421 1404 sed
457 1364 581 1404 etiam
612 1371 658 1404 ut
688 1378 782 1404 cum
814 1379 861 1404 co
889 1370 1122 1403 crementur
1152 1362 1321 1403 mortui:
1360 1362 1524 1402 feminis

171 1427 382 1466 dumtaxat
411 1440 617 1480 purpurae
643 1440 721 1466 usu
750 1425 1070 1468 interdicemus?
1108 1432 1167 1474 et,
1205 1438 1300 1464 cum
1331 1423 1404 1464 tibi
1436 1424 1524 1463 viro

171 1488 293 1528 liceat
328 1502 511 1542 purpura
547 1488 589 1527 in
626 1496 741 1528 veste
785 1487 969 1541 stragula
1006 1486 1082 1535 uti,
1127 1494 1301 1527 matrem
1343 1485 1525 1526 familiae

173 1557 285 1590 tuam
320 1564 574 1603 purpureum
611 1549 832 1592 amiculum
864 1549 1016 1589 habere
1052 1563 1135 1589 non
1169 1548 1279 1588 sines
1318 1556 1359 1588 et
1395 1562 1523 1600 equus

172 1618 266 1650 tuus
294 1611 521 1665 speciosius
551 1611 749 1651 instratus
776 1611 852 1651 erit
877 1625 1002 1663 quam
1034 1625 1137 1651 uxor
1162 1610 1336 1650 vestita?
1385 1610 1458 1649 sed
1483 1609 1523 1648 in

173 1687 373 1726 purpura,
400 1687 504 1725 quae
531 1672 673 1712 teritur
699 1672 984 1724 (absumitur),
1017 1671 1213 1711 iniustam
1238 1671 1424 1723 quidem,
1452 1670 1527 1710 sed

174 1733 353 1786 aliquam
378 1742 515 1774 tamen
541 1747 709 1774 causam
734 1733 966 1773 tenacitatis
988 1732 1126 1781 video3
1153 1732 1195 1772 in
1220 1747 1319 1772 auro
1346 1746 1456 1780 vero,
1482 1731 1525 1770 in

173 1809 253 1847 quo
279 1805 442 1849 praeter
466 1795 769 1849 manupretium
790 1795 891 1835 nihil
916 1793 1204 1835 intertrimenti
1228 1794 1286 1842 fit,
1314 1808 1418 1846 quae
1438 1807 1524 1832 ma-

172 1856 338 1911 lignitas
371 1858 458 1897 est?
505 1857 757 1911 praesidium
787 1857 924 1911 potius
956 1856 999 1895 in
1024 1871 1072 1896 eo
1099 1864 1161 1896 est
1187 1863 1227 1896 et
1258 1856 1311 1895 ad
1341 1855 1524 1909 privatos

173 1927 213 1958 et
239 1918 290 1958 ad
314 1918 502 1972 publicos
528 1933 648 1967 usus,
676 1918 782 1958 sicut
808 1918 963 1972 experti
989 1917 1102 1957 estis.
1162 1917 1319 1956 nullam
1345 1915 1526 1956 aemula-

172 1980 325 2021 tionem
350 1980 456 2021 inter
482 1995 526 2021 se
553 1980 826 2035 singularum,
853 1980 1047 2034 quoniam
1072 1979 1184 2019 nulla
1209 1978 1398 2026 haberet,
1432 1992 1524 2018 esse

173 2043 320 2082 aiebat.
404 2050 445 2083 at
488 2043 653 2083 hercule
698 2042 902 2083 universis
942 2042 1058 2082 dolor
1101 2048 1139 2081 et
1182 2040 1410 2095 indignatio
1448 2047 1523 2087 est,

173 2118 265 2144 cum
292 2104 497 2145 sociorum
516 2105 657 2145 Latini
683 2105 860 2145 nominis
882 2104 1078 2145 uxoribus
1100 2103 1241 2144 vident
1258 2118 1306 2143 ea
1327 2116 1526 2143 concessa

173 2173 427 2215 ornamenta,
454 2181 559 2218 quae
585 2167 664 2207 sibi
689 2167 883 2221 adempta
904 2166 997 2214 sint,
1025 2180 1117 2205 cum
1143 2164 1317 2218 insignis
1340 2179 1410 2204 eas
1431 2178 1524 2204 esse

173 2241 272 2267 auro
298 2234 339 2267 et
368 2242 568 2281 purpura,
607 2242 699 2268 cum
728 2228 820 2268 illas
853 2228 948 2267 vehi
972 2242 1046 2281 per
1070 2227 1233 2274 urbem,
1272 2240 1317 2266 se
1349 2225 1524 2280 pedibus

175 2287 308 2340 sequi,
346 2295 555 2341 tamquam
586 2289 628 2329 in
652 2289 815 2329 illarum
842 2288 1095 2336 civitatibus,
1122 2303 1206 2328 non
1230 2287 1271 2327 in
1298 2302 1372 2327 sua
1396 2286 1526 2341 impe-

174 2349 279 2388 rium
316 2349 380 2390 sit.
447 2350 630 2391 virorum
665 2350 743 2391 hoc
781 2350 939 2390 animos
978 2350 1193 2390 vulnerare
1228 2356 1390 2403 posset3
1428 2348 1524 2401 quid

1549 267 1588 296 16

1552 514 1587 542 17

1552 758 1592 788 18

1550 1067 1568 1095 10

1550 1623 1569 1649 4

1552 2362 1568 2390 7

174 2410 506 2451 muliercularum
536 2412 732 2460 censetis,
766 2426 867 2464 quas
895 2411 1018 2452 etiam
1049 2426 1179 2465 parva
1209 2411 1402 2451 movent?
1443 2425 1527 2450 non
1551 2423 1570 2452 8

174 2472 439 2526 magistratus
465 2487 541 2514 nec
567 2473 796 2514 sacerdotia
820 2488 898 2514 nec
923 2473 1119 2528 triumphi
1143 2487 1220 2513 nec
1245 2472 1425 2526 insignia
1450 2486 1526 2512 nec

174 2534 282 2575 dona
307 2542 375 2574 aut
402 2536 532 2590 spolia
557 2535 705 2576 bellica
730 2535 779 2576 iis
806 2536 1047 2589 contingere
1072 2541 1266 2590 possunt:
1298 2533 1524 2574 munditiae
1550 2545 1568 2575 9

174 2603 214 2636 et
244 2603 411 2637 ornatus
444 2604 484 2637 et
515 2597 666 2646 cultus,
705 2597 808 2638 haec
838 2597 1084 2637 feminarum
1114 2596 1295 2651 insignia
1321 2602 1434 2644 sunt,
1462 2594 1524 2634 his

1254 2662 1298 2696 9ss
