1799 2900
399 134 552 168 LIBER
577 133 786 177 xxxnn,
813 132 958 167 41—43.
987 130 1277 176 [a.C.195.194]
1438 120 1518 162 159

163 238 383 292 Quinctius
409 238 462 278 ab
481 236 610 292 Argis
637 237 842 285 Elatemn,
869 237 979 278 unde
1006 236 1058 277 ad
1082 235 1238 277 bellum
1264 233 1518 290 Spartanum
1545 249 1561 277 7

161 302 372 357 profectus
400 306 498 348 erat,
526 298 665 353 copias
692 299 868 339 reduxit.

249 362 356 403 Sunt
387 361 456 414 qui
489 376 572 401 non
603 375 653 400 ex
685 360 836 415 oppido
868 360 1199 415 proficiscentem
1233 359 1388 400 bellum
1425 373 1520 412 ges·
1545 371 1564 402 8

163 425 268 466 51550
305 433 527 478 tyrannum
565 423 747 471 tradant,
793 423 866 463 sed
903 422 1048 462 eastris
1092 422 1291 462 adversus
1328 421 1519 461 Romana
1545 435 1563 465 9

162 486 307 541 positis
335 492 487 534 eastra,
515 485 665 538 diuque
692 493 947 533 cunctatum,
975 484 1070 537 quia
1094 484 1340 524 Aetolorum
1366 482 1519 522 auxilia

163 556 438 604 expectasset,
465 555 655 588 coactum
681 547 734 587 ad
759 556 989 587 extremum
1016 547 1103 587 acie
1130 546 1351 601 confligere
1376 545 1518 600 inpetu

162 610 204 650 in
229 610 494 665 pabulatores
523 625 620 650 suos
647 624 671 649 a
695 609 896 649 Romanis
929 609 1059 649 facto:
1109 623 1156 649 eo
1182 608 1339 662 proelio
1365 607 1519 647 vietum
1547 622 1588 651 10

163 673 392 726 castrisque
419 680 588 713 exutum
614 686 761 726 pacem
792 671 965 726 petisse,
1005 686 1098 711 cum
1130 670 1378 711 cecidissent
1403 678 1521 722 quat-

164 735 391 775 tuordecim
413 734 526 774 milia
546 734 734 782 militum,
763 742 884 788 capta
907 733 1001 788 plus
1023 740 1215 786 quattuor
1234 732 1347 772 milia
1367 739 1520 772 essent.

249 796 504 836 XXXXH.
552 796 715 836 Eodem
741 796 826 836 fere
852 803 1038 849 tempore
1065 802 1105 835 et
1130 810 1153 834 a
1178 795 1228 835 T.
1245 794 1442 846 Quinctio
1469 794 1519 834 de
1548 810 1562 838 1

163 859 287 899 rebus
321 858 373 898 ad
404 858 768 898 Lacedaemonem
800 857 929 911 gestis
962 865 1001 897 et
1032 872 1056 897 a
1080 857 1142 897 M.
1168 857 1319 897 Porcio
1352 856 1521 897 consule

164 936 214 962 ex
247 920 454 974 Hispania
484 920 643 960 litterae
681 920 855 960 adlatae.
915 919 1129 971 utriusque
1161 918 1326 959 nomine
1357 919 1400 958 in
1432 918 1519 958 dies

163 990 301 1023 ternos
329 981 575 1036 supplicatio
601 982 653 1021 ab
681 990 827 1021 senatu
852 981 1020 1021 decreta
1046 989 1121 1020 est.

248 1045 301 1085 L.
320 1044 514 1086 Valerius
541 1043 685 1084 consul
712 1057 804 1082 eum
829 1050 925 1097 post
950 1043 1066 1082 fusos
1093 1042 1200 1082 circa
1226 1042 1424 1082 Litanam
1451 1042 1520 1081 sil-
1546 1056 1564 1085 2

165 1122 257 1146 vam
294 1106 422 1146 Boios
461 1105 642 1158 quietam
684 1104 940 1158 provinciam
984 1103 1216 1151 habuisset,
1263 1103 1522 1143 comitiorum
1548 1118 1566 1147 3

164 1182 290 1208 causa
325 1167 503 1207 Romam
539 1165 660 1206 rediit
697 1172 737 1205 et
774 1165 929 1205 creavit
967 1165 1158 1205 consules
1195 1166 1245 1206 P.
1280 1164 1522 1205 Cornelium

165 1228 404 1283 Scipionem
423 1228 671 1268 Africanum
692 1228 842 1268 iterum
863 1235 903 1268 et
917 1227 981 1268 Ti.
999 1226 1293 1281 Semproniuln
1308 1228 1520 1282 Longum.

163 1291 309 1331 horum
340 1297 478 1345 patres
511 1290 644 1345 primo
677 1305 784 1330 anno
816 1289 987 1330 secundi
1017 1289 1167 1329 Punici
1199 1289 1295 1330 belli
1328 1289 1520 1329 consules

163 1353 338 1393 fuerant.
399 1352 605 1407 praetoria
630 1352 726 1392 inde
752 1352 918 1392 comitia
944 1351 1104 1392 habita:
1138 1351 1264 1392 creati
1288 1352 1338 1392 P.
1362 1350 1521 1392 Corne-
1547 1365 1563 1393 4

162 1414 241 1454 11115
270 1413 411 1469 Scipio
444 1422 484 1455 et
515 1414 596 1454 duo
623 1412 702 1454 Cn.
730 1412 933 1463 Cornelii,
970 1413 1176 1454 Merenda
1208 1421 1249 1454 et
1278 1414 1441 1461 Blasio,
1481 1421 1521 1454 et

165 1475 244 1517 Cn.
265 1476 476 1517 Domitius
497 1476 806 1517 Ahenobarbus
833 1484 873 1517 et
900 1475 998 1517 Sex.
1019 1476 1205 1530 Digitius
1232 1483 1272 1516 et
1297 1476 1347 1516 T.
1370 1477 1522 1516 Iuven-

164 1538 245 1578 tius
289 1538 465 1579 Thalna.
532 1538 707 1579 comitiis
748 1538 943 1593 perfectis
988 1538 1133 1578 consul
1180 1537 1222 1578 in
1263 1537 1522 1592 provinciam

164 1600 297 1641 rediit.

251 1662 415 1703 Novum
447 1661 509 1701 ius
542 1676 590 1702 eo
621 1677 729 1703 anno
762 1677 786 1703 a
809 1661 1146 1703 Ferentinatibus
1172 1668 1439 1715 temptatum,
1476 1667 1522 1701 ut
1549 1674 1568 1703 5

165 1724 320 1773 Latini,
348 1723 417 1776 qui
436 1723 477 1763 in
497 1724 701 1764 coloniam
714 1724 948 1764 Romanam
968 1723 1136 1764 nomina
1156 1723 1381 1771 dedissent,
1409 1722 1521 1763 cives

164 1785 343 1826 Romani
371 1793 522 1826 essent.
571 1785 769 1826 Puteolos
792 1784 1094 1837 Salernumque
1120 1793 1158 1825 01
1183 1785 1425 1825 Buxentum
1451 1783 1523 1824 ad-
1549 1798 1567 1828 6

165 1847 307 1901 scripti
334 1847 481 1896 coloni,
509 1848 579 1900 qui
602 1847 771 1888 nomina
798 1847 994 1888 dederant
1004 1864 1014 1896 3
1048 1854 1088 1887 et
1113 1861 1207 1886 cum
1233 1847 1285 1887 ob
1310 1846 1352 1885 id
1379 1861 1422 1886 50
1447 1861 1522 1901 pro

165 1909 324 1949 civibus
350 1909 551 1950 Romanis
584 1910 757 1957 ferrent,
796 1916 964 1950 senatus
996 1908 1192 1949 iudicavit
1222 1923 1305 1949 non
1331 1922 1424 1949 esse
1451 1923 1521 1948 eos

166 1970 266 2011 civis
293 1971 521 2011 Romanos.

249 2032 527 2073 XXXXHL
576 2031 788 2087 Principio
815 2031 923 2081 anni,
950 2046 1031 2085 quo
1057 2032 1106 2072 P.
1129 2030 1270 2086 Scipio
1294 2030 1521 2071 Africanus
1550 2046 1565 2075 1

165 2094 312 2134 iterum
333 2102 371 2134 et
393 2094 457 2135 Ti.
475 2094 746 2149 Sempronius
768 2095 944 2150 Longus
973 2094 1163 2135 consules
1190 2095 1369 2141 fuerunt,
1396 2092 1523 2146 legati

165 2156 340 2196 Nabidis
379 2157 542 2210 tyranni
573 2157 751 2198 Romam
784 2164 997 2197 venerunt.
1058 2156 1107 2196 iis
1145 2164 1262 2196 extra
1299 2156 1444 2195 urbem
1481 2154 1523 2194 in
1548 2168 1567 2198 2

167 2218 268 2257 aede
304 2218 512 2272 Apollinis
552 2227 718 2259 senatus
757 2219 877 2259 datus
916 2226 991 2259 est.
1057 2233 1159 2272 pax,
1198 2232 1302 2270 quae
1341 2231 1434 2256 cum
1471 2216 1522 2257 T.

168 2278 365 2330 Quinctio
397 2280 679 2329 convenisset,
717 2288 761 2320 ut
798 2288 887 2320 rata
923 2288 1052 2328 esset,
1091 2279 1298 2334 petierunt
1328 2279 1523 2333 impetra-

168 2348 356 2393 runtque.
417 2341 467 2381 de
498 2341 721 2396 provinciis
753 2356 847 2381 cum
877 2342 1053 2382 relatum
1079 2349 1208 2389 esset,
1248 2349 1414 2381 senatus
1441 2341 1524 2381 fre-
1548 2352 1567 2383 3

168 2416 297 2454 quens
324 2402 365 2442 in
391 2417 481 2443 eam
510 2403 757 2443 sententiam
781 2403 878 2452 ibat,
905 2411 949 2443 ut
975 2403 1168 2456 quoniam
1195 2402 1236 2442 in
1250 2401 1458 2456 Hispania
1482 2409 1523 2442 et

167 2463 417 2504 Blacedonia
449 2464 701 2505 debellatum
732 2465 857 2514 foret,
895 2465 1133 2506 consulibus
1168 2465 1369 2505 ambobus
1402 2463 1523 2504 Italia

167 2525 379 2580 provincia
405 2534 528 2566 esset.
579 2524 719 2581 Scipio
747 2526 846 2567 satis
872 2542 964 2567 esse
984 2527 1130 2567 Italiae
1155 2542 1283 2566 unum
1309 2525 1521 2566 consulem
1546 2538 1565 2569 4

168 2589 383 2630 censebat:
422 2589 538 2630 alteri
563 2589 856 2630 Macedoniam
884 2589 1186 2631 decernendam
1211 2604 1317 2631 esse.
1368 2589 1522 2629 bellum
