1799 2900
475 213 630 247 LIBER
654 214 823 258 xxxu,
852 215 880 249 7.
902 216 932 249 s.
962 214 1252 258 [a.0.199.198]
1469 206 1521 246 51

172 317 430 360 comitiorum
466 330 591 356 causa
621 317 798 358 Romam
829 326 1066 368 revocatus,
1104 333 1210 372 quae
1241 318 1331 374 ipsa
1361 334 1436 374 per
1459 319 1522 360 M.

170 379 365 421 Fulvium
403 385 443 418 et
478 377 555 418 M’.
589 377 762 418 Curium
799 380 985 421 tribunos
1022 381 1155 435 plebis
1193 381 1522 436 impediebantur,

172 441 282 494 quod
307 441 357 481 Τ.
379 439 621 491 Quinctium
638 441 917 482 Flamininum
943 443 1201 483 consulatum
1227 458 1278 484 ex
1302 450 1523 497 quaestura

171 511 312 558 petere
347 516 430 542 non
466 501 746 556 patiebantur:
789 503 871 543 iam
914 504 1166 545 aedilitatem
1208 513 1523 560 praeturamque

172 563 348 604 fastidiri
368 577 445 603 nec
465 578 538 617 per
558 563 760 604 honorum
782 565 950 618 gradus,
978 566 1270 607 documentum
1290 567 1354 607 sui
1373 567 1521 616 dantis,

172 625 332 666 nobiles
370 624 558 666 homines
596 625 764 666 tendere
802 626 853 666 ad
885 627 1163 676 consulatum,
1203 629 1277 669 sed
1311 635 1524 668 transcen-

173 687 308 728 dendo
333 686 470 727 media
501 701 662 727 summa
692 687 784 727 imis
812 688 1062 730 continuare.
1122 705 1188 730 res
1220 704 1271 730 ex
1302 689 1523 744 campestri

174 749 396 789 certamine
428 748 470 788 in
503 756 692 789 senatum
728 750 928 803 pervenit.
989 758 1127 805 patres
1154 759 1420 800 censuerunt,
1456 751 1525 804 qui

174 810 370 851 honorem
395 824 515 863 quem
543 810 620 851 sibi
646 824 792 865 capere
817 826 890 866 per
914 812 1028 866 leges
1054 812 1195 853 liceret
1218 820 1388 867 peteret,
1413 812 1456 853 in
1477 828 1525 853 eo

173 872 325 926 populo
352 872 517 912 creandi
548 887 669 925 quem
695 873 794 913 velit
822 880 1070 927 potestatem
1100 874 1189 914 fieri
1215 889 1392 927 aequum
1418 889 1524 914 esse.

175 933 216 973 in
241 933 481 973 auctoritate
505 940 669 988 patrum
695 934 809 974 fuere
840 935 1005 975 tribuni,
1055 935 1180 975 creati
1206 935 1397 976 consules
1426 934 1524 976 Sex.

175 994 322 1035 Aelius
354 995 510 1035 Paetus
543 1002 584 1035 et
615 995 664 1035 T.
692 994 911 1046 Quinctius
936 997 1210 1037 Flamininus.
1275 997 1371 1037 inde
1407 1011 1526 1050 prae-

175 1062 309 1096 torum
341 1056 506 1097 comitia
535 1056 688 1097 habita.
751 1057 876 1097 creati
906 1058 959 1097 L.
988 1056 1208 1098 Cornelius
1242 1057 1425 1106 BIerula,
1462 1058 1524 1098 M.

177 1116 376 1158 Claudius
402 1118 649 1166 BIarcellus‚
687 1118 749 1158 M.
775 1118 949 1158 Porcius
978 1118 1104 1167 Cato,
1145 1115 1193 1159 Css
1219 1119 1418 1168 Helvius,
1457 1118 1526 1171 qui

176 1179 329 1218 aediles
355 1179 488 1232 plebis
514 1179 689 1219 fucrant.

258 1241 330 1281 Ab
354 1241 404 1281 iis
429 1241 516 1280 ludi
540 1240 676 1294 plebei
701 1240 937 1288 instaurati3
965 1247 1006 1281 et
1031 1241 1200 1295 epulum
1224 1241 1338 1281 Iovis
1365 1241 1442 1280 fuit
1466 1241 1527 1280 lu-

176 1303 320 1343 dorum
346 1315 483 1342 causa.
528 1309 569 1342 et
595 1303 646 1343 ab
673 1303 873 1343 aedilibus
901 1303 1110 1344 curulibus
1128 1302 1177 1344 C.
1192 1303 1361 1345 Valerio
1374 1303 1526 1343 Flacco

174 1364 339 1404 fiamine
363 1363 478 1404 Diali
503 1371 543 1404 et
564 1362 614 1404 C.
631 1362 826 1405 Cornelio
848 1363 1038 1419 Cethego
1063 1365 1148 1405 ludi
1168 1365 1349 1406 Romani
1373 1379 1525 1419 magno

176 1426 376 1480 adparatu
401 1425 512 1466 facti.

262 1486 352 1527 Ser.
380 1494 420 1527 et
446 1486 495 1527 C.
524 1486 698 1541 Sulpicii
725 1486 885 1529 Galbae
916 1488 1131 1543 pontifices
1159 1503 1206 1529 eo
1239 1503 1346 1529 anno
1378 1488 1526 1528 mortui

177 1556 290 1589 sunt:
317 1549 359 1588 in
384 1563 525 1589 eorum
549 1549 684 1589 locum
709 1549 771 1590 M.
797 1551 1003 1591 Aemilius
1030 1550 1221 1604 Lepidus
1249 1559 1287 1591 et
1315 1549 1395 1591 Cn.
1423 1548 1528 1590 Cor-

177 1610 308 1650 nelius
337 1609 477 1663 Scipio
502 1610 718 1664 pontifices
745 1611 908 1652 suffecti
935 1619 1042 1652 sunt.

262 1672 386 1713 VIII.
436 1670 534 1711 Sex,
560 1672 706 1712 Aelius
733 1672 906 1721 Paetus,
939 1673 989 1713 T.
1017 1672 1237 1725 Quinctius
1267 1672 1526 1714 Flamininus

180 1733 423 1786 magistratu
442 1732 543 1773 inito
565 1740 753 1773 senatum
780 1734 821 1772 in
843 1732 1050 1787 Capitolio
1077 1748 1169 1773 cum
1190 1734 1432 1774 habuissent
1460 1733 1529 1773 de-

179 1801 397 1834 creverunt
415 1802 568 1848 patres,
594 1802 639 1834 ut
657 1795 891 1848 provincias
906 1795 1201 1835 Blacedoniam
1221 1803 1344 1847 atque
1364 1795 1529 1834 Italiam

181 1856 371 1896 consules
399 1864 685 1910 compararent
714 1856 820 1896 inter
851 1871 895 1896 sc
928 1856 1239 1897 sortirenturve:
1276 1856 1356 1895 utri
1387 1870 1528 1896 eorum

179 1917 429 1958 Macedonia
471 1918 696 1966 evenisset,
746 1918 787 1957 in
831 1918 1165 1972 supplementum
1206 1917 1415 1971 legionum
1453 1917 1529 1957 tria

179 1980 291 2019 milia
316 1979 491 2019 militum
516 1980 798 2020 Romanorum
826 1981 1022 2021 scriberet
1054 1987 1093 2020 et
1124 1988 1328 2020 trecentos
1355 1978 1527 2032 equites,

179 2042 278 2082 item
320 2041 525 2082 sociorum
561 2041 703 2081 Latini
745 2041 922 2082 nominis
966 2042 1145 2096 quinque
1181 2040 1294 2081 milia
1329 2040 1527 2094 peditum,

180 2103 427 2157 quingentos
454 2103 625 2156 equites.
676 2103 791 2143 alteri
818 2103 977 2144 consuli
1007 2118 1138 2143 novus
1166 2102 1298 2143 omnis
1325 2101 1528 2142 exercitus

180 2165 382 2205 decretus.
442 2165 576 2206 Lucio
607 2166 789 2206 Lentulo
827 2166 973 2220 prioris
1012 2165 1107 2206 anni
1145 2165 1303 2205 consuli
1332 2179 1530 2218 proroga-

180 2234 267 2266 tum
309 2226 528 2279 imperium
572 2227 804 2280 vetitusque
843 2235 912 2267 aut
953 2227 1042 2282 ipse
1079 2226 1292 2280 provincia
1329 2226 1528 2266 decedere

180 2287 293 2341 prius
320 2295 390 2327 aut
416 2295 596 2328 veterem
622 2289 824 2328 deducere
844 2289 1069 2329 exercitum
1089 2303 1213 2341 quam
1239 2301 1331 2327 cum
1356 2286 1528 2341 legioni-

1551 704 1587 733 11

1552 950 1592 979 12

1554 1011 1593 1040 13

1553 1313 1594 1345 14

1556 1503 1594 1531 15

1555 1869 1572 1898 10

1556 2114 1574 2143 ΩΟ

180 2351 258 2389 bus
296 2349 415 2389 novis
453 2350 597 2390 consul
634 2350 828 2390 venisset.
890 2350 1022 2390 sortiti
1052 2350 1242 2390 consules
1274 2348 1526 2403 provincias:
1554 2363 1573 2390 4

180 2411 303 2451 Aelio
334 2411 473 2460 Italia,
512 2411 708 2463 Quinctio
737 2411 988 2451 Macedonia
1025 2411 1173 2452 evenit.
1238 2418 1449 2465 praetores
1474 2410 1527 2450 L.

183 2472 402 2513 Cornelius
438 2473 604 2512 Elerula
641 2473 857 2521 urbanam,
895 2473 958 2513 M.
991 2472 1192 2513 Claudius
1226 2471 1430 2520 Siciliam,
1464 2471 1527 2510 M.

179 2534 353 2575 Porcius
382 2534 629 2583 Sardiniam,
657 2533 706 2575 C.
733 2534 911 2575 Helvius
940 2533 1120 2575 Galliam
1146 2542 1208 2574 est
1240 2533 1420 2574 sortitus.
1469 2532 1529 2572 di-

180 2597 310 2636 lectus
338 2596 433 2637 inde
464 2596 606 2637 haberi
638 2604 700 2637 est
731 2603 914 2650 coeptus.
975 2612 1071 2636 nam
1102 2603 1265 2650 praeter
1290 2595 1527 2636 consulares

181 2658 385 2699 exercitus
410 2659 669 2712 praetoribus
696 2672 857 2712 quoque
883 2658 985 2699 iussi
1011 2658 1189 2699 scribere
1213 2656 1363 2698 milites
1390 2664 1526 2697 erant:

1256 2723 1278 2755 4
1293 2725 1307 2740 ἦ(

1555 2424 1574 2452 ὓ

1556 2546 1574 2576 6
