1799 2900
441 146 596 181 LIBER
621 147 830 191 xxxnn‚
857 146 1015 181 44—46.
1044 149 1092 190 [a.
1108 145 1242 190 e.194]
1449 136 1528 179 161

169 251 298 294 multa
322 250 364 291 in
391 250 492 292 deos
519 250 791 304 hominesque
815 250 972 291 scelera
991 250 1141 292 Locris
1169 249 1351 291 admissa
1374 249 1417 290 in
1442 263 1530 290 car-

170 329 306 356 cerem
332 313 545 354 eoniectus
572 313 718 361 fuerat,
747 320 1060 368 comparaverat
1080 313 1282 362 homines,
1309 312 1379 365 qui
1403 311 1531 367 pluri·
1557 325 1574 355 7

172 378 246 418 bus
274 376 396 416 simul
420 375 521 416 locis
548 375 662 416 urbis
688 382 808 416 noete
834 375 1026 416 incendia
1052 376 1254 424 facerent,
1293 382 1338 415 ut
1363 375 1405 415 in
1433 390 1530 415 eon-

172 445 354 480 sternata.
384 444 585 478 nocturno
611 437 789 477 tumultu
816 437 980 477 civitate
1012 437 1187 491 refringi
1211 451 1351 477 carcer
1374 443 1531 492 posset.

171 516 220 542 ea
243 515 310 541 res
336 499 488 540 indicio
516 500 775 540 consciorum
794 500 933 554 palam
953 500 1063 540 faeta
1089 500 1307 553 delataque
1334 499 1387 539 ad
1413 513 1532 540 sena-
1557 511 1576 540 8

173 572 258 604 tum
285 569 360 603 est.
415 561 646 603 Pleminius
674 562 715 601 in
740 561 978 603 inferiorem
1003 562 1210 603 demissus
1237 575 1446 602 carcerem
1470 569 1534 602 est

171 634 440 677 necatusque.

257 686 509 728 XXXXV.
549 684 751 727 Coloniae
778 685 929 726 civium
943 686 1229 727 Romanorum
1254 699 1303 726 eo
1330 700 1437 726 anno
1463 684 1534 725 de·
1561 697 1575 726 1

174 749 320 789 ductae
348 756 441 788 sunt
468 748 688 797 Puteolos,
714 747 987 797 Volturnum,
1015 748 1254 796 Liternum,
1282 746 1437 788 treceni
1461 746 1536 787 ho-

174 811 306 850 mines
332 810 374 850 in
400 810 600 865 singula-s.
638 810 738 851 item
759 809 980 851 Salernum
1000 799 1325 862 Buxentumque
1350 808 1535 850 coloniae
1562 820 1580 849 2

177 873 328 914 civium
360 873 645 913 Romanorum
678 873 880 914 deductae
919 880 1026 914 sunt.
1088 873 1297 912 deduxere
1335 870 1538 912 triumviri

175 936 240 976 Ti.
269 935 540 990 Sempronius
567 935 764 989 Longus,
793 935 863 987 qui
889 943 975 975 tum
1001 935 1146 975 consul
1171 941 1276 982 erat,
1303 933 1366 974 M.
1395 932 1536 974 Servi-

177 998 270 1046 lius,
299 997 592 1049 Q.31inucius
618 997 840 1037 Thermus.
902 1011 1002 1050 ager
1028 996 1185 1036 divisus
1212 1003 1288 1044 est,
1315 995 1385 1048 qui
1411 993 1537 1036 Cam-

174 1075 378 1114 panorum
403 1060 550 1099 fuerat.
614 1057 837 1112 Sipontum
862 1057 961 1098 item
986 1058 1029 1098 in
1055 1073 1221 1112 agrum,
1260 1057 1330 1110 qui
1354 1057 1538 1112 Arpino-
1564 1067 1582 1097 3

174 1138 265 1163 rum
298 1123 451 1170 fuerat,
491 1120 694 1162 coloniam
727 1119 880 1160 civium
903 1120 1191 1161 Romanorum
1223 1119 1291 1159 alii
1321 1118 1538 1167 triumviri,

175 1185 231 1225 D.
257 1184 402 1224 Iunius
435 1183 611 1231 Brutus,
650 1182 713 1222 M.
746 1182 930 1222 Baebius
963 1181 1230 1235 Tamphilus,
1267 1181 1331 1222 M.
1357 1180 1537 1221 Helvius

177 1246 450 1286 deduxerunt.
489 1245 717 1298 Tempsam
743 1244 842 1284 item
863 1254 904 1284 et
919 1242 1148 1285 Crotonem
1175 1242 1360 1284 coloniae
1387 1242 1539 1282 civium
1564 1254 1585 1282 4

176 1308 461 1349 Romanorum
483 1306 698 1347 deductae.
730 1306 995 1360 Tempsanus
1018 1321 1117 1360 ager
1132 1305 1182 1346 de
1195 1305 1372 1345 Bruttiis
1394 1312 1538 1359 captus

176 1377 282 1419 erat3
308 1369 448 1409 Brutti
475 1368 661 1410 Graecos
688 1368 951 1423 expulerant3
980 1366 1207 1409 Crotonem
1236 1366 1387 1408 Graeci
1414 1367 1540 1406 habe·
1567 1378 1585 1407 5

176 1433 290 1473 bant.
351 1431 554 1472 triumx'iri
587 1429 667 1471 Cn.
695 1430 920 1481 Octavius,
957 1430 1012 1471 L.
1037 1429 1245 1471 Aemilius
1270 1429 1450 1479 Paulus,
1489 1427 1539 1469 C.

177 1494 400 1534 Laetorius
428 1492 669 1542 Crotonem,
697 1493 926 1548 Tempsam
950 1493 1004 1534 L.
1033 1491 1253 1533 Cornelius
1278 1490 1458 1541 BIerula,
1486 1490 1540 1542 Q.

179 1564 220 1596 et
247 1554 297 1596 C.
326 1554 522 1596 Salonius
550 1556 824 1596 deduxerunt.

264 1616 464 1671 Prodigia
490 1632 653 1670 quoque
686 1617 766 1657 alia
791 1617 882 1657 visa
907 1631 956 1657 eo
982 1631 1090 1657 anno
1115 1615 1276 1656 Romae
1310 1621 1422 1662 sunt,
1461 1612 1541 1653 alia
1567 1626 1585 1656 6

179 1680 379 1719 nuntiata.
416 1678 459 1718 in
484 1679 574 1719 foro
600 1688 640 1718 et
666 1678 831 1719 comitio
858 1685 899 1718 et
922 1676 1130 1732 Capitolio
1157 1675 1372 1731 sanguinis
1398 1670 1541 1729 guttae

181 1741 295 1782 visae
322 1749 436 1790 sunt,
475 1750 515 1781 et
540 1748 650 1781 terra
675 1740 921 1794 aliquotiens
952 1739 1105 1794 pluvit,
1144 1746 1184 1779 et
1215 1744 1340 1792 caput
1362 1737 1544 1780 Vulcani

181 1803 294 1844 arsit.
355 1802 591 1843 nuntiatum
616 1810 680 1843 est
702 1803 813 1844 Nare
839 1802 951 1842 amni
982 1802 1045 1841 lae
1073 1800 1240 1840 fluxisse
1250 1816 1259 1849 3
1303 1814 1454 1854 pueros
1481 1799 1543 1838 in-
1570 1812 1586 1840 7

181 1880 340 1920 genuos
371 1865 553 1905 Arimini
592 1865 680 1905 sine
717 1864 847 1905 oculis
886 1878 933 1904 ae
969 1878 1072 1904 naso
1104 1871 1145 1903 et
1181 1862 1224 1902 in
1253 1861 1411 1902 Piceno
1442 1876 1543 1915 agro

180 1943 265 1969 non
289 1928 432 1983 pedes,
458 1943 543 1968 non
567 1943 713 1968 manus
740 1927 964 1967 habentem
989 1933 1145 1966 natum.
1202 1939 1251 1964 ea
1275 1922 1466 1978 prodigia
1491 1937 1543 1963 ex

180 1991 423 2045 pontificum
449 1990 615 2031 decreto
640 1997 874 2045 procurata.
935 1996 975 2029 et
1007 1987 1256 2029 sacrificium
1281 1985 1542 2027 novemdiale
1568 1995 1588 2026 8

132 2075 142 2080 ν
181 2053 339 2093 factum
365 2060 440 2102 est,
469 2053 579 2106 quod
597 2052 804 2093 Hadriani
829 2051 1122 2092 nuntiaverant
1146 2049 1189 2089 in
1213 2063 1315 2103 agro
1341 2062 1416 2089 suo
1441 2047 1545 2102 lapi-

183 2115 304 2155 dibus
330 2115 529 2169 pluvisse.

268 2176 543 2219 XXXXVI.
592 2177 644 2217 In
683 2176 821 2217 Gallia
857 2176 911 2216 L.
944 2174 1137 2217 Valerius
1175 2171 1398 2228 proconsul
1436 2171 1545 2212 circa
1572 2186 1587 2214 1

183 2239 487 2279 BIediolanium
519 2253 613 2279 cum
641 2238 774 2280 Gallis
802 2237 1048 2279 Insubribus
1076 2245 1115 2277 et
1139 2236 1278 2285 Boiis,
1311 2234 1381 2288 qui
1405 2233 1546 2274 Doru—

184 2301 267 2341 lato
305 2301 408 2340 duce
447 2301 499 2340 ad
544 2300 811 2341 concitandos
848 2299 1049 2340 Insubres
1086 2298 1252 2338 Padum
1294 2295 1546 2351 transgressi

186 2370 321 2411 erant,
360 2362 490 2416 signis
518 2362 690 2403 conlatis
718 2361 987 2416 depugnavit.
1049 2360 1193 2400 decem
1223 2359 1337 2399 milia
1362 2358 1545 2399 hostium

187 2433 282 2466 sunt
314 2439 448 2465 caesa.
508 2440 581 2479 per
614 2439 684 2465 eos
719 2424 806 2464 (lies
840 2424 1001 2478 collega
1032 2422 1118 2463 eius
1145 2422 1207 2462 Μ.
1232 2421 1408 2463 Porcius
1436 2419 1543 2461 Cato

186 2502 238 2527 ex
269 2486 477 2541 Hispania
514 2486 794 2541 triumphavit.
856 2485 948 2525 tulit
983 2485 1026 2525 in
1062 2499 1110 2525 eo
1143 2483 1352 2539 triumpho
1385 2481 1545 2537 argenti

185 2549 328 2589 infecti
354 2548 500 2603 viginti
526 2549 706 2602 quinque
732 2548 845 2588 milia
869 2543 1022 2602 pondo,
1048 2545 1179 2601 bigati
1205 2554 1372 2587 centum
1398 2544 1546 2599 viginti

186 2611 264 2652 tria
294 2611 424 2656 milia,
464 2611 667 2652 Oscensis
695 2610 922 2666 quingenta
953 2608 1248 2664 quadraginta,
1286 2607 1373 2648 auri
1404 2606 1543 2662 pondo

258 2679 319 2707 ιιι-ι·
336 2679 388 2705 vol.
405 2678 452 2704 ιιι,
1276 2674 1319 2708 11

1570 2432 1588 2461 10
