1799 2900
251 174 302 215 78
539 181 691 215 LIBER
716 180 888 224 xxxii,
913 181 968 215 34.
987 181 1042 215 35.
1071 183 1117 224 [a.
1133 193 1168 215 u.
1185 181 1310 226 0557]

250 285 407 326 socium
433 292 474 324 et
499 283 678 323 amicum
704 283 1012 337 obpugnantem
1040 284 1177 324 adiuvi
1187 301 1196 333 3
1224 292 1265 325 et
1289 284 1603 338 Lysimachiam

250 348 301 387 ab
327 345 558 386 Thracibus
592 344 817 394 vindicavi,
854 354 912 394 01,
949 346 1045 399 quia
1074 361 1140 387 me
1171 347 1399 388 necessitas
1438 348 1490 387 ad
1527 347 1606 387 hoc

208 423 223 450 7
250 408 403 448 bellum
431 422 454 447 a
479 406 669 446 custodia
699 406 786 447 eius
813 407 979 456 avertit,
1006 408 1191 448 Thraces
1225 409 1392 450 habent.
1453 416 1494 449 et
1517 409 1605 450 Ae-

250 469 342 509 tolis
375 469 489 509 haee.
549 468 695 509 Attalo
727 478 865 509 autem
896 469 1154 523 Rhodiisque
1190 470 1291 510 nihil
1328 470 1415 511 iure
1453 472 1604 520 debco;

248 546 330 571 11011
361 530 471 570 0111111
502 545 526 570 a
546 546 624 577 me,
654 530 728 570 sed
759 531 811 571 ab
842 531 922 571 illis
954 532 1202 586 principium
1233 532 1331 573 belli
1361 542 1494 573 ortum
1528 540 1604 573 est.

205 604 223 633 S
249 593 534 633 Romanorum
577 600 715 633 autem
758 592 925 633 honoris
964 608 1089 634 causa
1124 594 1315 635 Peraean
1349 595 1526 636 Rhodiis
1565 602 1605 635 et

249 669 376 694 naves
404 654 549 695 Attalo
581 668 674 694 cum
700 654 894 708 captivis,
927 655 997 707 qui
1029 656 1344 709 comparebunt,
1375 650 1603 697 restituam.

203 728 220 757 9
248 731 344 756 nam
376 716 487 768 quod
517 715 570 755 ad
593 715 892 770 Nicephorium
915 717 1177 769 Venerisque
1209 717 1351 771 templi
1381 718 1606 758 restitutio-

247 792 342 817 nem
363 777 539 825 adtinet,
579 777 678 830 quid
702 777 865 818 restitui
897 792 945 818 ea
976 778 1283 832 postulantibus
1315 780 1604 832 respondeam,

184 853 222 881 10
247 839 340 887 nisi,
367 854 448 892 quo
473 854 555 879 uno
581 839 704 880 modo
737 839 866 880 silvae
892 839 1056 892 lucique
1083 839 1193 880 caesi
1223 840 1385 880 restitui
1415 849 1603 895 possunt,

248 915 389 941 euram
429 901 729 955 inpensamque
767 901 937 941 sationis
974 915 1040 941 me
1083 909 1408 955 praestaturum,
1439 926 1474 931 —
1505 917 1606 955 quo-

249 963 360 1003 niam
385 962 487 1003 haec
511 963 617 1003 inter
643 978 686 1003 se
711 978 832 1017 reges
857 963 1068 1017 postulare
1095 971 1135 1003 et
1164 964 1416 1018 respondere
1441 964 1604 1018 plaeet.'

186 1038 220 1066 11
249 1033 433 1065 extrema
459 1025 546 1065 eius
574 1025 704 1066 oratio
730 1026 932 1066 adversus
958 1025 1155 1066 Achaeos
1182 1025 1278 1073 fuit,
1310 1025 1353 1065 in
1378 1040 1460 1078 qua
1485 1041 1604 1067 orsus

248 1087 301 1127 ab
325 1087 530 1140 Antigoni
555 1087 752 1141 primum,
792 1087 876 1127 suis
903 1087 1052 1128 deinde
1084 1102 1183 1141 erga
1208 1096 1377 1141 gentem
1403 1102 1494 1128 eam
1517 1103 1605 1128 me-

247 1148 354 1197 ritis,
391 1148 554 1188 recitari
587 1149 752 1189 decreta
784 1164 926 1189 eorum
956 1149 1078 1189 iussit
1104 1149 1238 1190 omnis
1265 1149 1426 1190 divinos
1459 1149 1605 1190 huma-

186 1223 221 1251 12
247 1224 406 1261 nosque
434 1209 610 1250 honores
638 1210 855 1264 complexa
881 1218 1003 1262 atque
1029 1210 1087 1250 eis
1115 1210 1265 1250 obiecit
1289 1225 1434 1251 reeens
1462 1211 1605 1252 decre-

248 1280 352 1320 tum,
397 1285 476 1323 quo
520 1272 573 1312 ab
611 1286 655 1312 se
693 1272 986 1320 descivissent,
1030 1272 1301 1324 invectusque
1344 1272 1526 1326 graviter
1562 1273 1603 1312 111

247 1333 463 1387 perfidiam
496 1348 657 1382 eorum,
694 1335 837 1388 Argos
875 1341 1014 1374 tamen
1046 1348 1089 1373 sc
1121 1333 1170 1373 iis
1196 1333 1452 1374 redditurum
1478 1334 1602 1375 dixit:

184 1409 220 1437 13
248 1395 298 1435 de
326 1393 527 1435 Corintho
554 1408 647 1434 011111
672 1395 920 1449 imperatore
945 1395 1136 1435 Romano
1164 1395 1483 1435 deliberaturum
1509 1410 1602 1437 csse

247 1456 612 1508 quaesiturumque
645 1457 696 1496 ab
722 1472 770 1497 eo
798 1456 939 1504 simul,
978 1464 1115 1496 utrum
1146 1456 1251 1496 iisne
1282 1457 1454 1498 urbibus
1481 1457 1602 1498 dece-

247 1517 343 1557 dere
370 1532 414 1557 sc
441 1532 583 1557 aecum
611 1525 795 1566 censeat,
829 1533 930 1570 quas
958 1518 1010 1557 ab
1037 1533 1080 1557 se
1106 1518 1197 1571 ipso
1223 1525 1366 1571 captas
1392 1518 1479 1558 iure
1506 1519 1602 1559 belli

246 1579 411 1623 habeat,
438 1594 490 1618 an
516 1579 564 1619 iis
592 1579 729 1627 ctiam,
757 1594 860 1631 quas
887 1595 910 1619 a
935 1579 1159 1619 maioribus
1188 1579 1274 1619 suis
1301 1579 1543 1633 accepisset.

204 1654 217 1682 1
330 1640 531 1682 XXXV.
580 1641 832 1681 Parautibus
868 1641 1053 1681 Achaeis
1085 1641 1334 1693 Aetolisque
1371 1641 1423 1681 ad
1454 1656 1504 1681 ea
1537 1656 1602 1682 re-

247 1702 450 1755 spondere
472 1716 565 1741 cum
584 1717 713 1756 prope
735 1717 929 1743 oceasum
953 1702 1013 1743 sol
1035 1709 1159 1750 esset,
1181 1702 1307 1743 dilato
1328 1702 1368 1742 in
1387 1711 1601 1757 posterum

245 1763 353 1803 diem
380 1763 598 1816 conloquio
623 1764 844 1818 Philippus
871 1764 913 1804 in
939 1764 1180 1812 stationem,
1207 1778 1259 1804 ex
1284 1778 1365 1817 qua
1390 1763 1600 1818 profectus

200 1837 218 1865 2
246 1834 350 1873 erat,
388 1825 569 1865 Romani
612 1826 794 1878 sociique
838 1827 880 1866 in
917 1835 1052 1867 castra
1088 1826 1312 1867 redierunt.
1379 1826 1600 1877 Quinctius

244 1895 411 1940 postero
439 1887 503 1927 die
530 1888 583 1927 ad
606 1888 803 1929 Nicaeam
829 1912 886 1917 —
909 1889 944 1928 is
971 1889 1080 1928 enim
1105 1889 1219 1929 loeus
1245 1888 1456 1942 placuerat
1474 1912 1530 1917 —
1549 1888 1603 1928 ad

245 1949 515 1989 constitutum
542 1957 705 2004 tempus
732 1950 864 1990 venit:
889 1950 1112 2004 Philippus
1139 1950 1276 1990 nullus
1301 1964 1497 2002 usquam,
1524 1963 1601 1990 nec

244 2011 413 2052 nuntius
446 2012 497 2052 ab
523 2027 571 2052 eo
601 2027 675 2066 per
707 2012 861 2065 aliquot
891 2012 1014 2052 horas
1046 2012 1237 2052 veniebat
1262 2036 1312 2059 —‚
1346 2019 1384 2051 et
1416 2011 1499 2051 iam
1530 2011 1601 2051 de-

201 2084 219 2112 3
246 2073 510 2126 sperantibus
537 2082 756 2114 venturum
781 2083 951 2128 repente
977 2074 1258 2127 adparuerunt
1283 2087 1425 2112 naves.
1475 2080 1599 2125 atque

244 2134 333 2188 ipsc
365 2134 549 2187 quidem,
589 2149 682 2174 cum
715 2143 799 2175 tam
829 2135 974 2189 gravia
1005 2143 1046 2175 ct
1079 2134 1251 2188 indigna
1286 2134 1599 2187 imperarentur,

244 2195 411 2249 inopem
448 2196 608 2237 consilii
645 2197 755 2237 diem
791 2196 1102 2250 consumpsisse
1139 2196 1406 2236 deliberando
1444 2195 1598 2244 aiebat3

202 2268 219 2295 »1
245 2257 370 2311 vulgo
398 2258 622 2298 eredebant
654 2258 703 2298 de
735 2258 938 2298 industria
968 2273 1056 2298 rem
1086 2257 1128 2297 in
1155 2272 1292 2298 serum
1322 2264 1514 2305 tractam,
1546 2271 1598 2297 ne

244 2324 407 2372 tempus
435 2319 522 2359 dari
547 2327 691 2374 posset
703 2320 887 2360 Achaeis
902 2319 1150 2372 Aetolisque
1171 2319 1223 2359 ad
1247 2319 1597 2373 respondendum,

200 2391 218 2419 5
244 2387 283 2417 01
309 2394 400 2419 eam
431 2380 669 2434 opinionem
698 2381 789 2436 ipse
820 2381 1052 2422 adfirmavit
1083 2381 1281 2435 petendo,
1319 2388 1363 2420 ut
1396 2379 1598 2422 submotis

245 2439 353 2488 aliis,
392 2457 444 2482 110
474 2450 638 2497 tempus
671 2443 907 2484 altercando
940 2450 1139 2483 tereretur
1170 2451 1210 2483 et
1247 2442 1372 2495 aliqui
1408 2442 1502 2482 finis
1537 2441 1597 2482 rei

245 2499 386 2553 inponi
418 2512 577 2555 posset,
611 2519 704 2544 eum
734 2505 825 2559 ipso
857 2504 1104 2559 imperatore
1129 2504 1320 2545 Romano
1346 2504 1487 2544 liceret
1519 2502 1597 2543 sibi

201 2572 218 2601 (3
247 2562 448 2614 conloqui.
508 2565 550 2604 id
580 2567 712 2620 primo
744 2583 826 2608 non
853 2574 1086 2621 acceptum,
1111 2581 1163 2607 ne
1190 2566 1353 2607 excludi
1379 2564 1596 2617 conloquio

203 2634 218 2661 7
246 2621 481 2664 viderentur
513 2627 630 2675 socii,
674 2628 786 2677 dein,
825 2642 919 2668 cum
950 2628 1061 2668 haud
1092 2628 1311 2669 absisteret
1346 2633 1506 2681 petere,
1543 2639 1595 2664 ex
