1799 2900
192 362 210 390 2

194 1039 212 1067 5

194 1161 211 1190 6

196 1285 210 1312 7

194 1528 214 1558 8

174 1835 214 1864 1Ο

175 2081 211 2110 11

178 2389 215 2418 13

202 2571 213 2599 1

241 174 320 216 100
510 180 661 214 LIBER
687 179 874 223 XXXIII,
899 179 955 213 ρο.
974 178 1029 213 21.
1059 181 1107 222 [a.
1121 191 1155 213 u.
1172 190 1201 213 e.
1216 178 1299 222 5237]

236 286 470 327 Romanum
490 296 646 338 proque
668 281 860 322 universo
881 282 1044 322 nomine
1062 281 1316 323 Graecorum
1337 288 1445 322 terra
1464 280 1586 321 mari-

237 362 315 400 que
347 345 435 386 ausi
468 352 582 392 sunt,
620 343 722 383 nihil
752 343 1082 397 magnificentius
1116 359 1238 397 quam
1270 343 1380 396 quod
1405 358 1453 383 ea
1485 350 1586 383 tem-

235 415 395 464 pestate
421 422 502 446 non
529 405 659 446 territi
690 413 805 446 tanta
829 406 937 446 111010
963 406 1198 446 inminentis
1225 406 1320 446 belli
1348 407 1507 459 legatos
1535 406 1586 445 ad

235 485 375 524 regem
401 469 615 516 miserunt,
641 482 692 508 ne
708 466 976 508 Chelidonias
995 492 1050 496 ——
1070 469 1399 522 promunturium
1415 466 1586 508 Ciliciae

237 540 312 580 est,
338 532 538 572 inclutum
564 531 731 571 foedere
756 530 925 583 antiquo
951 530 1273 570 Atheniensium
1299 544 1393 570 cum
1418 530 1584 584 regibus

237 595 776 647 Persarum—superaret:
805 592 839 633 si
863 606 911 632 eo
944 592 1024 632 fine
1050 607 1133 633 non
1159 591 1386 632 contineret
1411 592 1587 632 classem

238 656 459 711 copiasque
486 670 602 703 suas,
638 669 681 694 sc
707 653 873 694 obviam
898 654 1046 702 ituros,
1078 669 1159 693 non
1188 655 1238 694 ab
1265 653 1358 694 odio
1384 654 1487 701 ullo,
1515 652 1588 693 sed

237 733 287 758 ne
313 716 507 770 coniungi
533 731 627 757 eum
645 715 842 769 Philippo
866 722 1104 770 paterentur
1130 722 1170 755 et
1194 715 1474 769 inpedimento
1495 728 1588 755 esse

237 779 438 821 Romanis
464 778 734 819 liberantibus
763 777 995 818 Graeciam.
1035 776 1304 817 Coracesium
1331 792 1378 817 eo
1403 783 1588 829 tempore

236 841 471 882 Antiochus
514 840 706 895 operibus
745 840 1032 894 obpugnabat,
1071 838 1280 893 Zephyrio
1323 844 1363 878 et
1401 836 1512 878 Solis
1549 844 1590 877 et

237 902 546 958 Aphrodisiade
578 909 619 942 et
650 900 814 955 Coryco
846 908 903 949 et,
943 908 1136 955 superato
1161 899 1391 941 Anemurio
1415 923 1472 928 --
1495 913 1590 953 pro-

238 965 489 1005 munturium
520 963 561 1004 id
592 978 755 1016 quoque
783 962 954 1004 Ciliciae
980 970 1043 1003 est
1067 987 1141 1011 —,
1169 960 1384 1003 Selinunte
1408 967 1587 1015 recepto.

238 1027 428 1067 omnibus
466 1026 529 1066 his
568 1027 740 1079 aliisque
778 1025 898 1065 huius
931 1039 1027 1065 orae
1059 1024 1239 1065 castellis
1278 1030 1347 1064 aut
1376 1030 1489 1063 metu
1519 1029 1590 1063 aut

238 1088 449 1129 voluntate
477 1087 563 1128 sine
585 1086 807 1128 certamine
832 1087 873 1126 in
896 1086 1099 1127 dicionem
1124 1085 1303 1139 acceptis
1321 1083 1589 1125 Coracesium

237 1157 400 1204 praeter
426 1164 542 1203 spem
570 1149 721 1189 clausis
748 1148 878 1203 portis
904 1148 1071 1188 tenebat
1097 1163 1203 1188 eum.
1241 1147 1297 1187 ibi
1322 1146 1450 1201 legati
1474 1145 1590 1187 Rho-

239 1210 399 1251 diorum
424 1210 564 1250 auditi.
597 1219 637 1250 et
662 1225 912 1263 quamquam
938 1225 986 1250 ea
1010 1209 1163 1263 legatio
1189 1216 1286 1257 erat,
1314 1223 1418 1261 quae
1445 1222 1589 1248 accen-

239 1272 335 1312 dcre
360 1271 520 1325 regium
541 1271 721 1311 animum
746 1278 901 1326 posset,
929 1270 1173 1324 temperavit
1196 1269 1280 1309 irae
1300 1277 1339 1310 et
1363 1269 1522 1323 legatos
1544 1283 1588 1309 50

237 1333 434 1374 Rhodum
458 1333 682 1373 missurum
714 1332 928 1387 respondit
952 1332 1084 1384 iisque
1112 1332 1421 1378 mandaturum,
1452 1338 1497 1370 ut
1526 1345 1589 1371 re·—

238 1402 440 1435 novarent
471 1402 634 1434 vetusta
664 1394 754 1434 iura
784 1409 877 1434 cum
908 1408 956 1434 ea
993 1393 1158 1433 civitate
1196 1408 1269 1433 sua
1306 1392 1589 1444 maiorumque

240 1471 407 1496 suorum
433 1463 471 1495 et
498 1463 685 1496 vetarent
706 1470 776 1495 cos
802 1455 1092 1509 pertimescere
1115 1454 1338 1494 adventum
1357 1453 1467 1507 regis
1488 1453 1589 1493 nihil

240 1525 309 1557 aut
339 1517 389 1557 iis
422 1524 489 1557 aut
523 1517 644 1557 sociis
676 1531 818 1557 00111111
848 1516 996 1556 noxiae
1034 1516 1218 1555 futurum
1250 1514 1457 1554 fraudive:
1495 1529 1588 1554 nan]

237 1579 522 1619 Romanorum
553 1577 777 1617 amicitiam
810 1592 853 1617 se
884 1591 967 1616 11011
998 1576 1245 1616 violaturum
1277 1582 1520 1629 argumento
1551 1582 1590 1615 et

240 1655 357 1679 suam
381 1647 590 1680 recentem
614 1639 666 1679 ad
687 1653 757 1679 eos
783 1638 1035 1693 legationem
1056 1652 1148 1678 esse
1172 1644 1211 1677 et
1232 1646 1400 1678 senatus
1426 1636 1592 1677 honori-

239 1701 316 1741 fica
342 1701 383 1740 in
410 1715 453 1740 se
476 1701 641 1740 decreta
664 1714 960 1754 responsaque.
999 1707 1085 1739 tum
1111 1699 1216 1739 forte
1241 1698 1368 1753 legati
1386 1698 1593 1738 redierant

240 1763 290 1802 ab
304 1762 440 1803 Roma
460 1762 630 1802 comiter
652 1762 781 1802 auditi
801 1761 1056 1813 dimissique,
1082 1768 1128 1801 ut
1153 1768 1315 1815 tempus
1340 1760 1590 1815 postulabat,

240 1823 396 1863 incerto
435 1823 569 1863 adhue
606 1823 805 1863 adversus
842 1822 1084 1876 Philippum
1121 1828 1272 1862 eventu
1314 1821 1424 1862 belli.
1497 1835 1590 1861 cum

238 1885 342 1925 haee
365 1885 493 1939 legati
516 1884 627 1939 regis
652 1885 695 1924 in
721 1884 911 1925 contione
925 1884 1185 1924 Rhodiorum
1211 1891 1395 1937 agerent,
1422 1883 1590 1923 nuntius

239 1947 369 1995 venit,
408 1946 659 1986 debellatum
696 1947 749 1986 ad
787 1945 1128 2000 Cynoscephalas
1165 1960 1271 1986 esse.
1337 1945 1414 1986 hoc
1449 1944 1591 1984 nuntio

239 2016 408 2062 accepto
428 2008 585 2049 Rhodii
610 2008 777 2062 dempto
802 2014 916 2048 metu
941 2022 965 2047 a
986 2007 1182 2061 Philippo
1207 2007 1431 2048 omiserunt
1458 2006 1591 2047 consi-

240 2070 339 2109 lium
365 2070 532 2110 obviam
558 2069 680 2110 eundi
708 2069 840 2109 classe
867 2068 1089 2116 Antioche,
1115 2069 1229 2108 illam
1255 2068 1426 2108 alteram
1452 2081 1591 2107 curam

240 2147 323 2172 non
348 2133 575 2173 omiserunt
600 2133 776 2172 tuendae
801 2131 1002 2171 libertatis
1030 2130 1242 2171 civitatum
1269 2130 1473 2171 sociarum
1493 2130 1593 2170 Pto-

196 2207 202 2217 ‘
240 2194 405 2243 lemaei,
451 2194 600 2247 quibus
644 2194 797 2234 bellum
840 2194 892 2233 ab
931 2192 1143 2233 Antiocho
1186 2192 1425 2232 inminebat.
1496 2206 1593 2231 nam

241 2255 340 2295 alias
374 2256 535 2296 auxiliis
562 2255 770 2303 iuverunt,
805 2255 905 2295 alias
931 2254 1188 2309 providendo
1214 2268 1261 2294 ae
1285 2253 1592 2308 praemonendo

241 2324 411 2357 conatus
438 2317 568 2357 hostis
591 2331 796 2369 causaque
815 2316 1015 2357 libertatis
1038 2316 1204 2356 fuerunt
1220 2315 1390 2364 Caunis,
1405 2315 1592 2369 Myndis,

242 2377 684 2419 Halicarnassensibus
713 2377 961 2431 Samiisque.
1010 2393 1095 2418 non
1122 2392 1271 2432 operae
1297 2385 1360 2418 est
1385 2376 1592 2432 persequi,

242 2445 287 2477 ut
311 2452 497 2490 quaeque
529 2447 619 2479 acta
649 2440 691 2479 in
717 2439 779 2480 his
806 2440 906 2479 locis
934 2439 1035 2487 sint,
1075 2453 1169 2479 cum
1200 2439 1253 2479 ad
1284 2454 1332 2480 ea
1363 2452 1468 2492 quae
1498 2452 1593 2492 pro—

243 2499 331 2551 pria
355 2500 533 2540 Romani
558 2501 654 2541 belli
681 2508 775 2541 sunt
800 2501 869 2541 vix
895 2500 1123 2542 subficiam.

327 2558 459 2600 XXI.
507 2562 669 2602 Eodem
699 2569 883 2617 tempore
909 2563 1077 2603 Attalus
1108 2578 1181 2603 rex
1207 2577 1331 2616 aeger
1356 2563 1407 2602 ab
1434 2559 1591 2602 Thebis

242 2619 495 2673 Pergamum
538 2622 735 2664 advectus
783 2623 955 2664 moritur
997 2623 1125 2664 altero
1170 2631 1209 2665 01
1253 2621 1590 2678 septuagensimo
