1799 2900
190 269 202 297 1

186 392 204 421 2

186 514 204 542 3

185 760 203 788 4

187 883 205 911 5

188 1069 205 1098 6

197 2606 214 2636 6

234 142 315 184 120
511 148 664 183 LIBER
689 147 875 191 XXXIII,
900 146 954 180 45.
974 146 1028 182 46.
1058 149 1107 190 [a.
1123 158 1158 181 u.
1175 157 1203 181 c.
1218 146 1301 190 559]

317 250 566 292 XXXXV.
616 251 736 290 Haec
766 263 860 290 cum
892 250 943 291 ab
975 258 1058 290 tam
1095 249 1292 304 gravibus
1330 249 1581 300 auctoribus,

231 323 319 356 tum
345 313 413 366 qui
438 312 577 352 omnia
605 327 678 366 per
704 326 749 353 se
773 311 886 366 ipsos
912 312 1126 366 explorata
1152 312 1358 352 adferrent
1393 311 1582 353 audiren-

232 385 314 424 tur,
341 374 472 415 maior
496 388 561 414 res
589 373 700 426 quod
725 373 777 414 ad
801 373 1057 413 Antiochum
1083 373 1305 422 adtineret,
1338 373 1583 413 maturanda

231 437 363 491 magis
387 461 420 465 —
451 435 646 489 quoniam
680 450 754 476 rex
791 450 1050 488 quacumque
1088 435 1138 476 de
1174 449 1301 476 eausa
1336 435 1378 475 in
1416 434 1582 489 Syriam

231 499 507 541 concessisset
530 524 563 527 —
589 499 639 539 de
666 505 840 552 tyranno
867 498 1113 539 consultatio
1139 498 1229 538 visa
1259 506 1334 538 est.
1395 512 1488 538 eum
1514 497 1582 537 diu

230 563 505 617 disceptatum
532 567 661 609 esset,
693 569 830 600 utrum
856 561 956 600 satis
982 560 1065 600 iam
1090 574 1240 600 causae
1266 560 1486 609 videretur,
1513 574 1584 600 eur

230 625 518 665 decerneretur
542 622 715 671 bellum,
753 636 805 662 an
830 622 1116 677 permitterent
1147 622 1198 662 T.
1226 621 1440 672 Quincti0‚
1473 621 1584 674 quod

231 687 283 727 ad
313 685 466 726 Nabim
497 684 879 725 Lacedaemonium
910 684 1113 724 adtineret
1148 683 1305 723 faceret
1335 683 1446 736 quod
1481 698 1503 724 0
1539 698 1584 724 10

229 747 396 802 publica
427 754 613 787 censeret
645 760 757 794 esse,
795 745 1090 800 permiserunt,
1128 759 1220 784 eam
1250 759 1338 784 rem
1370 758 1462 784 esse
1493 744 1583 793 rati,

231 824 336 862 quae
367 815 573 849 maturata
599 807 777 848 dilatave
802 822 887 847 non
911 806 968 846 ita
993 805 1135 860 magni
1166 805 1365 846 momenti
1397 805 1449 845 ad
1475 819 1585 846 sum-

231 886 340 910 mam
377 885 466 910 rem
502 869 712 924 publicam
750 876 874 909 esset..
934 868 1068 922 magis
1100 867 1141 908 id
1173 866 1585 908 animadvertendum

231 948 336 980 csse,
364 932 461 985 quid
486 931 701 972 Hannibal
727 940 765 972 et
789 929 1174 985 Carthaginienses,
1202 929 1237 970 si
1262 944 1354 970 cum
1375 928 1586 970 Antiocho

231 994 383 1035 bellum
409 1001 567 1034 motum
593 993 711 1041 foret,
739 992 868 1033 acturi
894 1000 1046 1033 essent.

316 1055 534 1096 Advorsae
576 1054 806 1094 Hannibali
853 1053 1044 1094 factionis
1094 1052 1282 1093 homines
1331 1050 1586 1107 principibus

231 1116 452 1165 Romanis,
486 1115 718 1170 hospitibus
752 1115 926 1168 quisque
953 1115 1056 1163 suis,
1082 1114 1311 1154 identidem
1338 1113 1586 1161 scribebant,

232 1179 397 1219 nuntios
428 1178 667 1230 litterasque
700 1179 752 1218 ab
783 1177 1022 1218 Hannibale
1055 1177 1107 1217 ad
1139 1175 1398 1216 Antiochum
1436 1175 1586 1215 missas

233 1248 271 1281 et
299 1241 350 1281 ab
376 1255 474 1294 rege
501 1240 553 1280 ad
578 1254 673 1280 eum
705 1239 810 1279 clam
841 1239 1000 1293 legatos
1032 1238 1217 1278 venisse:
1255 1246 1297 1277 ut
1329 1237 1438 1277 feras
1465 1251 1587 1289 quas-

235 1303 330 1342 dam
367 1302 480 1342 nulla
511 1301 728 1341 mitescere
760 1309 866 1349 arte,
905 1301 963 1341 510
1000 1300 1186 1340 inmitem
1224 1307 1262 1339 et
1298 1298 1587 1353 inplacabilem

233 1364 320 1405 eius
347 1364 423 1403 viri
456 1363 639 1403 animum
664 1377 776 1403 esse:
807 1376 1062 1402 marcescere
1088 1361 1159 1402 otii
1192 1360 1272 1401 situ
1298 1360 1412 1413 queri
1445 1360 1588 1400 eivita-

233 1433 318 1466 tem
349 1432 387 1466 et
424 1425 569 1465 inertia
603 1424 729 1479 sopiri
765 1438 841 1464 1100
879 1423 967 1464 51110
1005 1438 1213 1464 1111110111111
1246 1423 1382 1464 sonitu
1419 1423 1587 1463 excitari

234 1502 372 1542 posse.
432 1486 534 1526 haec
558 1485 788 1540 probabilia
813 1486 1011 1525 memoria
1036 1485 1183 1539 prioris
1208 1485 1325 1533 belli,
1363 1499 1436 1538 per
1460 1499 1588 1526 unum

234 1549 350 1588 illum
385 1563 467 1588 non
498 1547 631 1601 magis
663 1547 771 1601 gesti
804 1561 928 1599 quam
953 1546 1073 1595 moti,
1105 1546 1297 1586 faciebat.
1357 1546 1588 1588 irritaverat

234 1611 357 1651 etiam
382 1609 537 1650 recenti
562 1610 672 1649 facto
697 1609 920 1649 multorum
945 1608 1175 1663 potentium
1201 1608 1372 1649 animos.

320 1671 594 1713 XXXXVI.
643 1671 835 1711 Iudieum
861 1671 961 1711 ordo
989 1669 1244 1724 Carthagine
1271 1685 1319 1710 ea
1344 1677 1590 1725 tempestate

236 1733 545 1782 dominabatur,
583 1747 631 1773 eo
669 1733 869 1781 maxime,
915 1733 1026 1786 quod
1062 1732 1173 1772 idem
1208 1733 1398 1787 perpetui
1433 1732 1590 1774 iudices

236 1803 364 1836 0111111.
423 1810 510 1844 105,
547 1794 659 1835 fama
694 1794 860 1848 vitaque
898 1795 1082 1835 omnium
1118 1794 1159 1834 111
1190 1794 1353 1835 illorum
1384 1802 1590 1849 potestate

235 1864 335 1897 erat.
396 1857 466 1910 qui
491 1871 618 1896 unum
644 1856 731 1897 eius
758 1856 912 1897 ordinis
925 1854 1203 1904 offendisset,
1232 1856 1365 1897 omnis
1392 1857 1590 1897 adversos

235 1918 432 1965 habebat,
476 1932 553 1959 1100
596 1926 811 1958 accusator
853 1917 965 1973 apud
1006 1918 1192 1958 infensos
1237 1917 1393 1958 iudices
1437 1918 1590 1959 deerat.

236 1981 382 2022 horum
420 1981 462 2020 in
499 1988 583 2021 tam
619 1980 823 2035 inpotenti
859 1995 989 2035 regno
1013 2004 1069 2008 —
1100 1994 1234 2032 neque
1273 1979 1380 2020 enim
1419 1979 1592 2021 civiliter

235 2043 357 2083 nimis
385 2042 533 2097 opibus
558 2042 780 2082 utebantur
796 2049 1025 2096 —praetor
1051 2041 1186 2082 factus
1212 2041 1428 2082 Hannibal
1453 2041 1591 2081 vocari

237 2105 289 2145 ad
315 2119 358 2145 se
391 2112 654 2157 quaestorem
683 2103 816 2144 iussit.
877 2109 1071 2156 quaestor
1102 2102 1144 2142 id
1174 2118 1247 2157 pro
1273 2102 1401 2143 nihilo
1434 2102 1590 2152 habuit,

235 2181 332 2206 1111111
357 2172 397 2206 01.
429 2165 628 2206 adversae
659 2165 850 2206 factionis
877 2171 963 2205 erat
995 2171 1054 2213 et,
1089 2164 1185 2217 quia
1217 2179 1268 2204 ex
1299 2171 1520 2217 quaestura
1550 2164 1592 2204 in

236 2227 412 2275 iudices,
455 2226 793 2281 potentissimum
830 2226 1036 2275 ordinem,
1079 2226 1356 2274 referebatur,
1398 2225 1481 2266 iam
1516 2241 1592 2280 pro

238 2289 385 2329 futuris
411 2304 509 2329 mox
535 2289 681 2343 opibus
708 2288 867 2328 animos
894 2289 1078 2342 gerebat.
1141 2287 1350 2328 enimvero
1376 2287 1592 2342 indignum

238 2349 280 2389 id
310 2358 423 2390 ratus
455 2350 669 2390 Hannibal
700 2351 901 2391 viatorem
929 2350 980 2390 ad
1011 2349 1296 2404 prendendum
1329 2358 1590 2402 quaestorem

238 2411 367 2459 misit,
416 2412 747 2464 subductumque
790 2412 833 2454 in
877 2412 1111 2453 contionem
1153 2426 1237 2452 non
1278 2411 1415 2465 ipsum
1458 2411 1591 2465 magis

240 2486 361 2523 quam
388 2473 571 2513 ordinem
597 2473 791 2522 iudicum,
816 2488 915 2528 prae
936 2488 1110 2526 quorum
1136 2473 1330 2527 superbia
1357 2481 1478 2525 atque
1505 2471 1591 2526 opi-

239 2533 316 2572 bus
337 2547 414 2572 nec
433 2533 546 2586 leges
569 2535 790 2587 quicquam
805 2543 944 2575 essent
964 2549 1041 2574 nee
1060 2534 1340 2589 magistratus,
1368 2533 1589 2574 accusavit.

241 2600 281 2633 et
312 2600 357 2633 ut
388 2595 578 2634 secundis
611 2595 778 2636 auribus
811 2595 941 2650 accipi
973 2596 1200 2637 orationem
1232 2594 1520 2636 animadvertit
1551 2602 1589 2635 et
