1799 2900
456 103 611 138 LIBER
639 104 840 145 XXXVII,
869 104 1010 139 13-15.
1039 106 1086 148 [a.
1102 104 1139 139 c.
1156 104 1236 148 190]
1439 95 1519 143 271

170 209 408 265 phallenum
438 206 635 255 faciebat,
674 207 940 261 clausumque
970 207 1053 248 iam
1083 222 1196 248 mare
1227 206 1524 248 commeatibus

173 270 325 311 Italicis
352 275 451 309 erat.

253 331 408 371 XIIII.
455 330 618 370 Piraeei
643 330 696 371 L.
718 330 898 371 Aemilio
923 331 1087 386 Regillo
1114 330 1350 372 succedenti
1377 331 1429 371 ad
1453 346 1526 371 na-
1555 347 1566 374 1

172 393 261 434 vale
286 392 504 446 imperium
528 392 748 447 Epicrates
775 393 973 442 obcurrit3
1012 394 1081 447 qui
1106 394 1246 434 audita
1271 393 1387 434 clade
1411 392 1527 434 Rho·
1551 407 1569 436 2

171 455 349 503 diorum,
394 468 487 494 cum
523 453 613 508 ipse
651 454 753 495 duas
792 462 951 495 tantum
989 455 1304 509 quinqueremes
1342 455 1525 504 haberet,

169 517 409 571 Epicratem
429 529 524 556 cum
544 524 737 569 quattuor
761 517 936 557 navibus
955 517 997 556 in
1009 517 1160 558 Asiam
1180 531 1320 558 secum
1343 516 1525 558 deduxit.

169 585 414 634 prosecutae
440 577 564 618 etiam
592 585 757 632 apertae
783 578 1104 619 Atheniensium
1131 594 1258 619 naves
1286 586 1393 619 sunt.
1440 579 1528 618 Ae-
1551 588 1570 618 3

171 656 274 696 gaeo
300 641 404 681 mari
429 640 587 681 traiecit
607 639 814 696 [Chium]-
863 642 1009 682 eodem
1029 641 1324 682 Timasicrates
1339 640 1527 682 Rhodius

172 718 265 744 cum
303 704 463 743 duabus
503 703 831 756 quadriremibus
870 704 921 744 ab
959 703 1087 745 Samo
1124 711 1244 744 nocte
1281 703 1529 758 intempesta

172 766 301 814 venit,
341 765 626 817 deductusque
653 765 705 805 ad
729 765 958 805 Aemilium
987 766 1183 820 praesidii
1210 779 1336 806 causa
1362 779 1405 805 se
1430 764 1529 804 mis-

172 842 263 867 sum
288 827 362 875 ait,
401 827 512 879 quod
537 842 628 867 eam
659 842 773 867 oram
805 827 929 867 maris
956 827 1150 867 infestam
1176 829 1358 867 oneraris
1390 826 1529 880 regiae

172 904 298 929 naves
325 889 639 929 excursionibus
666 889 819 929 crebris
846 891 898 930 ab
923 890 1200 944 Hellesponto
1227 896 1349 941 atque
1374 888 1529 941 Abydo

172 951 367 991 facerent.
418 950 620 991 traicienti
638 951 820 991 Aemilio
846 966 870 991 a
891 950 998 991 Chio
1020 949 1192 991 Samum
1220 951 1324 990 duae
1338 950 1529 990 Rhodiae
1555 959 1575 987 4

173 1013 454 1065 quadriremes
480 1012 632 1052 missae
659 1013 823 1052 obviam
850 1013 901 1052 ab
915 1012 1039 1053 Livio
1061 1020 1101 1052 et
1118 1027 1192 1052 rex
1205 1013 1416 1052 Eumenes
1438 1025 1531 1051 cum

173 1075 332 1115 duabus
359 1074 723 1127 quinqueremibus
751 1074 944 1114 obcurrit.
992 1073 1165 1114 Samum
1190 1081 1411 1128 postquam
1432 1087 1531 1112 ven·
1557 1083 1575 1111 5

173 1144 258 1176 tum
285 1144 365 1184 est,
394 1143 563 1190 accepta
588 1136 640 1175 ab
666 1135 790 1175 Livio
818 1135 951 1175 classe
977 1142 1019 1175 et
1043 1135 1262 1183 sacrificio,
1288 1142 1331 1174 ut
1359 1134 1529 1181 adsolet,

171 1198 246 1238 rite
272 1198 382 1238 facto
406 1197 613 1237 Aemilius
640 1196 858 1237 consilium
885 1197 1115 1237 advocavit.
1163 1197 1220 1237 ibi
1242 1195 1291 1236 C.
1318 1196 1532 1236 Livius—

172 1260 206 1300 is
232 1259 340 1300 enim
367 1266 430 1300 est
460 1258 616 1313 primus
641 1268 812 1312 rogatus
846 1259 1093 1299 sententiam
1117 1283 1173 1287 —
1198 1258 1405 1298 neminem
1431 1257 1531 1296 fide-

172 1322 250 1362 lius
278 1322 375 1362 dare
404 1336 529 1376 posse
561 1321 780 1361 consilium
812 1321 916 1361 dixit
946 1335 1069 1374 quam
1100 1335 1214 1369 eum,
1254 1321 1324 1372 qui
1348 1320 1390 1359 id
1415 1318 1531 1359 alteri

174 1384 385 1432 suaderet,
423 1383 534 1436 quod
569 1383 677 1438 ipse,
716 1383 750 1423 si
785 1383 827 1423 in
865 1383 1011 1424 eodem
1047 1383 1138 1424 loco
1175 1390 1303 1431 05501,
1347 1382 1531 1422 facturus

173 1446 314 1486 fuerit:
352 1461 396 1486 se
427 1446 469 1485 in
494 1445 630 1486 animo
657 1445 853 1486 habuisse
880 1453 965 1485 tota
991 1445 1123 1485 classe
1148 1444 1365 1499 Ephesum
1391 1451 1532 1498 petere
1559 1454 1576 1483 6

175 1515 215 1548 et
239 1507 448 1548 onerarias
481 1508 630 1547 ducere
661 1507 791 1547 multa
823 1508 994 1548 saburra
1025 1514 1219 1561 gravatas
1245 1513 1369 1558 atque
1395 1520 1464 1545 eas
1490 1505 1533 1544 in

175 1569 363 1610 faucibus
390 1577 532 1623 portus
559 1569 826 1623 subprimere.
887 1577 927 1609 et
959 1584 1008 1610 00
1034 1568 1202 1609 minoris
1228 1567 1458 1608 molimenti
1484 1581 1533 1607 ea

175 1631 356 1671 claustra
391 1645 502 1680 esse,
541 1631 651 1683 quod
687 1630 729 1670 in
765 1631 945 1671 fluminis
984 1631 1153 1671 modum
1183 1629 1353 1683 longum
1385 1635 1424 1669 et
1461 1643 1533 1668 an-

176 1700 345 1747 gustum
389 1701 429 1733 et
470 1693 672 1733 vadosum
715 1692 866 1732 ostium
908 1700 1051 1746 portus
1089 1692 1154 1732 sit.
1224 1691 1282 1731 ita
1317 1690 1533 1744 ademptu-

175 1770 267 1795 rum
298 1769 341 1795 se
373 1754 496 1796 maris
528 1770 649 1795 usum
680 1754 868 1795 hostibus
902 1754 1031 1795 fuisse
1062 1754 1331 1806 inutilemque
1357 1752 1533 1793 classem

177 1816 395 1857 facturum.

261 1878 363 1921 XV.
411 1879 522 1920 Nulli
548 1894 597 1919 ea
620 1879 783 1933 placere
810 1878 1025 1919 sententia.
1073 1878 1284 1917 Eumenes
1309 1890 1383 1918 rex
1409 1889 1533 1928 quae·
1560 1887 1575 1916 1

178 1940 291 1989 sivit,
340 1940 438 1993 quid
479 1941 672 1981 tandem?
726 1940 797 1980 ubi
839 1939 1038 1980 demersis
1080 1938 1255 1979 navibus
1297 1937 1534 1978 frenassent

178 2003 357 2043 claustra
386 2002 530 2051 maris,
568 2010 706 2043 utrum
736 2002 866 2043 libera
897 2017 972 2042 sua
1004 2001 1136 2042 classe
1169 1999 1403 2041 abscessuri
1439 1999 1534 2039 inde

177 2065 311 2105 forent
348 2065 400 2105 ad
436 2079 558 2119 opem
600 2065 815 2105 ferendam
858 2064 980 2104 sociis
1023 2070 1302 2115 terroremque
1344 2060 1532 2101 hostibus

178 2123 478 2180 praebendum,
517 2142 569 2166 an
599 2126 726 2167 nihilo
758 2126 892 2166 minus
925 2133 1010 2166 tota
1042 2125 1174 2165 classe
1199 2131 1363 2178 portum
1390 2123 1534 2163 obses-

180 2187 288 2227 suri?
325 2187 412 2228 sive
438 2188 547 2228 enim
572 2189 816 2236 abscedant,
844 2189 909 2227 cui
934 2187 1105 2227 dubium
1129 2201 1242 2233 esse,
1270 2186 1367 2238 quin
1392 2185 1531 2225 hostes
1559 2196 1578 2226 2

178 2250 400 2289 extracturi
426 2250 636 2290 demersas
661 2250 791 2291 moles
820 2250 901 2290 sint
920 2257 959 2290 01
980 2249 1136 2289 minore
1158 2248 1395 2288 molimento
1417 2261 1534 2301 aper-

179 2310 258 2350 turi
282 2318 447 2365 portum
478 2326 601 2364 quam
632 2312 892 2352 obstruatur?
941 2311 1004 2351 sin
1035 2318 1171 2350 autem
1201 2308 1453 2349 manendum
1477 2306 1533 2347 ibi

180 2372 306 2413 nihilo
330 2373 486 2422 minus,
524 2373 622 2425 quid
647 2373 829 2413 adtinere
861 2372 997 2412 claudi
1024 2372 1215 2426 portum?
1263 2370 1361 2424 quin
1392 2376 1534 2410 contra
1557 2382 1575 2412 3

178 2434 270 2475 illos
297 2435 503 2476 tutissimo
528 2443 667 2490 portu,
705 2434 1020 2489 opulentissima
1043 2435 1144 2474 urbe
1170 2433 1362 2481 fruentis,
1396 2432 1533 2473 omnia

179 2496 285 2538 Asia
308 2498 551 2552 praebente,
589 2497 726 2550 quieta
751 2496 908 2537 aestiva
933 2504 1115 2537 acturos:
1152 2496 1364 2537 Romanos
1390 2501 1531 2549 aperto

178 2559 219 2599 in
244 2560 347 2599 mari
372 2559 563 2600 fluctibus
595 2558 991 2614 tempestatibusque
1024 2559 1226 2608 obiectos,
1264 2557 1446 2599 omnium
1469 2557 1530 2596 in-

1560 1579 1575 1606 *1
