1799 2900
240 138 318 179 162
510 142 661 176 LIBER
687 141 898 185 XXXIIII,
924 141 978 175 46.
997 141 1052 175 47.
1080 144 1127 184 [a.
1145 153 1179 175 u.
1197 153 1226 177 c.
1240 143 1322 186 560]

191 263 209 291 3
235 249 345 289 mille
373 245 688 300 quadringenta.
738 244 937 285 militibus
964 260 1015 285 ex
1039 245 1194 299 pracda
1220 245 1360 286 divisit
1386 245 1425 286 in
1453 245 1595 301 singu-

235 311 296 351 los
323 310 505 349 ducenos
534 317 815 361 septuagenos
843 307 963 356 aeris,
989 307 1140 362 triplex
1166 308 1305 361 equiti.

189 388 207 416 4
320 371 384 410 Ti.
426 369 698 424 »Sempronius
739 369 883 410 consul
924 369 965 409 in
1007 370 1263 424 provinciam
1305 370 1516 425 profectus
1554 370 1595 410 in

232 433 434 474 Boiorum
477 432 657 486 primum
702 447 849 485 agrum
885 431 1072 486 legiones
1110 432 1238 473 duxit.
1299 433 1470 473 Boiorix
1509 441 1596 473 tum

235 495 404 549 regulus
433 509 575 535 eorum
603 507 697 533 cum
724 493 885 534 duobus
912 493 1108 535 fratribus
1131 502 1216 535 tota
1241 503 1364 549 gente
1391 496 1597 535 concitata

234 558 287 597 ad
311 556 598 597 rebellandum
624 564 761 596 castra
786 555 886 596 locis
922 556 1074 611 apertis
1106 556 1263 610 posuit,
1302 564 1347 597 ut
1379 557 1595 612 adpareret

191 635 209 663 5
237 619 518 667 dimicaturos,
547 619 581 658 si
608 618 739 659 hostis
766 618 859 658 finis
885 618 1094 659 intrasset.
1151 618 1296 658 consul
1322 619 1392 659 ubi
1419 626 1597 672 quantae

234 682 396 736 copiae,
436 690 590 734 quanta
627 681 778 721 fiducia
814 688 926 722 esset
961 681 1090 730 hosti,
1130 682 1278 730 sensit,
1318 683 1508 723 nuntium
1545 683 1597 723 ad

235 744 439 797 collegam
466 743 603 792 mittit,
630 750 687 792 ut,
715 743 749 783 si
775 743 983 784 videretur
1009 743 1064 791 ei,
1091 750 1317 783 maturaret
1343 744 1502 784 venire:
1553 759 1597 785 se

192 820 210 850 G
236 806 552 860 tergiversando
583 805 624 845 in
657 805 883 845 adventum
910 805 997 845 eius
1023 820 1112 845 rem
1138 812 1431 846 extracturum.
1493 819 1597 858 quac

235 883 362 909 causa
386 867 547 908 consuli
573 867 807 915 cunctandi,
835 867 980 908 cadem
1004 866 1151 915 Gallis,
1178 874 1468 922 praeterquam
1488 867 1599 920 quod

236 931 442 971 cunctatio
469 929 651 971 hostium
683 929 843 970 animos
870 929 1068 978 faciebat,
1105 929 1164 970 rei
1196 929 1465 970 maturandae
1497 936 1597 978 erat,

234 999 279 1032 ut
298 992 540 1047 priusquam
562 992 913 1046 coniungerentur
933 991 1151 1033 consulum
1173 991 1329 1046 copiae,
1356 1006 1444 1032 rem
1464 999 1598 1031 trans-

235 1055 408 1109 igerent.
480 1069 555 1108 per
586 1054 759 1094 biduum
797 1062 937 1095 tamen
967 1054 1069 1094 nihil
1101 1054 1213 1094 aliud
1240 1068 1363 1107 quam
1395 1060 1598 1094 steterunt

235 1116 367 1171 parati
407 1116 459 1156 ad
496 1131 700 1170 pugnam,
748 1116 782 1156 si
821 1117 912 1169 quis
957 1124 1100 1157 contra
1143 1116 1428 1170 egrederetur:
1477 1114 1598 1155 tertio

236 1178 398 1218 subiere
424 1177 477 1218 ad
504 1178 658 1217 vallum
685 1185 901 1231 castraque
925 1178 1046 1218 simul
1069 1178 1120 1218 ab
1142 1177 1253 1218 omni
1272 1186 1388 1232 parte
1410 1176 1597 1231 adgressi

239 1247 347 1280 sunt.
399 1239 543 1280 consul
570 1255 684 1280 arma
710 1239 920 1294 extemplo
947 1254 1094 1294 capere
1120 1239 1270 1279 milites
1296 1238 1436 1287 iussit3
1465 1253 1598 1278 arma-

236 1310 300 1342 tos
327 1301 423 1342 inde
448 1301 660 1356 paulisper
687 1301 900 1350 continuit,
928 1309 970 1341 ut
998 1310 1036 1341 et
1063 1300 1255 1341 stolidam
1274 1300 1469 1340 fiduciam
1489 1299 1597 1340 hosti

238 1371 407 1418 augeret
432 1372 470 1404 et
491 1364 728 1418 disponeret
752 1363 905 1419 copias,
933 1363 1082 1416 quibus
1105 1378 1292 1416 quaeque
1312 1362 1442 1417 portis
1463 1377 1597 1403 erum-

192 1442 210 1472 9
237 1434 395 1480 perent.
457 1426 563 1466 duae
588 1421 781 1480 legiones
803 1426 964 1466 duabus
997 1425 1294 1480 principalibus
1320 1424 1449 1479 portis
1478 1424 1598 1478 signa

237 1488 384 1528 efferre
420 1487 573 1528 iussae.
635 1488 709 1528 sed
745 1488 786 1527 in
823 1487 915 1541 ipso
952 1487 1065 1528 exitu
1103 1487 1159 1527 ita
1197 1486 1371 1526 conferti
1401 1485 1598 1526 obstitere

173 1566 211 1594 10
239 1548 370 1597 Galli,
408 1557 453 1589 ut
489 1549 729 1589 clauderent
766 1549 889 1589 viam.
951 1548 1019 1588 diu
1056 1548 1096 1588 in
1130 1548 1333 1602 angustiis
1366 1556 1598 1602 pugnatum

236 1619 312 1651 est.
378 1625 456 1651 nce
491 1611 647 1651 dextris
686 1611 820 1665 magis
858 1610 1091 1666 gladiisque
1123 1611 1345 1664 gerebatur
1376 1624 1442 1650 res
1474 1623 1598 1662 quam

172 1691 209 1719 11
239 1672 365 1713 scutis
405 1673 729 1728 corporibusque
764 1673 867 1727 ipsis
906 1672 1047 1713 obnixi
1082 1673 1307 1727 urgebant,
1344 1671 1524 1712 Romani
1553 1680 1597 1710 ut

236 1734 356 1789 signa
387 1734 499 1775 foras
526 1735 739 1783 efferrent,
768 1734 880 1775 Galli
905 1742 950 1774 ut
976 1742 1047 1775 aut
1072 1734 1113 1774 in
1140 1742 1276 1775 castra
1301 1734 1382 1788 ipsi
1406 1741 1598 1788 penetra-

171 1813 209 1842 12
235 1804 327 1836 rent.
357 1804 428 1837 aut
458 1796 570 1838 exire
595 1797 809 1838 Romanos
841 1797 1122 1852 prohiberent.
1189 1810 1267 1837 nec
1299 1804 1393 1836 ante
1418 1796 1460 1836 in
1492 1795 1598 1836 hanc

236 1866 305 1899 aut
329 1858 442 1899 illam
467 1868 628 1914 partem
653 1859 811 1900 moveri
837 1859 946 1899 acies
972 1865 1197 1914 potuerunt
1222 1872 1347 1911 quam
1373 1856 1426 1909 Q.
1452 1857 1597 1899 Victo-

234 1921 318 1961 rius
352 1921 472 1975 primi
504 1921 576 1976 pili
609 1921 793 1963 centurio
826 1930 865 1962 et
894 1920 943 1962 C.
970 1920 1140 1961 Atinius
1178 1920 1367 1960 tribunus
1406 1919 1596 1963 militum,

235 1992 405 2035 quartae
426 1983 505 2032 hic,
531 1984 599 2024 ille
621 1984 827 2025 secundae
852 1982 1043 2037 legionis,
1069 1997 1156 2022 rem
1182 1982 1224 2021 in
1245 1981 1402 2036 asperis
1428 1981 1596 2035 proeliis

237 2060 361 2100 saepe
387 2052 644 2100 temptatam,
672 2046 791 2100 sigua
818 2045 1011 2099 adempta
1037 2043 1246 2099 signiferis
1266 2043 1308 2083 in
1333 2043 1464 2084 hostis
1490 2043 1597 2084 iece-

171 2125 209 2153 13
235 2116 344 2149 runt.
406 2108 504 2148 dum
529 2116 722 2163 repetunt
755 2108 868 2149 enise
896 2107 1081 2161 signum,
1113 2106 1271 2161 priores
1299 2104 1525 2146 secundani
1552 2119 1595 2145 se

234 2178 353 2224 porta
379 2170 549 2211 eiecere.

193 2250 205 2277 1
322 2232 623 2275 XXXXVH.
673 2233 764 2273 Iam
792 2232 832 2272 hi
860 2240 977 2273 extra
1002 2231 1157 2271 vallum
1182 2230 1426 2285 pugnabant
1451 2238 1597 2282 quarta

236 2294 400 2349 legione
426 2295 466 2335 in
492 2303 612 2350 porta
637 2295 854 2344 haerente,
888 2308 982 2334 cum
1014 2294 1118 2334 alius
1145 2293 1345 2333 tumultus
1373 2307 1424 2332 ex
1451 2306 1597 2332 aversa

236 2366 351 2410 parte
397 2368 626 2398 castrorum
670 2365 732 2398 est
776 2364 958 2398 exortus.
1031 2356 1073 2396 in
1116 2364 1277 2410 portam
1317 2353 1593 2408 quaestoriam

193 2433 210 2462 2
236 2418 477 2472 inruperant
504 2419 634 2469 Galli,
660 2420 976 2472 resistentisque
1002 2418 1253 2473 pertinacius
1281 2416 1515 2458 occiderant
1540 2415 1594 2455 L.

237 2481 498 2522 Postumium
526 2491 808 2536 quaestorem,
837 2483 900 2523 cui
927 2482 1148 2537 Tympano
1174 2481 1253 2521 fuit
1278 2493 1529 2534 cognomen,
1556 2485 1594 2518 et

237 2541 300 2582 M.
326 2542 516 2583 Atinium
543 2552 581 2585 et
606 2545 656 2585 P.
685 2545 978 2601 Sempronium
1012 2545 1244 2599 praefectos
1273 2542 1430 2583 socium
1456 2548 1497 2581 et
1521 2540 1595 2580 du-

193 2620 211 2648 3
239 2612 380 2645 centos
418 2605 547 2646 ferme
586 2607 750 2648 milites.
812 2614 932 2662 capta
968 2606 1021 2647 ab
1058 2621 1107 2648 ea
1142 2613 1260 2661 parte
1297 2612 1432 2645 castra
1463 2608 1593 2650 erant,

192 1070 208 1098 *l

191 1254 211 1284 w
