1799 2900
493 112 647 146 LIBER
675 113 837 155 xxxv,
863 113 916 148 35.
946 114 1143 157 [110192]
1414 103 1497 144 205

142 218 241 272 quid
264 217 572 258 Alexamenum
596 231 662 257 res
688 217 888 257 movisset
915 217 1040 258 subiti
1065 217 1225 259 consilii
1251 232 1417 272 capere,
1444 217 1497 257 ad

141 281 200 329 id,
227 278 415 334 quamvis
442 278 718 333 inopinatum,
745 280 1026 329 temerarium,
1053 280 1202 328 audax,
1230 280 1496 320 oboedienter

141 341 430 394 exequendum
454 340 588 395 parati
614 348 753 381 essent
780 356 827 381 ae
851 357 925 396 pro
953 356 1000 382 eo
1028 342 1262 396 acciperent
1286 350 1496 394 tamquam

141 404 259 444 adid
290 419 418 443 unum
450 403 658 457 agendum
689 403 840 444 missos
875 405 926 444 ab
953 405 1075 445 domo
1102 419 1145 445 se
1178 404 1342 445 scirent.
1403 417 1495 444 cum

141 466 204 506 his
230 466 287 506 ita
312 465 569 520 praeparatis
584 465 870 506 Alexamenus
898 466 950 506 ad
975 474 1196 520 tymannum
1221 466 1347 515 venit,
1374 480 1496 518 quem

142 529 367 569 adveniens
395 527 604 582 extemplo
631 528 719 582 spei
744 528 949 582 implevit:
976 529 1231 569 Antiochum
1256 529 1339 569 iam
1365 536 1498 569 trans-

141 591 223 631 isse
238 591 279 630 in
292 591 521 645 Europam,
548 606 645 630 mox
659 591 701 630 in
718 589 896 631 Graecia
915 592 1016 639 fore,
1043 600 1186 640 terras,
1214 591 1343 632 maria
1358 591 1496 639 armis,

143 652 238 693 viris
260 653 575 707 completurum.
614 669 696 693 non
717 668 811 693 cum
830 654 1027 708 Philippo
1047 669 1134 694 rem
1155 669 1247 694 esse
1269 654 1496 694 credituros

140 715 375 764 Romanos3
402 730 620 755 numerum
646 715 739 755 iniri
764 715 949 769 peditum
971 715 1237 768 equitumque
1259 729 1305 755 ae
1329 715 1498 756 navium

142 792 225 817 non
250 791 393 831 posse,
432 777 747 831 elephantorum
778 777 907 817 aciem
941 784 1168 831 conspectu
1198 778 1290 832 ipso
1317 777 1498 818 debella-

142 846 288 879 turam.
325 839 501 879 Aetolos
529 847 614 879 toto
641 854 715 879 suo
738 839 920 879 exercitu
945 848 1112 893 paratos
1140 854 1233 880 esse
1259 839 1398 880 venire
1413 840 1499 880 La-

143 901 457 949 cedaemonem,
497 915 588 940 cum
626 916 692 941 res
729 909 894 955 poscat3
940 902 1013 941 sed
1050 902 1278 953 frequentis
1317 908 1497 941 armatos

143 963 361 1002 ostendere
394 962 630 1002 advenienti
659 963 748 1016 regi
779 963 974 1003 voluisse.
1029 963 1182 1003 Nabidi
1219 977 1382 1015 quoque
1419 962 1499 1016 ipsi

142 1023 380 1064 faciendum
405 1039 516 1071 esse,
543 1031 587 1063 ut
613 1038 714 1076 quas
748 1023 919 1063 haberet
944 1024 1084 1077 copias
1121 1038 1204 1063 non
1237 1024 1390 1064 sineret
1422 1024 1499 1063 sub

144 1086 261 1127 tectis
288 1100 543 1126 marcescere
564 1086 659 1134 oti03
688 1086 761 1125 sed
783 1086 977 1126 educeret
1002 1094 1041 1126 et
1067 1086 1110 1125 in
1135 1086 1259 1125 armis
1283 1086 1500 1126 decurrere

143 1155 323 1202 cogeret,
352 1148 473 1187 simul
499 1147 658 1187 animos
686 1154 851 1187 acueret
877 1155 917 1187 et
942 1162 1115 1201 corpora
1141 1153 1365 1187 exerceret.
1403 1161 1501 1187 con-

144 1209 360 1250 suetudine
386 1209 584 1249 leviorem
608 1209 795 1249 laborem
820 1210 926 1257 fore,
954 1216 994 1249 et.
1019 1209 1211 1249 comitate
1237 1224 1286 1249 ac
1312 1208 1502 1263 benigni-

143 1278 225 1312 tate
252 1271 367 1311 ducis
395 1270 519 1310 etiam
544 1286 628 1311 non
657 1271 927 1310 iniucundum
958 1270 1046 1311 fieri
1071 1286 1209 1325 posse.
1260 1271 1380 1311 educi
1404 1270 1501 1310 inde

143 1333 380 1386 frequenter
415 1341 511 1373 ante
547 1334 693 1373 urbem
728 1333 771 1372 in
808 1348 1000 1388 campum
1033 1333 1086 1374 ad
1115 1334 1305 1373 Eurotan
1335 1347 1502 1373 amnem

144 1409 329 1449 coepere.
391 1395 591 1435 satellites
625 1395 791 1449 tyranni
822 1396 865 1435 in
897 1395 1035 1436 media
1065 1395 1153 1445 fere
1185 1395 1273 1435 acie
1300 1394 1501 1435 consiste-

144 1458 261 1507 bant3
289 1465 488 1511 tyrannus
517 1472 610 1498 cum
636 1459 767 1498 tribus
795 1473 1003 1498 summum
1024 1458 1244 1511 equitibus,
1270 1458 1378 1498 inter
1397 1471 1501 1510 quos

143 1520 386 1574 plerumque
410 1520 696 1560 Alexamenus
724 1527 828 1568 erat,
856 1528 951 1560 ante
978 1520 1099 1574 signa
1124 1520 1386 1568 vectabatur,
1414 1533 1502 1559 cor-

144 1596 227 1621 nua
258 1588 443 1621 extrema
478 1581 661 1622 invisens
672 1598 681 1630 3
720 1582 762 1622 in
802 1582 947 1622 dextro
978 1595 1105 1622 cornu
1136 1581 1278 1622 Aetoli
1315 1588 1432 1621 erant
1463 1589 1502 1620 et

145 1643 214 1696 qui
241 1651 334 1684 ante
366 1644 587 1684 auxiliares
620 1644 783 1697 tyranni
809 1644 973 1684 fuerant
1000 1651 1040 1684 et
1065 1644 1135 1696 qui
1161 1650 1361 1684 venerant
1390 1642 1502 1682 mille

146 1720 239 1746 cum
264 1706 540 1746 Alexameno.
600 1706 756 1746 fecerat
787 1706 866 1746 sibi
897 1721 1053 1746 morem
1079 1706 1366 1746 Alexamenus
1392 1717 1502 1744 nunc

145 1782 239 1807 eum
265 1776 440 1822 tyranno
466 1769 571 1808 inter
603 1782 757 1822 paucos
785 1769 949 1809 ordines
977 1768 1257 1808 circumeundi
1287 1766 1503 1807 monendi-

146 1844 226 1883 que
252 1845 347 1870 eum
373 1845 477 1883 quae
508 1831 551 1869 in
576 1845 662 1870 rem
690 1845 782 1870 esse
814 1830 1079 1879 videbantur,
1111 1843 1221 1869 nunc
1246 1829 1288 1868 in
1315 1829 1504 1869 dextrum

147 1907 274 1933 cornu
310 1893 363 1933 ad
400 1908 497 1933 suos
536 1892 765 1945 equitandi,
803 1907 900 1932 mox
930 1892 1027 1932 inde
1061 1892 1174 1932 velut
1204 1891 1419 1945 imperato,
1451 1890 1505 1930 ad

147 1955 257 2007 quod
292 1970 358 1995 res
395 1954 675 2009 poposcisset,
714 1954 941 2008 reeipiendi
973 1968 1017 1994 se
1049 1954 1102 1994 ad
1133 1960 1367 2006 tyrannum.
1429 1952 1503 1992 sed

147 2032 269 2069 quem
296 2016 404 2056 diem
430 2016 633 2071 patrando
660 2017 835 2057 facinori
861 2022 1073 2063 statuerat,
1101 2030 1149 2055 eo
1175 2015 1385 2069 paulisper
1410 2027 1503 2053 cum

148 2086 323 2132 tyranno
344 2086 530 2119 vectatus
552 2092 646 2118 cum
671 2079 724 2118 ad
751 2093 847 2118 suos
870 2077 1158 2125 concessisset,
1185 2085 1273 2117 tum
1298 2076 1503 2129 equitibus

149 2142 200 2181 ab
227 2141 350 2181 domo
377 2155 518 2181 seeum
544 2140 681 2180 missis
710 2140 910 2194 ‘agenda'
935 2139 1067 2192 inquit
1099 2143 1182 2179 ‘res
1210 2145 1291 2187 est,
1317 2139 1502 2186 iuvenes,

150 2203 443 2255 audendaque,
481 2217 604 2255 quam
634 2217 701 2242 me
735 2203 838 2242 duce
877 2201 1037 2256 inpigre
1070 2200 1218 2253 exequi
1257 2200 1359 2240 iussi
1390 2199 1504 2240 estis.

149 2271 291 2319 parate
323 2264 502 2313 animos,
543 2265 729 2312 dextras,
766 2279 818 2304 ne
851 2264 942 2316 quis
975 2264 1017 2303 in
1043 2278 1091 2303 eo
1118 2262 1229 2315 quod
1260 2277 1325 2302 me
1357 2262 1505 2302 viderit

149 2327 369 2367 facientem
396 2334 543 2367 cesset.
593 2326 661 2378 qui
687 2332 902 2366 cunctatus
929 2325 1052 2365 fuerit
1077 2332 1117 2365 et
1143 2340 1263 2365 suum
1289 2324 1505 2365 consilium

149 2404 241 2429 meo
266 2389 519 2443 interponet,
553 2389 656 2429 sciat
688 2388 767 2429 sibi
791 2388 968 2427 reditum
994 2388 1046 2427 ad
1078 2394 1249 2441 penates
1275 2402 1359 2427 non
1385 2387 1503 2427 esse?

149 2451 294 2491 horror
319 2458 488 2491 cunctos
510 2451 629 2505 cepit,
657 2457 697 2490 et
715 2449 987 2490 meminerant
1014 2464 1107 2490 cum
1130 2450 1279 2502 quibus
1299 2449 1504 2490 mandatis

150 2512 344 2553 exissent.
377 2520 576 2566 tyrannus
597 2513 648 2552 ab
669 2512 788 2552 laevo
803 2526 930 2552 cornu
950 2512 1154 2552 veniebat.
1188 2526 1342 2566 ponere
1363 2511 1504 2552 hastas

150 2574 309 2628 equites
335 2575 622 2616 Alexamenus
648 2573 763 2614 iubet
793 2580 834 2614 et
866 2588 911 2614 se
941 2574 1109 2623 intueri3
1143 2573 1314 2628 conligit
1347 2580 1387 2614 et
1416 2574 1506 2628 ipse

1531 1159 1567 1187 10

1529 1407 1567 1436 11

1531 1592 1569 1621 12

1530 1717 1569 1746 13

1532 1841 1572 1869 14

1530 1965 1569 1994 15

1533 2151 1570 2180 16

1532 2337 1570 2367 17

1533 2522 1572 2554 18
