1799 2900
268 317 284 346 7

242 998 280 1029 10

259 1372 277 1400 10

258 1621 275 1649 ΟΞ

253 2543 272 2571 8

314 128 399 170 446
611 136 762 171 LIBER
785 136 951 181 xxxx,
976 136 1031 171 25.
1050 137 1104 171 26.
1133 139 1179 183 [a.
1195 150 1228 172 u.
1244 149 1272 173 e.
1288 138 1370 184 573]

312 247 565 295 pugnarunt,
609 240 666 280 ita
700 248 746 280 ut
781 254 833 280 nc
870 239 1069 280 efferendi
1105 240 1270 293 quidem
1308 243 1428 296 signa
1462 241 1663 282 Romanis

311 302 489 357 spatium
515 315 590 342 nec
617 301 669 341 ad
694 301 982 356 explicandam
1013 302 1143 342 aciem
1166 303 1281 344 locus
1308 311 1430 344 esset.
1491 303 1664 344 conferti

310 364 351 403 in
376 363 504 417 portis
532 363 735 404 obstando
760 363 893 417 magis
916 378 1038 416 quam
1063 365 1287 418 pugnando
1314 374 1449 406 castra
1474 365 1664 406 tutaban—

309 434 385 466 tur.
447 426 523 465 sub
562 439 754 465 occasum
793 425 891 466 solis
931 440 1023 465 cum
1054 427 1324 467 recessissent
1354 427 1515 476 hostes,
1559 427 1663 468 duos

308 486 467 540 equites
500 487 553 527 ad
581 486 658 527 Cn.
686 486 891 527 Baebium
922 487 1212 541 proconsulem
1242 503 1336 528 cum
1365 488 1510 529 litteris
1540 489 1663 529 Pisas

308 549 449 596 mittit,
476 557 522 589 ut
547 549 722 590 obsesso
747 564 820 603 per
845 549 1024 590 indutias
1052 550 1129 590 sibi
1156 565 1279 602 quam
1303 550 1481 604 primum
1506 551 1664 591 veniret

308 610 506 651 subsidio.
554 611 739 651 Baebius
766 611 993 651 exercitum
1012 611 1074 651 JM.
1089 611 1258 651 Pinario
1283 612 1460 665 praetori
1486 612 1597 652 eunti
1622 611 1663 651 in

308 671 543 712 Sardiniam
569 673 813 721 tradiderat3
852 680 1033 713 ceterum
1064 680 1104 713 et
1130 680 1320 713 senatum
1348 673 1493 713 litteris
1519 674 1664 714 certio-

306 750 393 775 rem
412 734 523 784 facit,
544 735 724 775 obsideri
745 750 767 775 a
781 734 1009 788 Liguribus
1025 735 1078 775 L.
1092 735 1333 783 Aemilium,
1355 743 1395 775 et
1407 735 1470 775 M.
1487 733 1663 776 Claudio

305 796 527 845 Marcello,
555 797 670 837 cuius
696 797 885 851 proxima
908 797 1003 837 inde
1030 797 1240 851 provincia
1267 805 1371 846 erat,
1399 797 1580 851 scripsit,
1605 804 1663 846 ut,

307 859 340 899 si
366 859 574 900 videretur
599 859 655 908 ci,
695 859 921 899 exercitum
947 874 968 900 e
996 858 1133 899 Gallia
1159 859 1391 900 traduceret
1415 859 1457 899 in
1481 859 1662 913 Ligures

306 928 346 961 et
377 921 429 961 L.
461 921 691 961 Aemilium
727 921 921 961 liberaret
957 921 1185 962 obsidione.
1257 920 1361 961 haec
1398 936 1490 962 sera
1525 921 1664 962 futura

306 983 458 1023 auxilia
494 991 623 1024 erant.
688 983 871 1037 Ligures
910 983 963 1023 ad
999 991 1135 1023 castra
1171 991 1338 1037 postero
1375 983 1440 1023 die
1475 983 1662 1024 redeunt.

303 1045 508 1086 Aemilius
547 1060 639 1085 cum
676 1053 716 1086 et
753 1052 949 1085 venturos
988 1045 1137 1086 scisset
1172 1052 1213 1086 et
1249 1045 1423 1086 educere
1459 1044 1502 1084 in
1533 1044 1663 1085 aciem

303 1107 524 1160 potuisset,
563 1107 671 1148 intra
696 1107 851 1147 vallum
877 1122 974 1147 suos
1001 1106 1148 1155 tenuit,
1181 1113 1227 1147 ut
1252 1107 1486 1148 extraheret
1510 1121 1597 1147 rem
1620 1106 1662 1146 in

303 1168 346 1208 id
381 1175 564 1224 tempus,
614 1184 695 1222 quo
732 1169 917 1210 Baebius
956 1183 1049 1209 cum
1092 1169 1275 1210 exercitu
1313 1168 1453 1209 venire
1491 1183 1515 1209 a
1550 1167 1661 1209 Pisis

304 1238 459 1284 posset.

388 1292 564 1334 XXVI.
603 1292 764 1333 Romae
786 1307 981 1347 magnam
1002 1291 1319 1346 trepidationem
1338 1291 1498 1332 litterae
1512 1291 1663 1332 Baebii

304 1353 510 1403 fecerunt,
548 1369 596 1394 co
627 1355 825 1395 maiorem
858 1354 968 1407 quod
998 1368 1153 1408 paucos
1187 1362 1281 1408 post
1306 1353 1393 1394 dies
1418 1354 1662 1402 Marcellus,

304 1416 452 1457 tradito
478 1416 658 1456 exercitu
673 1416 804 1457 Fabio
818 1416 995 1457 Romam
1023 1430 1116 1455 cum
1142 1415 1344 1464 venisset,
1372 1430 1489 1469 spem
1509 1415 1661 1456 ademit

303 1491 396 1517 eum
422 1478 490 1531 qui
516 1478 558 1517 in
585 1477 723 1518 Gallia
753 1487 864 1518 esset
895 1477 1121 1518 exercitum
1152 1477 1194 1516 in
1218 1477 1400 1530 Ligures
1425 1492 1549 1530 posse
1580 1486 1661 1517 tra-

303 1540 415 1588 duci,
454 1540 550 1592 quia
579 1540 735 1580 bellum
768 1554 861 1578 cum
886 1539 1044 1578 Histris
1070 1546 1182 1578 esset
1212 1537 1526 1592 prohibentibus
1552 1539 1661 1580 colo-

302 1601 413 1641 niam
448 1601 686 1654 Aquileiam
724 1600 891 1641 deduci:
935 1615 983 1641 eo
1019 1600 1253 1654 profectum
1288 1599 1484 1649 Fabium,
1527 1615 1661 1654 neque

301 1663 395 1703 inde
421 1663 585 1717 regredi
611 1663 718 1703 bello
744 1662 937 1703 inchoato
962 1677 1100 1717 posse.
1139 1677 1238 1710 una,
1265 1670 1304 1702 ct
1330 1676 1379 1702 ea
1397 1662 1488 1716 ipsa
1509 1663 1662 1704 tardior

302 1740 425 1778 quam
451 1732 614 1779 tempus
640 1725 897 1779 postulabat,
937 1724 1111 1764 subsidii
1144 1739 1238 1778 spes
1266 1731 1371 1773 erat,
1411 1724 1445 1765 si
1470 1725 1660 1766 consules

300 1794 580 1827 maturassent
616 1787 660 1826 in
696 1786 952 1840 provinciam
988 1786 1060 1826 ire.
1119 1786 1163 1826 id
1192 1793 1238 1826 ut
1268 1786 1472 1836 facerent,
1509 1802 1584 1842 pro
1617 1801 1661 1828 Se

300 1849 474 1901 quisque
499 1856 663 1903 patrum
689 1848 919 1889 vociferari.
970 1848 1161 1889 ‘consules
1187 1847 1268 1889 nIsi
1294 1849 1483 1889 confecto
1510 1849 1661 1890 dilectu

299 1925 452 1964 negare
478 1925 570 1951 sese
595 1911 744 1959 ituros,
780 1924 857 1951 nec
883 1925 1001 1951 suam
1027 1910 1268 1964 segnitiam,
1308 1911 1382 1951 sed
1414 1911 1498 1951 vim
1527 1912 1661 1953 morbi

299 1973 341 2013 in
367 1987 493 2014 causa
517 1988 628 2022 esse,
655 1986 735 2026 quo
763 1973 893 2014 serius
920 1973 1198 2027 perficeretur.
1246 1988 1330 2014 non
1351 1981 1489 2014 tamen
1513 1984 1659 2029 potue-

299 2043 393 2076 runt
421 2036 625 2077 sustinere
652 2051 901 2077 consensum
928 2044 1115 2085 senatus,
1155 2036 1253 2089 quin
1283 2036 1467 2091 paludati
1501 2037 1658 2077 exirent

299 2104 339 2139 ct
374 2099 572 2140 militibus
610 2114 714 2152 quos
758 2098 1014 2153 conscriptos
1054 2098 1254 2139 haberent
1292 2098 1400 2139 diem
1438 2099 1657 2148 edicerent,

299 2174 379 2212 quo
409 2160 533 2201 Pisas
567 2161 847 2202 convenirent.
907 2160 1158 2215 permissum
1188 2167 1252 2210 ut,
1290 2176 1371 2214 qua
1402 2161 1528 2210 irent,
1565 2177 1659 2216 pro-

299 2222 407 2262 tinus
435 2222 654 2263 subitarios
681 2222 831 2263 milites
859 2222 1086 2263 seriberent
1111 2223 1388 2276 ducerentque
1415 2238 1569 2264 secum.
1619 2232 1657 2264 ct

297 2284 556 2337 praetoribus
595 2284 648 2336 Q.
674 2285 840 2325 Petillio
879 2292 919 2325 et
956 2284 1009 2336 Q.
1041 2284 1173 2325 Fabio
1210 2284 1458 2339 imperatum
1495 2292 1576 2335 est,
1614 2294 1656 2326 ut

297 2345 487 2387 Petillius
521 2347 623 2387 duas
655 2347 842 2401 legiones
876 2346 1028 2387 civium
1052 2347 1337 2388 Romanorum
1369 2348 1656 2388 tumultuarias

298 2407 494 2448 scriberet
533 2416 573 2449 et
609 2424 752 2449 omncs
789 2409 970 2449 minores
1015 2409 1315 2463 quinquaginta
1359 2409 1476 2450 annis
1521 2424 1657 2450 sacra-

296 2479 435 2510 mento
460 2478 637 2524 rogaret,
663 2470 809 2520 Fabio,
834 2477 877 2510 ut
907 2471 1028 2512 sociis
1050 2471 1193 2511 Latini
1218 2471 1395 2513 nominis
1422 2471 1655 2525 quindecim

297 2530 409 2570 milia
432 2532 636 2585 peditum,
675 2533 936 2587 octingentos
963 2533 1122 2586 equites
1154 2533 1389 2587 imperaret.
1450 2532 1654 2574 duumviri

299 2592 467 2633 navales
494 2594 619 2634 creati
645 2593 694 2635 C.
722 2595 933 2636 Matienus
968 2603 1007 2636 et
1035 2594 1085 2636 C.
1111 2596 1335 2636 Lueretius
1366 2610 1577 2648 navesque
1601 2594 1652 2635 iis
