1799 2900
499 191 649 225 LIBER
674 190 825 233 xxxx,
852 191 906 224 26.
927 190 981 224 Ξῖ.
1010 192 1058 233 [a.
1075 188 1209 232 (3.200]
1483 178 1536 219 23

182 311 255 337 rex
287 309 381 336 cum
411 302 528 350 parte
553 294 786 335 Philoclem
812 293 1003 334 Athenas
1034 293 1176 342 mittit,
1209 306 1303 332 cum
1326 299 1444 347 parte
1467 291 1540 331 Pi-

182 373 324 399 raeum
360 356 514 412 pergit,
558 364 621 404 ut,
673 356 770 396 dum
806 355 1016 396 Philocles
1063 354 1278 396 subeundo
1322 368 1462 394 muros
1500 360 1540 393 et

183 419 475 461 comminanda
506 418 817 473 obpugnatione
849 418 1077 458 contineret
1109 418 1210 458 urbe
1242 416 1539 464 Athenienses,

182 481 263 536 ipsi
303 481 501 521 Piraeum
543 481 624 521 levi
668 495 761 520 cum
798 480 1005 534 praesidio
1045 479 1235 520 relictum
1273 476 1541 533 expugnandi

184 543 358 584 facultas
392 550 515 584 esset.
578 550 760 583 ceterum
790 542 916 582 nihilo
950 542 984 582 ei
1009 542 1148 582 Piraei
1181 556 1304 594 quam
1329 539 1540 580 Eleusinis
1569 553 1585 581 7

183 605 343 646 facilior
366 605 501 645 isdem
532 604 618 645 fere
645 605 964 645 defendentibus
992 604 1248 658 obpugnatio
1273 603 1362 643 fuit.
1424 618 1448 642 a
1470 601 1543 642 Pi-

183 682 280 708 raeo
306 667 499 708 Athenas
525 674 695 721 repente
724 667 853 706 duxit.
903 666 998 706 inde
1024 666 1238 721 eruptione
1266 665 1402 705 subita
1426 664 1543 718 pedi-
1569 678 1587 706 s

185 736 271 770 tum
298 729 565 782 equitumque
597 729 703 769 inter
728 728 942 783 angustias
971 728 1156 769 semiruti
1187 728 1312 777 muri,
1351 727 1420 780 qui
1452 728 1544 767 bra-

185 790 288 831 chiis
327 791 487 831 duobus
524 790 721 831 Piraeum
752 790 933 830 Athenis
971 790 1122 844 iungit,
1159 789 1350 845 repulsus
1389 788 1544 829 omissa

186 853 495 907 obpugnatione
528 853 660 901 urbis,
700 852 832 893 diviso
859 867 952 893 cum
976 852 1165 893 Philocle
1189 867 1332 892 rursus
1360 851 1543 891 exercitu
1571 863 1588 891 9

187 915 240 955 ad
265 930 387 968 agros
408 915 634 956 vastandos
657 915 882 969 profectus,
909 929 1002 955 cum
1028 914 1208 969 priorem
1233 913 1544 968 populationem

187 976 386 1031 sepulcris
415 977 522 1016 circa
551 978 697 1016 urbem
728 977 938 1017 diruendis
966 976 1238 1024 exercuisset,
1277 990 1328 1015 ne
1355 975 1453 1028 quid
1484 975 1545 1014 in-
1572 987 1614 1016 lO

188 1038 386 1079 violatum
410 1038 672 1091 relinqueret,
699 1038 853 1092 templa
879 1039 1016 1085 deum,
1043 1053 1148 1090 quae
1174 1037 1359 1091 pagatim
1386 1044 1546 1077 sacrata

188 1100 408 1148 habebant,
437 1100 541 1139 dirui
567 1108 689 1152 atque
715 1099 879 1139 incendi
905 1099 1038 1139 iussit.
1095 1107 1293 1139 exornata
1319 1113 1366 1138 eo
1393 1112 1545 1152 genere
1575 1111 1611 1140 11

188 1176 359 1216 operum
385 1160 532 1201 eximie
564 1169 672 1200 terra
696 1160 840 1200 Attica
866 1168 906 1200 ct
937 1160 1056 1214 copia
1082 1159 1297 1200 domestici
1328 1159 1545 1199 marmoris

187 1233 226 1263 ct
252 1222 428 1276 ingeniis
451 1222 651 1262 artificum
678 1222 869 1277 praebuit
888 1222 983 1262 huic
1003 1222 1131 1263 furori
1151 1221 1379 1261 materiam.
1411 1235 1546 1273 neque
1576 1234 1613 1262 12

187 1284 295 1324 enim
333 1284 494 1324 diruere
531 1284 655 1324 modo
691 1284 784 1338 ipsa
819 1284 976 1339 templa
1013 1298 1061 1324 ac
1099 1283 1321 1324 simulacra
1360 1291 1546 1323 evertere

188 1347 287 1387 satis
314 1347 476 1395 habuit,
516 1347 590 1387 sed
614 1347 773 1401 lapides
807 1362 991 1400 quoque,
1029 1362 1081 1387 ne
1113 1346 1264 1401 integri
1291 1346 1548 1388 cumularent

187 1408 347 1457 ruinas,
385 1408 522 1463 frangi
556 1408 690 1450 iussit.
751 1416 792 1450 et
821 1420 1044 1464 postquam
1075 1424 1157 1449 non
1191 1416 1276 1448 tam
1306 1408 1367 1448 ira
1399 1408 1547 1448 satiata
1578 1420 1614 1449 13

188 1484 313 1523 quam
343 1470 428 1510 irae
460 1471 717 1511 exercendae
749 1471 922 1512 materia
959 1471 1117 1519 deerat,
1157 1485 1256 1524 agro
1289 1470 1470 1510 hostium
1507 1468 1549 1508 in

188 1531 407 1572 Boeotiam
437 1532 617 1573 excessit
648 1547 725 1574 nec
754 1533 868 1573 aliud
900 1533 1121 1586 quicquam
1147 1533 1319 1587 dignum
1350 1531 1550 1572 memoria

188 1593 232 1645 in
258 1592 438 1634 Graecia
460 1594 557 1648 egit.

281 1656 474 1698 XXVII.
526 1655 686 1697 Consul
713 1656 924 1712 Sulpicius
951 1672 999 1698 eo
1031 1664 1216 1712 tempore
1241 1656 1348 1696 inter
1373 1655 1549 1710 Apollo·
1579 1668 1592 1695 1

190 1719 302 1759 niam
333 1732 379 1758 ac
405 1718 687 1771 Dyrrachium
719 1719 772 1758 ad
804 1720 972 1774 Apsum
1004 1720 1157 1759 flumen
1192 1719 1375 1759 habebat
1400 1725 1548 1765 castra,

191 1797 272 1835 quo
299 1781 542 1822 arcessitum
555 1781 609 1821 L.
624 1781 853 1835 Apustium
878 1782 1063 1835 legatum
1089 1796 1182 1822 cum
1201 1789 1318 1835 parte
1338 1779 1550 1834 copiarum

192 1845 245 1885 ad
270 1843 582 1898 depopulandos
609 1843 791 1884 hostium
817 1844 920 1883 fines
944 1843 1078 1883 mittit.
1116 1842 1336 1897 Apustius,
1364 1849 1549 1882 extrema

190 1905 466 1946 Macedoniae
492 1905 728 1959 populatus,
758 1904 976 1959 Corrhago
1004 1913 1044 1945 et
1065 1903 1272 1945 Gerrunio
1298 1911 1338 1944 et
1359 1902 1549 1956 Orgesso

192 1968 373 2010 castellis
398 1967 532 2022 primo
557 1967 700 2021 inpetu
726 1967 856 2021 captis
883 1967 936 2007 ad
961 1967 1266 2021 Antipatream,
1291 1965 1334 2005 in
1359 1964 1549 2005 faucibus

192 2030 379 2084 angustis
407 2029 528 2069 sitam
553 2030 717 2078 urbem,
745 2030 870 2069 venit.
933 2043 981 2069 ac
1012 2029 1146 2083 primo
1179 2035 1372 2068 evocatos
1398 2025 1549 2081 princi-
1577 2038 1594 2067 3

192 2107 265 2147 pes
293 2092 344 2131 ad
366 2091 644 2144 conloquium,
671 2100 716 2132 ut
739 2091 835 2131 fidei
855 2091 1141 2131 Romanorum
1169 2104 1213 2130 se
1234 2087 1550 2135 committerent,

191 2154 389 2210 perlicere
416 2161 477 2194 est
505 2162 697 2203 conatus3
733 2154 881 2194 deinde
907 2153 978 2193 ubi
1008 2151 1295 2207 magnitudine
1322 2164 1368 2190 ac
1394 2150 1552 2190 moeni-

194 2217 269 2257 bus
308 2216 471 2269 situque
512 2215 627 2256 urbis
671 2215 765 2255 freti
804 2215 914 2255 dicta
951 2214 1298 2269 aspernabantur,
1345 2211 1387 2251 vi
1429 2219 1550 2264 atquc

196 2277 318 2318 armis
340 2278 507 2318 adortus
529 2277 783 2332 expugnavit
803 2277 1113 2331 puberibusque
1132 2273 1374 2321 interfectis,
1395 2273 1551 2327 praeda
1576 2285 1597 2313 4

195 2339 307 2379 omni
343 2339 541 2379 militibus
581 2353 781 2379 concessa
818 2338 941 2378 diruit
976 2352 1116 2377 muros
1155 2346 1277 2389 atque
1309 2335 1454 2375 urbem
1489 2334 1552 2374 in-

195 2400 344 2441 cendit.
393 2401 459 2440 hio
484 2409 618 2441 metus
646 2399 918 2448 Codrionem,
946 2399 1046 2439 satis
1072 2398 1256 2438 validum
1283 2405 1320 2438 et
1347 2396 1552 2436 munitum
1578 2408 1596 2437 5

196 2462 412 2517 oppidum,
452 2463 539 2502 sine
577 2462 799 2502 certamine
836 2471 879 2502 ut
918 2462 1135 2502 dederetur
1165 2459 1367 2500 Romanis
1401 2458 1551 2499 effecit.

195 2523 402 2579 pracsidio
427 2524 485 2564 ibi
507 2524 650 2564 relicto
677 2522 838 2564 Cnidus
863 2547 919 2551 —
943 2538 1095 2564 nomen
1119 2530 1288 2577 propter
1314 2521 1484 2562 alteram
1509 2520 1551 2559 in
1579 2532 1596 2561 6

196 2586 302 2627 Asia
327 2587 471 2626 urbem
497 2601 620 2639 quam
646 2586 843 2640 oppidum
874 2585 1011 2627 notius
1036 2610 1093 2613 —
1119 2584 1157 2624 vi
1184 2583 1355 2639 capitur.
1414 2597 1552 2623 rever-

198 2656 352 2689 tentem
389 2649 573 2703 legatum
610 2648 662 2688 ad
697 2648 908 2688 consulem
947 2662 1040 2687 cum
1072 2646 1172 2687 satis
1210 2660 1363 2700 magna
1398 2644 1553 2699 praeda

1575 1850 1593 1878 Νι
