1799 2900
442 134 597 169 LIBER.
622 134 788 179 xxxx,
813 135 867 169 4⁶2.
888 135 943 169 43.
972 137 1020 178 [a.
1037 133 1074 168 e.
1092 134 1170 177 180]
1401 123 1480 162 461

131 239 231 294 psit,
260 238 496 280 sacerdotes
523 252 685 291 quoque
712 238 868 291 aliquot
891 237 1042 279 mortui
1068 244 1174 278 sunt.
1224 234 1484 278 L.Valerius

128 302 305 343 Flaccus
343 300 530 355 pontifex
568 307 753 340 mortuus
791 307 871 349 est3
910 300 951 340 in
983 301 1070 340 eius
1104 299 1239 340 locum
1273 298 1484 339 subfectus

130 370 193 403 est
212 362 265 414 Q
278 362 435 402 Fabius
456 362 616 402 Labeo.
665 362 714 402 P.
736 362 940 411 Manlius,
967 363 1037 415 qui
1062 377 1192 417 nuper
1218 376 1269 402 ex
1293 360 1484 401 ulteriore

129 424 335 478 Hispania
366 424 562 472 redierat,
601 424 787 464 triumvir
819 424 959 478 epulo;
999 424 1052 475 Q.
1077 423 1250 464 Fulvius
1283 423 1346 463 M.
1378 422 1406 462 f.
1444 421 1485 461 in

130 486 265 527 locum
291 486 377 526 eius
405 485 590 525 triumvir
615 493 830 540 cooptatus
856 494 942 526 tum
967 493 1247 540 praetextatus
1275 492 1373 525 erat.
1434 484 1484 523 de

129 563 227 602 rege
254 548 438 588 sacrifico
460 547 715 588 subficiendo
736 548 777 587 in
797 548 932 588 locum
949 547 1026 588 Cn.
1044 546 1225 588 Cornelii
1240 546 1485 587 Dolabellae

130 610 338 650 eontentio
364 610 468 650 inter
496 608 545 650 C.
574 608 796 650 Servilium
828 610 1064 664 pontificem
1089 609 1315 649 maximum
1346 608 1422 648 fuit
1448 615 1487 648 et

128 672 181 712 L.
204 671 444 712 Cornelium
470 672 735 712 Dolabellam
762 671 1022 712 duumvirum
1048 670 1256 719 navalem,
1295 685 1417 723 quem
1442 678 1486 709 ut

129 734 396 788 inauguraret
432 733 620 788 pontifex
657 734 903 788 magistratu
941 748 1032 773 sese
1069 733 1261 773 abdicare
1298 732 1484 780 iubebat3

127 796 416 848 recusantique
442 796 483 835 id
508 796 644 836 facere
670 797 721 836 ob
748 811 838 836 eam
863 810 950 836 rem
975 795 1103 836 multa
1129 794 1345 835 duumviro
1378 794 1486 833 dieta

130 871 153 898 a
178 858 390 912 pontifice,
419 857 551 910 deque
578 873 644 906 ea,
671 872 763 898 cum
788 864 1075 912 provocasset,
1108 864 1309 897 certatum
1335 856 1387 896 ad
1412 870 1486 909 po-

128 920 284 974 pulum.
347 933 439 959 cum
471 919 609 973 plures
642 920 724 960 iam
756 920 886 960 tribus
918 919 1024 959 intro
1056 927 1226 959 vocatae
1258 917 1366 958 dicto
1393 931 1485 958 esse

128 982 363 1022 audientem
395 981 578 1035 pontifici
609 981 872 1021 duumvirum
908 981 1098 1021 iuberent
1132 980 1386 1032 multamque
1423 994 1486 1019 re-

126 1044 251 1092 mitti,
280 1044 313 1084 si
339 1044 585 1098 magistratu
613 1058 656 1084 se
682 1043 937 1091 abdicasset,
963 1043 1153 1083 ultimum
1171 1043 1221 1082 de
1241 1042 1355 1082 caelo
1376 1041 1488 1094 quod

129 1105 295 1146 comitia
321 1107 505 1145 turbaret
535 1105 769 1145 intervenit.
829 1105 974 1159 religio
999 1105 1095 1144 inde
1121 1105 1199 1144 fuit
1222 1103 1485 1158 pontificibus

126 1167 402 1222 inaugurandi
427 1166 686 1207 Dolabellae.
745 1167 796 1206 P.
821 1165 1026 1206 Cloelium
1054 1166 1240 1206 Siculum
1265 1166 1487 1219 inaugura-

125 1236 237 1276 runt,
265 1229 333 1281 qui
363 1229 544 1269 secundo
569 1229 660 1269 loco
686 1229 922 1268 nominatus
950 1237 1048 1268 erat.
1110 1228 1222 1268 exitu
1247 1228 1341 1268 anni
1369 1236 1407 1267 et
1435 1226 1484 1268 C.

127 1289 328 1331 Servilius
359 1289 561 1330 Geminus
588 1289 775 1343 pontifex
808 1291 1012 1330 maximus
1046 1289 1242 1338 decessit3
1280 1290 1390 1329 idem
1417 1289 1487 1329 de-

128 1352 282 1393 cemvir
308 1366 519 1392 sacrorum
545 1351 634 1392 fuit.
694 1351 883 1406 pontifex
914 1351 955 1391 in
986 1351 1122 1392 locum
1150 1352 1237 1391 cius
1264 1367 1288 1391 a
1313 1351 1486 1405 collegio

126 1421 341 1468 cooptatus
368 1413 420 1465 Q.
441 1413 615 1453 Fulvius
635 1413 832 1462 Flaccus3
859 1413 953 1453 inde
979 1413 1166 1468 pontifex
1192 1413 1396 1453 maximus
1422 1413 1485 1453 M.

125 1476 332 1517 Aemilius
359 1475 569 1529 Lepidus,
597 1490 690 1515 cum
715 1475 832 1515 multi
864 1476 962 1515 clari
993 1476 1070 1515 viri
1098 1476 1317 1530 petissent3
1352 1483 1390 1516 et
1417 1476 1487 1515 de-

126 1538 279 1578 cemvir
306 1551 516 1577 sacrorum
543 1536 596 1588 Q.
617 1537 804 1577 BIarcius
826 1537 1045 1592 Philippus
1072 1537 1113 1577 in
1139 1538 1326 1577 eiusdem
1350 1538 1487 1578 locum

126 1607 189 1639 est
214 1607 443 1653 cooptatus.
493 1606 531 1638 et
559 1614 691 1653 augur
718 1597 790 1653 Sp.
811 1599 1053 1639 Postumius
1080 1599 1260 1639 Albinus
1288 1599 1484 1648 decessit3

125 1662 168 1701 in
203 1662 339 1701 locum
377 1661 464 1701 eius
501 1661 550 1701 P.
592 1660 850 1715 Scipionem,
894 1661 1023 1701 filium
1053 1660 1262 1710 Africani,
1307 1676 1485 1715 augures

127 1732 386 1778 cooptarunt.

212 1785 412 1827 Cumanis
448 1800 496 1826 eo
528 1801 635 1826 anno
672 1785 907 1840 petentibus
940 1786 1208 1840 permissum,
1246 1792 1290 1825 ut
1320 1785 1484 1839 publice

125 1849 278 1889 Latine
315 1848 581 1901 loquerentur
618 1854 658 1888 et
693 1847 967 1903 praeconibus
999 1847 1152 1888 Latine
1183 1847 1389 1888 vendendi
1421 1847 1484 1888 ius

130 1918 253 1951 esset.

211 1970 491 2012 XXXXHL
539 1971 707 2012 Pisanis
736 1986 880 2026 agrum
905 1971 1209 2026 pollicentibus,
1237 1985 1316 2023 quo
1331 1971 1486 2011 Latina

127 2033 288 2075 colonia
320 2033 610 2083 deduceretur,
651 2034 809 2088 gratiae
842 2035 893 2074 ab
927 2041 1072 2074 senatu
1099 2042 1233 2082 aetae3
1283 2033 1485 2073 triumviri

127 2096 253 2136 creati
283 2095 336 2135 ad
369 2110 458 2136 eam
491 2110 578 2136 rem
610 2095 662 2147 Q
690 2096 847 2136 Fabius
878 2097 1034 2144 Buteo,
1079 2095 1141 2136 M.
1174 2102 1214 2135 et
1243 2095 1293 2135 P.
1318 2094 1486 2149 Popillii

126 2158 351 2198 Laenates.
407 2172 430 2197 a
457 2156 506 2198 C.
532 2157 702 2199 Maenio
727 2166 935 2212 praetore,
963 2158 1028 2198 cui
1053 2157 1266 2212 prorincia
1292 2156 1485 2197 Sardinia

126 2234 220 2259 eum
256 2218 464 2259 evenisset
500 2219 686 2259 additum
718 2226 824 2268 erat,
862 2228 907 2260 ut
937 2227 1151 2272 quaereret
1188 2219 1239 2259 de
1276 2218 1484 2259 veneficiis

126 2280 290 2334 longius
319 2280 370 2320 ab
394 2280 496 2320 urbe
523 2281 666 2321 decem
690 2281 856 2322 milibus
883 2296 1096 2336 passuum,
1122 2281 1282 2321 litterae
1309 2281 1483 2329 adlatae,

127 2357 171 2382 se
203 2342 285 2382 iam
322 2341 399 2382 tria
435 2342 547 2382 milia
583 2342 797 2384 hominum
834 2343 1074 2392 damnasse,
1118 2350 1158 2383 et
1188 2357 1373 2383 erescere
1407 2342 1483 2383 sibi

126 2403 408 2457 quaestionem
440 2403 622 2445 indiciis:
660 2412 730 2445 aut
761 2420 852 2446 eam
884 2405 962 2446 sibi
993 2420 1086 2446 esse
1118 2405 1389 2446 deserendam
1416 2414 1482 2445 aut

127 2466 382 2522 provinciam
408 2466 707 2508 dimittendam.

213 2527 266 2579 Q.
291 2528 466 2569 Fulvius
490 2529 668 2570 Flaccus
706 2544 758 2570 ex
787 2529 995 2584 Hispania
1025 2530 1146 2570 rediit
1175 2530 1353 2571 Romam
1390 2543 1481 2569 cum

129 2605 279 2644 magna
299 2590 410 2631 fama
429 2597 641 2645 gestarum
661 2606 816 2641 rerum3
838 2592 907 2645 qui
927 2606 1020 2633 cum
1041 2600 1157 2634 extra
1176 2592 1320 2633 urbem
1340 2592 1482 2632 trium-

1515 928 1553 956 10

1516 1176 1549 1204 11

1516 1423 1553 1452 12

1514 1609 1553 1637 13

1514 1981 1527 2009 1

1510 2167 1528 2196 10
