1799 2900
492 159 645 193 LIBER
670 159 839 204 XXXX,
867 159 898 194 7.
916 159 948 194 8.
976 161 1025 203 [a.
1041 157 1080 193 C.
1093 158 1175 201 182]
1423 145 1505 187 429

154 263 258 304 forte
284 261 457 303 triclinio
483 262 663 317 egressis
689 262 903 303 mulcatur.
940 261 1060 303 huius
1086 261 1145 302 rei
1169 261 1336 315 ignarus
1350 259 1507 300 Deme-
1531 272 1551 302 5

154 325 254 366 trius
288 324 405 377 ‘quin
437 324 698 365 comisatum'
732 324 863 377 inquit
894 324 966 364 ‘ad
996 324 1165 364 fratrem
1195 323 1302 363 imus
1334 329 1374 363 et
1403 321 1506 361 iram

155 387 261 435 eius,
301 387 336 427 si
361 400 441 439 qua
467 402 517 426 ex
544 387 765 427 certamine
796 387 969 435 residet,
1009 385 1269 440 simplicitate
1301 390 1341 425 et
1370 382 1508 423 hilari-

154 456 237 488 tate
262 455 403 488 nostra
427 447 647 488 lenimus?
691 463 833 489 01111105
859 448 916 488 ire
943 463 987 488 se
1014 447 1322 488 conclamarunt
1345 453 1508 500 praeter
1533 456 1551 486 6

154 524 224 550 eos
262 509 332 562 qui
369 509 638 563 speculatoris
677 511 728 550 ab
760 525 803 551 sc
834 510 987 565 pulsati
1017 516 1277 564 praesentem
1309 507 1509 548 ultionem

153 571 404 612 metuebant.
460 585 553 611 cum
579 586 649 612 eos
676 586 839 624 quoque
864 571 1104 612 Demetrius
1131 570 1329 619 traheret,
1355 570 1509 610 ferrum

153 640 268 673 veste
288 633 547 681 abdiderunt,
576 648 656 686 quo
684 648 727 673 se
753 633 889 682 tutari,
917 633 950 673 si
977 648 1056 685 qua
1082 633 1143 673 vis
1168 633 1296 680 fieret,
1322 637 1507 686 possent.

153 694 254 734 nihil
286 695 434 735 occulti
467 710 559 735 esse
592 696 633 735 in
663 695 859 736 intestina
890 695 1095 736 discordia
1125 701 1276 749 potest.
1336 701 1507 746 utraque
1534 703 1551 732 7

154 757 300 797 domus
334 758 638 812 speculatorum
671 765 711 798 et
740 757 995 812 proditorum
1026 757 1149 811 plena
1180 763 1279 797 erat.
1339 769 1510 810 praecu—

154 819 278 859 currit
315 820 439 860 index
477 820 528 859 ad
558 820 733 868 Persea,
770 820 878 860 ferro
910 818 1147 859 subcinctos
1184 817 1378 858 nuntians
1416 831 1510 857 cum

152 880 370 922 Demetrio
408 890 600 934 quattuor
636 881 921 921 adulescentes
960 880 1112 920 venire.
1174 879 1250 920 etsi
1280 893 1406 919 causa
1438 878 1510 919 ad-
1535 888 1554 918 8

152 944 490 998 parebat—nam
512 944 562 983 ab
582 943 630 983 iis
646 943 854 998 pulsatum
876 942 1092 983 convivam
1109 957 1228 982 suum
1249 941 1432 981 audierat
1441 964 1509 989 —,

152 1004 417 1046 infamandae
453 1005 513 1045 rei
543 1019 667 1045 causa
698 1005 863 1044 ianuam
894 1003 1078 1044 obserari
1108 1003 1222 1044 iubet
1252 1010 1292 1043 et
1318 1017 1369 1042 ex
1393 1008 1510 1056 parte

155 1067 364 1121 superiore
391 1067 554 1107 aedium
580 1066 792 1119 versisque
817 1066 859 1106 in
884 1065 994 1105 viam
1014 1064 1206 1105 fenestris
1227 1064 1509 1112 comisatores,

154 1135 365 1181 tamquam
391 1128 444 1168 ad
470 1128 639 1168 caedem
665 1143 783 1167 suam
810 1127 1040 1174 venientes,
1074 1126 1187 1165 aditu
1212 1125 1359 1165 ianuae
1384 1131 1509 1164 arcet.

154 1189 413 1237 Demetrius,
450 1204 523 1242 per
548 1189 687 1228 vinum
714 1189 824 1241 quod
855 1188 1141 1228 excluderetur
1165 1186 1375 1241 paulisper
1400 1185 1511 1226 voci·
1537 1195 1554 1225 9

154 1250 328 1299 foratus,
356 1249 397 1290 in
423 1250 657 1290 convivium
683 1249 806 1298 redit,
834 1249 957 1289 totius
983 1248 1042 1289 rei
1066 1248 1249 1302 ignarus.

238 1312 362 1354 VIII.
402 1312 577 1352 Postero
604 1311 669 1351 die
688 1312 889 1359 Perseus,
917 1325 1009 1350 011111
1034 1310 1213 1365 primum
1238 1308 1512 1349 conveniendi
1540 1318 1553 1346 1

153 1380 338 1429 potestas
364 1373 492 1428 patris
518 1373 613 1422 fuit,
639 1374 799 1427 regiam
823 1372 1036 1427 ingressus
1063 1372 1304 1427 perturbato
1330 1370 1445 1410 vultu
1469 1369 1511 1409 in

155 1441 381 1489 conspectu
410 1435 539 1489 patris
573 1434 720 1476 tacitus
753 1434 898 1489 procul
929 1434 1125 1474 constitit.
1186 1432 1251 1473 cui
1277 1439 1512 1487 cumpater

156 1497 283 1537 ‘satin
309 1496 464 1537 salve?
504 1504 544 1537 et
569 1511 772 1549 quaenam
797 1511 846 1536 ea
870 1495 1076 1536 maestitia
1107 1503 1218 1536 esset
1242 1495 1515 1548 interrogaret

156 1573 269 1606 011111,
297 1558 368 1598 ‘de
392 1558 506 1598 lucro
533 1557 623 1598 tibi'
650 1557 780 1610 inquit
808 1557 965 1597 ‘vivere
990 1572 1056 1597 me
1083 1557 1198 1597 scito.
1242 1556 1324 1596 iam
1343 1570 1426 1596 non
1446 1568 1514 1596 oc-

156 1619 275 1660 cultis
302 1634 325 1659 a
351 1620 476 1659 fratre
500 1620 678 1674 petimur
702 1619 875 1668 insidiis,
902 1626 1022 1659 nocte
1043 1633 1135 1658 cum
1156 1617 1323 1658 armatis
1345 1617 1514 1658 domum

114 1727 116 1729 ,
157 1681 210 1721 ad
234 1680 563 1721 interficiendum
594 1696 660 1722 1110
690 1680 822 1729 venit,
862 1679 1096 1732 clausisque
1126 1679 1284 1720 foribus
1310 1679 1514 1733 parietum

157 1742 364 1797 pracsidio
395 1758 460 1783 me
492 1758 515 1783 a
546 1743 684 1783 furore
717 1742 804 1783 eius
839 1757 930 1782 sum
956 1741 1137 1782 tutatus?
1199 1755 1293 1780 cum
1316 1755 1514 1795 pavorem
1540 1751 1559 1781 3

157 1804 333 1844 mixtum
359 1804 628 1844 admiratione
654 1804 760 1858 patri
784 1802 1006 1852 iniecisset,
1034 1802 1166 1856 ‘atqui
1192 1802 1226 1843 si
1251 1817 1370 1843 aures
1396 1817 1516 1857 prae-

157 1866 255 1907 bere
274 1866 418 1920 potes,'
445 1866 575 1919 inquit
603 1866 883 1906 ‘manifestam
902 1881 990 1906 rem
1010 1873 1152 1906 teneas
1174 1864 1349 1905 faciam.'
1387 1864 1516 1905 enim·
1540 1874 1560 1902 4

159 1943 257 1968 vero
284 1942 327 1968 sc
351 1927 572 1982 Philippus
599 1927 734 1968 dicere
766 1927 1021 1975 auditurum,
1062 1926 1281 1979 vocarique
1308 1925 1515 1980 extemplo

158 1989 420 2030 Demetrium
451 1989 571 2030 iussit
603 1996 643 2030 et
673 1989 855 2030 seniores
889 1988 1042 2029 amicos
1075 1988 1197 2037 duos,
1235 1993 1424 2041 expertes
1456 1987 1517 2026 iu-

161 2051 369 2092 venalium
398 2051 504 2092 inter
534 2052 681 2092 fratres
715 2051 1004 2099 certaminum,
1043 2050 1324 2103 infrequentes
1362 2049 1444 2089 iam
1475 2048 1518 2089 in

160 2113 287 2166 regia,
314 2113 614 2166 Lysimachum
635 2120 675 2153 et
696 2113 994 2161 Onomastum,
1020 2111 1211 2160 accersit,
1238 2125 1341 2164 quos
1360 2111 1402 2151 in
1421 2125 1518 2151 con-

163 2173 254 2214 silio
280 2173 462 2215 haberet.
512 2174 610 2214 dum
630 2175 799 2214 veniunt
819 2174 956 2222 amici,
985 2174 1095 2214 solus
1116 2173 1199 2214 filio
1218 2173 1361 2228 procul
1382 2180 1516 2213 stante
1542 2183 1561 2212 5

164 2235 293 2276 multa
318 2249 459 2276 secum
484 2236 620 2276 animo
646 2236 835 2276 volutans
862 2235 1145 2276 inambulavit.
1200 2241 1420 2290 postquam
1446 2249 1516 2274 vc·
1542 2246 1560 2275 6

164 2297 276 2337 nisse
312 2311 382 2337 eos
420 2297 653 2337 nuntiatum
689 2305 770 2345 est,
811 2297 982 2338 secessit
1016 2298 1058 2337 in
1088 2304 1247 2351 partem
1283 2296 1519 2336 interiorem

165 2373 258 2399 cum
295 2357 456 2398 duobus
489 2358 651 2407 amicis,
690 2358 861 2399 totidem
898 2358 1139 2398 custodibus
1171 2357 1372 2411 corporis3
1410 2357 1516 2406 filiis,

164 2426 210 2460 ut
233 2427 372 2459 ternos
393 2419 570 2460 inermes
593 2433 732 2460 secum
751 2419 1075 2468 introducerent,
1101 2419 1300 2473 permisit.
1349 2418 1406 2459 ibi
1425 2432 1518 2458 011111
1544 2431 1560 2460 7

166 2480 440 2529 consedisset,
468 2481 629 2521 ‘sedeo'
655 2481 788 2534 inquit
814 2481 1085 2521 ‘miserrimus
1106 2488 1236 2535 pater,
1261 2480 1386 2520 iudex
1411 2480 1518 2520 inter

166 2543 269 2583 duos
301 2542 425 2591 filios,
463 2550 745 2583 accusatorem
775 2542 982 2598 parricidii
1013 2550 1053 2583 et
1082 2557 1216 2592 reum,
1254 2549 1324 2583 aut
1353 2541 1517 2582 conficti

165 2611 236 2645 aut.
261 2603 470 2645 commissi
495 2604 673 2645 criminis
700 2605 836 2646 labem
861 2604 971 2659 apud
996 2619 1110 2645 meos
1134 2604 1390 2646 inventurus.
1435 2602 1518 2643 iam
1541 2615 1560 2645 8

1537 1442 1555 1471 10
