1799 2900
207 172 262 214 GO
536 178 689 212 LIBER
715 176 881 218 XXXII,
910 176 962 211 17.
992 176 1040 217 [a.
1053 185 1090 211 u.
1106 187 1135 211 ο.
1149 177 1231 221 556]

206 284 374 325 libertas
400 295 600 323 concessa.
625 287 709 329 est,
734 279 1039 321 Macedonibus
1066 280 1220 322 treceni
1246 280 1403 321 nummi
1430 280 1472 321 in
1498 294 1563 321 ca-

204 346 291 401 pita
329 351 528 385 statutum
563 341 742 397 pretium
779 349 843 382 cst
878 350 918 383 ct
954 350 997 382 ut
1036 342 1160 383 armis
1199 343 1358 384 traditis
1391 343 1562 383 abirent.

161 422 180 450 3
207 408 283 447 hae
316 420 479 446 summa
509 403 713 457 redempti
745 403 923 444 inermes
950 404 991 444 in
1015 404 1235 445 Boeotiam
1262 405 1432 446 traiecti.
1493 420 1565 445 na-

205 470 318 510 vales
357 468 500 523 copiae
537 467 698 507 duabus
736 466 857 507 claris
896 467 1065 508 urbibus
1096 467 1296 508 Euboeae
1332 467 1440 508 intra
1477 467 1564 507 dics

204 544 360 586 paucos
388 530 518 584 captis
546 529 847 569 circumvectae
875 527 1071 578 Sunium,
1109 528 1276 569 Atticae
1308 536 1440 569 terrae
1471 544 1566 582 pro-

206 591 478 640 munturium,
512 589 772 639 Cenchreas,
806 588 1117 631 Corinthiorum
1150 590 1399 645 emporium,
1436 589 1565 645 petie-

207 660 315 694 runt.

162 729 182 758 4
295 713 455 755 Consul
481 712 645 754 interim
672 712 857 754 omnium
884 727 957 768 spe
982 713 1214 767 longiorem
1240 713 1566 766 atrocioremque

205 776 563 832 obpugnationem
589 774 752 824 habuit,
791 782 832 816 et
856 790 923 824 ea,
961 789 1043 827 qua
1067 774 1283 814 minimum
1309 775 1566 823 credidisset,

160 854 179 882 5
204 839 455 880 resistebant
481 837 638 878 hostes.
697 852 794 877 nam
820 851 983 878 omnem
1009 837 1195 877 laborem
1224 836 1266 876 in
1292 851 1409 877 muro
1436 836 1566 876 credi-

204 902 321 942 derat
353 900 553 941 dirucndo
586 900 693 940 fore:
744 900 779 940 si
810 899 968 940 aditum
999 900 1168 940 armatis
1199 899 1242 939 in
1272 900 1418 940 urbem
1448 907 1565 954 patc-

206 963 393 1011 fecisset,
438 962 583 1016 fugam
624 962 720 1002 inde
764 962 1016 1014 caedemque
1061 961 1243 1002 hostium
1280 961 1388 1011 fore,
1432 961 1565 1015 qualis

163 1039 180 1068 6
206 1024 337 1079 captis
363 1024 535 1064 urbibus
561 1023 650 1064 ficri
682 1023 799 1063 solet.
862 1030 1046 1063 ceterum
1070 1031 1294 1078 postquam
1317 1031 1433 1078 parte
1459 1022 1566 1063 muri

207 1086 402 1127 arietibus
446 1086 624 1127 decussa
666 1101 740 1140 per
781 1086 894 1140 ipsas
943 1086 1083 1127 ruinas
1133 1086 1478 1127 transcenderunt
1524 1086 1567 1126 in

205 1148 350 1188 urbem
382 1147 547 1197 armati,
585 1148 686 1187 illud
718 1147 966 1202 principium
997 1148 1109 1188 velut
1140 1148 1236 1189 novi
1268 1156 1390 1201 atque
1415 1147 1565 1202 integri

162 1226 178 1253 7
206 1209 359 1249 laboris
385 1209 475 1249 fuit.
535 1225 632 1249 nam
657 1209 934 1258 Blaccdoncs,
974 1209 1043 1262 qui
1073 1209 1115 1249 in
1146 1209 1352 1263 pracsidio
1385 1216 1502 1250 crant
1527 1216 1568 1250 ct

206 1271 325 1311 multi
356 1279 397 1312 et
428 1271 596 1319 delecti,
634 1271 810 1325 gloriam
842 1271 966 1311 etiam
997 1271 1210 1325 egregiam
1241 1271 1337 1320 rati,
1376 1271 1409 1311 si
1441 1271 1565 1311 armis

161 1346 181 1377 8
206 1332 344 1387 potius
370 1339 411 1373 et
435 1332 585 1373 virtute
618 1347 741 1385 quam
775 1332 991 1373 moenibus
1024 1333 1169 1372 urbem
1200 1340 1431 1381 tuerentur,
1470 1347 1566 1373 con-

206 1394 320 1443 serti,
368 1394 556 1448 pluribus
605 1394 807 1434 introrsus
857 1394 1070 1435 ordinibus
1115 1394 1201 1435 acie
1244 1396 1424 1443 firmata,
1474 1409 1567 1434 011111

207 1456 498 1496 transcendere
541 1455 680 1496 ruinas
732 1455 961 1496 sensissent
1004 1456 1236 1505 Romanos,
1287 1471 1359 1511 per
1406 1456 1566 1510 inpedi-

163 1532 180 1562 9
208 1527 295 1559 tum
320 1532 368 1558 ac
389 1518 600 1557 difficilem
626 1518 678 1558 ad
703 1528 913 1572 receptum
940 1519 1076 1559 locum
1104 1519 1362 1572 expulerunt.
1402 1519 1443 1558 id
1469 1533 1566 1559 con-

208 1580 271 1620 sul
309 1594 431 1633 aegre
469 1594 619 1634 passus
656 1593 733 1619 1100
770 1594 861 1619 eam
898 1580 1167 1634 ignominiam
1206 1580 1258 1620 ad
1288 1580 1408 1620 unius
1441 1580 1565 1620 modo

208 1641 511 1696 obpugnandac
549 1656 706 1681 moram
744 1641 878 1690 urbis,
924 1642 997 1682 sed
1040 1642 1093 1682 ad
1136 1657 1341 1682 summam
1383 1642 1567 1682 universi

207 1703 305 1743 belli
323 1703 529 1757 pertinere
548 1710 676 1751 ratus,
699 1703 810 1755 quod
830 1718 881 1743 ex
905 1703 1126 1743 momentis
1143 1718 1366 1757 parvarum
1387 1703 1568 1758 plerum-

142 1780 182 1810 10
207 1778 287 1817 que
323 1779 459 1804 rerum
496 1765 712 1819 penderet,
750 1773 926 1819 purgato
963 1765 1073 1815 loco,
1115 1767 1183 1819 qui
1209 1774 1347 1820 strage
1382 1766 1567 1807 semiruti

206 1825 313 1866 muri
338 1826 569 1867 cumulatus
597 1834 701 1875 erat,
729 1835 882 1867 turrem
908 1827 1089 1881 ingentis
1116 1828 1344 1869 altitudinis
1371 1843 1566 1883 magnam

207 1888 291 1928 vim
323 1896 575 1929 armatorum
612 1888 829 1943 multiplici
866 1889 1050 1930 tabulato
1082 1898 1316 1944 portantem
1346 1890 1566 1944 promovit,

142 1966 180 1995 11
207 1957 246 1990 ct
272 1949 461 1990 cohortes
494 1949 536 1990 in
569 1950 701 1991 vicem
733 1952 809 1991 sub
837 1951 986 2005 signis,
1024 1965 1129 2004 quac
1163 1966 1339 1992 cuneum
1364 1951 1565 1992 Macedo-

207 2026 307 2051 num
330 2036 387 2040 —-
410 2012 661 2066 phalangem
686 2012 766 2066 ipsi
793 2021 942 2053 vocant
967 2037 1020 2041 —
1047 2013 1081 2053 si
1112 2020 1285 2067 possent
1312 2013 1351 2053 vi
1380 2028 1566 2067 perrum-

144 2089 181 2117 12
206 2081 370 2127 perent,
404 2074 629 2114 emittebat.
691 2074 765 2114 scd
790 2074 843 2114 ad
867 2073 947 2114 loci
978 2075 1211 2129 angustias,
1244 2075 1356 2115 haud
1383 2075 1465 2116 late
1489 2090 1565 2129 pa-

208 2143 319 2176 tente
355 2136 570 2176 intervallo
604 2135 725 2176 diruti
756 2136 879 2183 muri,
917 2151 1049 2189 genus
1083 2152 1290 2177 armorum
1320 2151 1568 2191 pugnaeque

144 2213 183 2242 13
210 2196 318 2238 hosti
337 2198 472 2252 aptius
495 2206 594 2238 crat.
633 2197 703 2237 ubi
725 2197 898 2238 conferti
919 2198 1061 2238 hastas
1088 2198 1267 2252 ingentis
1295 2198 1565 2252 longitudinis

209 2274 307 2313 prae
323 2275 365 2300 se
380 2259 639 2301 Macedones
662 2259 925 2305 obiecissent,
942 2260 1055 2300 velut
1074 2260 1116 2300 in
1136 2268 1415 2301 constructam
1430 2259 1568 2300 densi—

211 2328 293 2361 tate
314 2321 539 2376 clipeorum
559 2322 809 2362 testudinem
822 2321 1002 2362 Romani
1021 2321 1114 2376 pilis
1137 2323 1387 2375 nequiquam
1405 2321 1567 2362 emissis

146 2396 186 2424 14
212 2395 305 2421 011111
331 2383 595 2424 strinxissent
619 2383 801 2437 gladios,
839 2397 973 2436 neque
1011 2384 1207 2438 congredi
1238 2384 1408 2438 propius
1434 2397 1568 2437 neque

212 2444 448 2495 praecidere
485 2444 627 2485 hastas
667 2452 859 2498 poterant
896 2454 954 2493 et,
994 2445 1028 2485 si
1069 2460 1194 2498 quam
1223 2445 1467 2485 incidissent
1499 2451 1569 2485 aut

212 2505 551 2558 praefregissent,
580 2506 730 2547 hastile
755 2507 990 2561 fragmento
1016 2506 1107 2561 ipso
1134 2514 1254 2548 acuto
1279 2507 1385 2547 inter
1411 2506 1570 2561 spicula

148 2579 187 2608 15
213 2565 465 2619 integrarum
498 2568 712 2608 hastarum
743 2569 856 2609 velut
888 2569 1043 2609 vallum
1075 2570 1281 2623 explebat.
1342 2569 1395 2609 ad
1426 2569 1504 2609 hoc
1529 2575 1569 2608 ct

213 2627 318 2667 muri
348 2643 444 2682 pars
477 2629 611 2669 adhuc
642 2630 804 2685 integra
834 2637 1008 2684 utraque
1047 2638 1134 2672 tuta
1170 2631 1409 2685 praestabat
1440 2630 1569 2670 latera
