1799 2900
412 169 566 203 LIBER
591 168 761 214 XXXII,
787 169 942 203 28—30.
970 171 1018 212 [a.
1036 167 1263 211 e.198.197]
1462 158 1515 199 73

163 288 254 314 rum
272 271 481 313 navalium
500 270 612 310 milia
625 270 714 311 tria.
752 285 946 325 praeesse
966 271 1075 311 idem
1096 271 1164 324 qui
1184 277 1373 325 praeerat
1393 269 1517 310 classi

163 335 217 375 L.
233 333 453 385 Quinctius
468 333 728 373 Flamininus
756 333 907 374 iussus.
945 334 1204 388 praetoribus
1230 333 1272 373 in
1286 333 1514 387 Hispanias

164 403 312 436 octona
341 395 454 435 milia
483 394 668 449 peditum
702 395 858 435 socium
891 409 937 434 ae
968 395 1144 435 nominis
1177 395 1319 435 Latini
1351 395 1446 434 data
1479 402 1519 435 et

164 455 437 510 quadringeni
462 455 640 507 equites,
667 463 711 495 ut
737 456 990 496 dimitterent
1015 464 1196 496 veterem
1223 471 1273 496 ex
1299 456 1516 510 Hispaniis

163 517 353 565 militem,
392 525 432 557 et
461 517 682 558 terminare
713 517 834 565 iussi,
874 532 954 570 qua
985 518 1151 558 ulterior
1183 518 1397 558 citeriorve
1422 532 1516 571 pro-

164 578 298 618 vincia
330 586 575 618 servaretur.
635 578 910 619 EIacedoniae
941 579 1100 633 legatos
1130 579 1180 620 P.
1215 578 1444 633 Sulpicium
1476 585 1515 619 et

162 640 212 680 P.
237 640 429 688 Villium,
456 639 525 692 qui
552 640 742 680 consules
768 640 810 680 in
836 654 884 680 ea
908 640 1120 694 provincia
1144 641 1324 689 fuerant,
1358 640 1518 680 adiece-

162 708 269 741 runt.

248 763 494 805 XXVIIII.
543 763 795 816 Priusquam
821 764 1010 804 consules
1037 772 1331 818 praetoresque
1356 763 1397 803 in
1422 778 1516 817 pro-

164 823 318 865 vinekzs
345 825 720 878 profieiscerentur,
752 825 942 879 prodigia
966 825 1176 879 procurari
1201 825 1373 879 placuit,
1406 824 1518 876 quod

165 885 287 925 aedes
324 886 503 927 Vulcani
541 885 839 938 Summanique
875 886 1054 935 Romae,
1093 895 1133 926 et
1169 887 1280 939 quod
1314 885 1516 940 Fregenis

163 962 304 987 murus
332 955 371 987 et
396 956 514 1001 porta
545 948 595 988 de
628 948 741 988 eaelo
774 954 882 987 tacta
913 957 1046 995 eraut,
1085 956 1123 988 et
1147 948 1381 988 Frusinone
1412 947 1517 987 inter

163 1016 326 1048 noctem
356 1008 427 1048 lux
459 1016 566 1057 orta,
604 1017 644 1048 et
668 1009 852 1048 Aesulae
884 1024 1016 1062 agnus
1049 1009 1190 1062 biceps
1218 1023 1311 1048 cum
1337 1009 1517 1061 quinque

163 1069 337 1122 pedibus
363 1077 505 1117 natus,
544 1076 582 1109 et
608 1070 771 1109 Formis
799 1070 879 1109 duo
904 1070 991 1123 lupi
1017 1070 1215 1124 oppidum
1241 1070 1418 1123 ingressi
1444 1071 1518 1110 ob-

163 1129 251 1170 vios
278 1130 433 1182 aliquot
457 1130 724 1178 laniaverant,
750 1131 910 1170 Romae
931 1146 1015 1171 non
1038 1131 1081 1170 in
1100 1131 1245 1170 urbem
1270 1131 1416 1179 solum,
1443 1131 1517 1171 sed

162 1190 201 1230 in
231 1189 482 1245 Capitolium
507 1200 796 1245 penetraverat
821 1191 957 1245 lupus.

248 1250 297 1291 C.
323 1252 493 1292 Atinius
526 1253 713 1292 tribunus
745 1253 877 1307 plebis
911 1253 1019 1301 tulit,
1056 1260 1101 1292 ut
1128 1252 1306 1305 quinque
1332 1252 1516 1293 coloniae

160 1311 203 1352 in
222 1327 336 1352 oram
355 1313 602 1353 maritimam
622 1314 935 1362 deducerentur,
964 1315 1068 1354 duae
1095 1314 1148 1354 ad
1173 1314 1279 1355 ostia
1303 1314 1517 1354 fluminum

160 1374 355 1416 Vulturni
379 1375 643 1428 Liternique,
681 1391 764 1416 una
787 1376 1006 1425 Puteolos,
1046 1391 1129 1416 una
1154 1376 1206 1416 ad
1232 1384 1413 1416 castrum
1440 1375 1518 1416 Sa-

160 1434 276 1476 lerni.
343 1436 406 1476 his
449 1437 690 1477 Buxentum
735 1437 953 1478 adiectum.
1013 1445 1205 1478 trecenae
1251 1437 1431 1478 familiae
1473 1438 1516 1477 in

162 1496 346 1551 singulas
374 1498 556 1539 colonias
581 1499 831 1539 iubebantur
856 1498 974 1539 mitti.
1035 1499 1237 1539 triumviri
1263 1499 1516 1539 deducendis

161 1557 230 1605 iis,
269 1558 338 1610 qui
368 1573 442 1612 per
472 1560 693 1600 triennium
723 1560 1014 1614 magistratum
1046 1560 1264 1608 haberent,
1304 1560 1429 1600 creati
1453 1561 1516 1601 M.

164 1617 365 1660 Servilius
393 1619 615 1670 Geminus,
648 1621 701 1673 Q.
728 1622 939 1662 Blinucius
967 1623 1193 1671 Thermus,
1227 1622 1291 1663 Ti.
1321 1621 1518 1676 Sempro-

162 1680 255 1720 nius
282 1681 473 1735 Longus.

246 1741 415 1782 Dileetu
440 1744 647 1796 rebusque
674 1743 763 1783 aliis
796 1743 944 1783 divinis
978 1744 1270 1796 humanisque,
1309 1758 1413 1796 quae
1444 1759 1517 1798 per

161 1802 274 1856 ipsos
307 1804 469 1857 agenda
502 1812 635 1853 erant,
673 1805 868 1858 perfectis
901 1805 1092 1845 eonsules
1120 1806 1241 1846 ambo
1267 1805 1309 1844 in
1336 1805 1516 1846 Galliam

161 1865 353 1918 profecti:
405 1865 623 1906 Cornelius
659 1875 774 1906 reeta
805 1866 857 1906 ad
890 1867 1089 1907 Insubres
1122 1866 1206 1915 via,
1246 1867 1316 1919 qui
1352 1876 1439 1906 tum
1476 1866 1517 1906 in

162 1926 287 1967 armis
315 1935 429 1967 erant
456 1926 708 1968 Cenomanis
735 1928 986 1982 adsumptis3
1020 1928 1073 1979 Q.
1094 1928 1306 1968 BIinucius
1333 1928 1374 1967 in
1399 1927 1518 1968 laeva

162 1988 307 2028 Italiae
338 1989 390 2028 ad
426 1989 603 2029 inferum
635 2004 746 2030 mare
778 1989 893 2029 flexit
922 1989 999 2029 iter
1031 1989 1305 2041 Genuamque
1337 1989 1516 2029 exercitu

163 2049 310 2090 educto
337 2051 388 2090 ab
402 2051 632 2105 Liguribus
660 2066 778 2091 orsus
805 2051 959 2091 bellum
985 2058 1060 2091 est.
1099 2051 1250 2105 oppida
1268 2049 1517 2091 Clastidium

163 2118 204 2151 et
227 2111 462 2160 Litubium,
501 2123 673 2165 utraque
698 2112 923 2165 Ligurum,
963 2120 1003 2153 et
1034 2113 1138 2152 duae
1170 2112 1305 2166 gentis
1332 2112 1518 2152 eiusdem

163 2171 369 2222 civitates,
409 2172 616 2214 Celeiates
645 2173 1003 2226 Cerdiciatesque,
1042 2188 1133 2213 sese
1160 2174 1417 2214 dediderunt.
1478 2181 1518 2214 et

162 2232 244 2272 iam
277 2234 414 2273 omnia
448 2234 505 2274 cis
536 2235 701 2275 Padum
732 2243 896 2288 praeter
928 2234 1144 2275 Gallorum
1174 2235 1322 2282 Boios,
1360 2235 1516 2275 Ilvates

163 2293 369 2347 Ligurum
396 2296 471 2335 sub
498 2296 657 2336 dicione
684 2304 811 2336 erant.
852 2296 1086 2348 quindecim
1112 2296 1276 2350 oppida,
1304 2296 1516 2336 hominum

163 2355 309 2408 viginti
334 2356 446 2396 milia
471 2371 563 2397 esse
590 2358 849 2406 dicebantur,
890 2372 995 2409 quae
1028 2372 1072 2397 se
1104 2358 1360 2398 dediderant.
1420 2357 1516 2398 inde

162 2416 205 2456 in
231 2431 376 2470 agrum
400 2417 600 2457 Boiorum
625 2418 810 2472 legiones
838 2419 965 2458 duxit.

248 2477 405 2518 XXX.
444 2478 641 2519 Boiorum
667 2479 871 2519 exercitus
899 2480 1009 2519 haud
1034 2480 1091 2520 ita
1118 2480 1246 2520 multo
1274 2486 1368 2520 ante
1394 2480 1515 2520 traie-

1545 285 1579 312 11

1544 592 1583 621 12

1546 777 1559 805 1

1543 959 1561 988 Ν.)

1542 1451 1561 1478 4

1543 1757 1561 1785 5

1544 1880 1562 1908 6

1543 2065 1560 2093 7

1544 2494 1556 2522 1

164 2547 275 2578 cerat
292 2539 468 2580 Padum.
506 2540 696 2580 iunxerat
721 2556 764 2580 se
785 2541 1030 2582 Insubribus
1057 2550 1096 2582 et
1112 2541 1376 2591 Cenomanis,
1404 2542 1515 2594 quod
1540 2554 1558 2584 2

162 2600 218 2641 ita
239 2610 494 2656 acceperant,
515 2602 742 2644 coniunctis
757 2603 988 2659 legionibus
1005 2605 1194 2646 consules
1209 2620 1295 2646 rem
1308 2612 1512 2660 gesturos,
