1799 2900
265 129 347 171 286
544 135 695 169 Llssssss
719 135 920 179 xxxvii,
947 136 1000 170 30.
1021 136 1075 170 31.
1103 138 1200 179 [au.
1217 136 1342 179 12:364]

263 241 353 296 ipso
373 254 549 281 excussa
569 254 590 279 e
610 252 716 279 11316
736 253 811 279 sua
830 253 935 279 unco
957 239 1097 288 dente,
1132 239 1241 279 velut
1260 254 1385 279 manu
1406 239 1539 280 ferrea
1557 239 1618 278 in-

201 318 238 348 10
263 304 385 350 16613,
414 300 614 355 adligavit
639 300 807 341 alterius
833 315 1016 355 proram3
1044 301 1138 341 inde
1159 302 1335 341 tumultu
1353 301 1502 342 iniecto
1527 315 1617 341 cum

263 363 457 404 divellere
483 378 528 403 se
555 363 606 402 ab
631 362 750 403 hoste
772 362 983 416 cupientes
1004 363 1237 404 inhiberent
1250 363 1416 411 Rhodii,
1444 371 1619 403 tractum

264 425 453 466 ancorale
480 432 520 465 et
544 424 774 479 inplicitum
800 425 923 465 remis
950 424 1057 465 latus
1083 425 1257 465 alterum
1284 425 1472 473 detersit;
1506 425 1621 466 debi-

264 488 422 528 litatam
448 501 500 527 ea
526 487 636 541 ipsa,
675 501 780 540 quae
810 486 892 527 icta
922 486 1180 535 cohaeserat,
1217 488 1335 528 113115
1363 487 1482 542 cepit.
1542 487 1620 527 hoc

264 549 441 589 maxime
484 549 607 590 modo
651 549 703 589 ad
745 548 1028 603 Myonnesum
1076 549 1213 590 navali
1261 549 1417 604 proelio
1460 564 1620 604 pugna-

263 621 349 651 tum
375 619 450 652 est.

221 692 234 720 1
347 673 529 714 XXXI.
590 672 686 724 Quo
725 673 890 713 territus
926 672 1180 721 Antiochus,
1225 673 1320 725 quia
1354 673 1620 727 possessione

263 736 388 776 maris
414 736 558 790 pulsus
585 736 812 790 longinqua
838 735 941 776 tueri
968 735 1183 775 diffidebat
1216 749 1259 775 se
1284 750 1427 789 posse,
1465 735 1622 790 pracsi-

264 799 377 838 dium
413 799 464 838 ab
489 797 779 852 Lysimachia,
817 812 868 838 nc
901 797 1201 852 obprimeretur
1230 797 1288 837 ibi
1325 798 1376 837 ab
1407 797 1621 846 Romanis,

263 860 413 902 deduci
442 876 591 916 pravo,
629 868 671 900 ut
704 875 770 901 res
802 861 893 914 ipsa
925 871 1071 914 postea
1097 859 1253 908 docuit,
1293 859 1464 900 consilio
1490 859 1620 899 iussit.

262 939 345 964 non
370 924 479 963 enim
510 923 615 963 tueri
648 922 782 963 solum
807 922 1121 976 Lysimachiam
1153 937 1177 961 a
1202 920 1334 976 primo
1370 921 1514 975 inpetu
1538 921 1623 962 Ro-

261 1001 478 1026 manorum
515 985 635 1026 facile
673 992 778 1033 erat,
817 985 891 1025 sed
927 983 1186 1025 obsidionem
1224 983 1347 1024 etiam
1383 998 1457 1037 per
1494 990 1622 1024 totam

263 1047 442 1088 hiemem
467 1048 642 1088 tolerare
668 1055 708 1087 et
728 1046 957 1088 obsidentis
978 1061 1140 1099 quoque
1161 1046 1214 1086 ad
1233 1046 1419 1086 ultimam
1440 1045 1622 1099 inopiam

264 1111 468 1150 adducere
500 1110 754 1150 extrahendo
787 1117 950 1164 tempus
988 1118 1028 1149 et
1058 1108 1222 1148 interim
1256 1122 1373 1162 spem
1403 1108 1516 1161 pacis
1549 1122 1622 1161 per

219 1187 236 1215 3
264 1172 523 1212 occasionem
550 1179 764 1226 temptare.
813 1185 890 1210 ncc
908 1170 1224 1224 Lysimachiam
1249 1178 1407 1209 tantum
1433 1169 1621 1210 hostibus

263 1233 428 1273 tradidit
454 1240 549 1287 post
576 1234 793 1273 adversam
824 1233 1015 1272 navalem
1046 1246 1250 1285 pugnam,
1290 1231 1363 1271 sed
1389 1231 1512 1271 ctiam
1540 1230 1623 1271 Co-

218 1310 238 1339 4
263 1296 454 1350 lophonis
487 1295 702 1336 obsidione
735 1295 938 1335 abscessit
970 1303 1009 1334 et
1037 1294 1181 1334 Sardis
1212 1293 1367 1348 recepit
1398 1308 1460 1342 sc,
1499 1302 1620 1346 atquc

263 1358 358 1398 inde
383 1357 425 1397 in
453 1356 764 1412 Cappadociam
796 1357 848 1396 ad
872 1356 1124 1396 Ariarathen
1157 1355 1226 1408 qui
1258 1355 1410 1395 auxilia
1436 1369 1621 1395 accerse-

261 1428 353 1460 rent
384 1428 423 1460 et
454 1434 712 1472 quocumque
746 1419 826 1459 alio
856 1426 1017 1473 poterat
1048 1418 1101 1458 ad
1133 1418 1272 1472 copias
1305 1417 1620 1465 contrahendas,

262 1482 305 1523 111
329 1497 458 1521 unum
482 1482 564 1521 iam
591 1481 808 1522 consilium
833 1488 877 1520 ut
903 1480 989 1520 acie
1016 1480 1229 1520 dimicaret
1253 1479 1447 1528 intentus,
1474 1479 1598 1519 misit.

218 1558 236 1586 5
348 1543 537 1597 Regillus
570 1542 776 1583 Aemilius
814 1549 909 1596 post
945 1541 1160 1581 victoriam
1190 1540 1381 1581 navalem
1411 1541 1620 1594 profectus

263 1606 500 1660 Ephesum,
539 1605 714 1645 derectis
742 1613 835 1645 ante
860 1613 1026 1659 portum
1050 1604 1245 1652 navibus,
1279 1618 1372 1643 cum
1398 1603 1623 1645 confessio-

263 1683 359 1708 nem
390 1667 577 1708 concessi
607 1667 732 1707 maris
764 1666 950 1706 ultimam
984 1665 1092 1706 hosti
1123 1665 1416 1720 expressisset,
1456 1664 1622 1715 Chium,

264 1745 344 1783 quo
377 1737 470 1770 ante
507 1729 654 1769 navale
690 1728 895 1783 proelium
927 1743 1094 1768 cursum
1127 1728 1178 1768 ab
1212 1726 1340 1768 Samo
1377 1727 1622 1775 intenderat,

219 1804 236 1834 6
263 1792 445 1846 navigat.
506 1791 563 1831 ibi
593 1806 721 1831 naves
753 1791 795 1830 in
825 1790 982 1845 proelio
1014 1799 1233 1843 quassatas
1271 1804 1363 1829 cum
1395 1788 1622 1838 refecisset,

263 1854 316 1894 L.
342 1853 571 1894 Aemilium
604 1851 809 1893 Scaurum
840 1867 933 1892 cum
972 1852 1139 1906 triginta
1170 1851 1345 1892 navibus
1371 1851 1624 1905 Hellespon-

262 1924 350 1956 tum
377 1915 429 1956 ad
454 1915 681 1956 exercitum
707 1914 979 1955 traiciendum
1003 1914 1128 1962 misit,
1154 1913 1342 1954 Rhodios
1368 1920 1484 1967 parte
1505 1927 1624 1966 prae-

263 1978 339 2018 dae
376 1985 416 2018 et
454 1977 596 2032 spoliis
632 1977 850 2017 navalibus
883 1977 1098 2016 decoratos
1133 1975 1300 2015 domum
1331 1974 1464 2015 redire
1496 1974 1622 2014 iubet.

220 2053 236 2080 7
263 2041 403 2082 Rhodi
427 2040 588 2095 inpigre
618 2048 880 2095 praevertere
912 2039 964 2079 ad
995 2038 1240 2078 traiciendas
1275 2038 1415 2093 copias
1442 2037 1622 2078 consulis

263 2104 340 2152 ire,
368 2112 490 2156 atque
516 2118 564 2143 eo
591 2117 754 2155 quoque
781 2102 911 2142 functi
936 2101 1092 2149 officio,
1121 2109 1206 2140 tum
1234 2100 1400 2140 demum
1424 2099 1622 2140 Rhodum

220 2176 238 2206 8
263 2166 434 2207 rediere.
484 2165 628 2205 classis
655 2165 847 2206 Romana
879 2165 930 2204 ab
958 2162 1065 2204 Chio
1091 2163 1329 2203 Phocaeam
1361 2162 1531 2202 traiecit.
1580 2162 1622 2201 in

264 2228 356 2267 sinu
382 2227 507 2267 maris
539 2227 683 2267 intimo
714 2227 849 2281 posita
880 2226 983 2266 haec
1014 2226 1112 2266 urbs
1146 2233 1226 2273 est,
1264 2224 1444 2278 oblonga
1476 2224 1620 2265 forma.

264 2290 389 2329 duum
426 2290 584 2330 milium
615 2298 656 2329 et
686 2290 1007 2343 quingentorum
1037 2303 1237 2342 passuum
1270 2286 1449 2341 spatium
1480 2301 1620 2326 murus

264 2351 540 2405 amplectitur,
590 2351 671 2391 coit
708 2350 855 2391 deinde
894 2366 946 2391 ex
981 2358 1154 2403 utraque
1197 2356 1313 2404 parte
1351 2349 1393 2388 in
1430 2349 1620 2389 artiorem

220 2423 237 2452 9
264 2413 374 2452 161111
401 2427 595 2461 61111611111;
628 2413 857 2467 Lamptera
881 2412 960 2467 ipsi
986 2412 1207 2466 adpellant.
1267 2411 1378 2451 mille
1405 2418 1445 2450 et
1470 2410 1622 2449 ducen-

265 2480 326 2513 tos
354 2490 502 2527 passus
528 2475 585 2515 ibi
610 2475 783 2516 latitudo
808 2482 941 2529 patet3
978 2475 1073 2514 inde
1105 2474 1147 2513 in
1178 2474 1305 2514 altum
1336 2473 1480 2527 lingua
1509 2471 1619 2510 mille

264 2548 463 2587 passuum
489 2550 711 2576 excurrens
737 2536 920 2576 medium
945 2537 1031 2576 fere
1053 2536 1190 2576 sinum
1216 2535 1326 2575 161111
1353 2542 1451 2574 11013
1476 2531 1619 2572 distin-

265 2595 372 2648 guit,
409 2596 478 2636 ubi
509 2597 699 2637 cohaeret
730 2598 920 2638 faucibus
951 2598 1157 2652 angustis,
1197 2597 1299 2637 duos
1330 2596 1373 2635 in
1403 2603 1618 2645 utramque

218 938 235 967 ¹0
