1799 2900
216 107 297 149 184
504 115 656 150 LIBER
682 115 850 160 XXXV,
880 115 1004 149 11.12.
1033 118 1080 159 [a.
1096 127 1128 150 u.
1146 127 1175 151 e.
1188 116 1271 160 561]

215 219 390 261 subditis
419 217 646 259 calcaribus
672 233 745 273 per
770 218 1028 260 intermissas
1056 220 1254 261 stationes
1275 219 1456 261 hostium
1478 235 1570 261 eru-

154 297 185 325 11
214 298 330 337 perc,
369 288 409 321 et
439 281 480 320 in
512 295 658 335 agrum
689 280 876 321 latiorem
902 281 1034 322 evecti
1060 282 1197 323 omnia
1222 283 1453 337 propinqua
1479 283 1569 324 viae

214 352 321 384 tecta
359 343 597 383 incendunt.
657 344 847 398 proximo
885 343 1033 384 deinde
1071 344 1161 385 vico
1198 344 1379 385 inserunt
1415 345 1568 399 ignem,

150 419 187 448 12
215 407 323 447 ferro
348 406 597 458 flammaque
624 406 762 446 omnia
780 414 1034 460 pervastant.
1073 406 1210 447 fumus
1236 408 1368 462 primo
1395 422 1569 462 eonspe-

215 476 318 517 ctus,
346 468 494 508 deinde
516 468 670 508 clamor
697 468 990 523 trepidantium
1015 468 1056 508 in
1077 469 1177 509 vicis
1205 470 1382 519 auditus,
1409 478 1570 524 postre-

214 545 281 571 mo
308 528 492 571 seniores
535 530 736 585 puerique
780 530 1035 584 refugientes
1082 531 1301 572 tumultum
1344 533 1385 572 in
1424 532 1568 573 eastris

149 604 187 634 13
214 592 413 633 fecerunt.
463 592 603 645 itaque
630 592 718 633 sine
745 592 929 641 consilio,
958 593 1044 632 sine
1070 592 1262 648 imperio,
1288 609 1362 648 pro
1389 609 1433 635 se
1459 595 1571 648 quis—

214 669 292 707 quc
319 668 482 695 currere
509 654 561 694 ad
588 670 662 695 sua
687 655 873 703 tutanda,
900 661 1191 708 momentoque
1218 656 1414 710 temporis
1436 665 1571 697 castra

212 716 354 757 relicta
380 723 509 766 erant,
536 723 577 757 et
602 717 818 758 obsidione
844 716 1041 757 liberatus
1068 717 1213 758 consul
1234 732 1314 770 quo
1338 718 1571 760 intenderat

212 778 414 832 pervenit.

170 853 184 881 1
297 840 405 881 XII.
457 839 544 881 Sed
568 855 702 894 neque
727 840 807 881 Boi
838 855 971 893 neque
997 841 1197 895 Hispani,
1225 855 1318 881 cum
1345 842 1494 895 quibus
1521 856 1570 883 eo

212 918 320 944 anno
352 903 551 944 bellatum
587 910 693 952 crat,
731 910 816 943 tam
851 903 1017 944 inimice
1048 903 1189 944 infesti
1221 912 1338 945 erant
1367 904 1569 946 Romanis

168 975 185 1004 2
213 980 336 1018 quam
361 966 609 1007 Aetolorum
636 980 753 1020 gens.
792 965 821 1005 ii
844 974 940 1021 post
961 966 1198 1020 deportatos
1225 981 1275 1007 ex
1298 966 1475 1008 Graecia
1500 982 1572 1008 ex-

213 1027 365 1068 ercitus
385 1027 519 1082 primo
543 1027 584 1067 in
606 1043 678 1082 spe
700 1028 876 1076 fucrant,
904 1035 942 1068 et
957 1028 1214 1068 Antiochum
1234 1028 1275 1068 in
1296 1043 1470 1069 vacuam
1483 1029 1572 1069 Eu-

211 1104 337 1144 ropae
368 1089 679 1144 possessionem
705 1096 925 1130 venturum
950 1104 1027 1130 nec
1050 1090 1293 1145 Philippum
1326 1099 1395 1131 aut
1419 1090 1571 1131 Nabim

168 1162 186 1191 :3
213 1151 438 1204 quieturos.
498 1151 568 1191 ubi
594 1151 694 1191 nihil
719 1166 897 1204 usquam
922 1152 1078 1192 moveri
1099 1152 1302 1201 viderunt,
1329 1153 1571 1206 agitandum

213 1213 369 1265 aliquid
409 1212 750 1266 miscendumque
786 1213 884 1262 rati,
933 1229 985 1254 ne
1029 1214 1262 1255 cunctando
1307 1222 1570 1255 senescerent

168 1285 187 1313 4
215 1275 405 1323 consilia,
450 1275 670 1315 concilium
705 1275 970 1329 Naupactum
1014 1275 1262 1316 indixerunt.
1335 1276 1391 1316 ibi
1428 1276 1570 1317 Thoas

212 1345 377 1391 praetor
402 1351 545 1378 corum
570 1345 822 1389 conquestus
844 1336 1012 1377 iniurias
1045 1337 1312 1377 {omanorum
1334 1345 1570 1390 statumque

214 1399 426 1448 Aetoliae,
460 1399 571 1451 quod
603 1399 787 1440 omnium
813 1398 1015 1439 Graeciae
1047 1400 1232 1453 gentium
1259 1400 1569 1453 civitatiumque

212 1461 566 1501 inhonoratissimi
597 1468 691 1515 post
722 1475 814 1501 eam
846 1461 1061 1501 victoriam
1093 1468 1253 1508 essent,
1291 1461 1406 1501 cuius
1444 1475 1571 1502 causa

169 1534 188 1562 5
214 1523 293 1577 ipsi
318 1523 514 1571 fuissent,
552 1523 713 1576 legatos
741 1522 902 1562 censuit
933 1523 1041 1563 eirca
1066 1538 1186 1577 reges
1219 1523 1464 1572 mittendos,
1502 1524 1572 1576 qui

213 1600 296 1625 non
323 1585 456 1625 solum
486 1591 738 1638 temptarent
770 1585 928 1625 animos
956 1600 1116 1633 eorum,
1152 1585 1226 1625 sed
1252 1585 1337 1625 suis
1365 1600 1570 1638 quemque

169 1660 185 1688 6
214 1647 389 1687 stimulis
416 1654 630 1687 moverent
655 1647 708 1686 ad
732 1647 969 1687 Romanum
995 1647 1162 1687 bellum.
1223 1647 1492 1688 Damocritus
1518 1648 1571 1688 ad

211 1709 375 1757 Nabim,
401 1709 611 1749 Nicander
637 1709 690 1749 ad
708 1708 963 1764 Philippum,
990 1708 1276 1749 Dicaearchus
1303 1709 1428 1750 frater
1452 1724 1571 1764 prae-

168 1784 183 1812 7
213 1771 311 1812 toris
328 1771 381 1811 ad
393 1770 650 1812 Antiochum
670 1771 913 1812 estinissus.
941 1779 1116 1825 tyranno
1131 1771 1468 1812 Lacedaemonio
1480 1772 1571 1812 Da-

211 1833 408 1874 mocritus
436 1832 639 1887 ademptis
666 1833 882 1873 maritimis
904 1833 1139 1874 civitatibus
1166 1841 1404 1874 enervatam
1431 1840 1570 1887 tyran-

211 1896 350 1936 nidem
377 1895 531 1936 dicere:
558 1895 653 1936 inde
673 1895 858 1944 militem,
884 1895 979 1935 inde
1006 1910 1133 1935 naves
1160 1896 1412 1948 navalesque
1435 1895 1568 1936 socios

211 1958 421 1999 habuisse.
457 1958 665 1999 inclusum
692 1958 776 1998 suis
802 1972 932 2013 prope
956 1957 1085 1998 muris
1107 1957 1303 1998 Achaeos
1329 1958 1468 1998 videre
1495 1958 1568 1999 do-

167 2031 185 2061 8
212 2020 406 2061 minantis
438 2020 480 2060 in
510 2021 815 2075 Peloponneso.
882 2034 1106 2073 numquam
1140 2019 1376 2060 habiturum
1411 2020 1569 2075 recipc-

212 2083 330 2123 randi
357 2098 432 2124 sua
456 2083 735 2132 occasionem,
770 2082 804 2123 si
829 2097 921 2123 eam
947 2096 1051 2135 quae
1078 2089 1165 2122 tum
1191 2090 1300 2122 esset
1327 2083 1569 2136 praetermi-

213 2145 348 2186 sisset.
387 2154 426 2186 et
448 2145 607 2185 nullum
623 2145 849 2186 exereitum
863 2145 1099 2185 Romanum
1115 2144 1156 2184 in
1173 2143 1351 2185 Graecia
1365 2159 1470 2193 esse,
1492 2159 1569 2185 nec

215 2208 418 2262 (propter)
448 2207 660 2262 Gytheum
693 2216 763 2248 aut
794 2207 1020 2248 maritimos
1049 2207 1150 2247 alios
1178 2206 1372 2248 Laconas
1399 2207 1569 2262 dignam

213 2285 383 2310 causam
420 2270 728 2311 existimaturos
754 2270 989 2318 Romanos,
1029 2284 1099 2310 cur
1130 2268 1316 2323 legiones
1347 2285 1489 2310 rursus
1527 2269 1568 2310 in

167 2344 184 2373 9
215 2332 435 2372 Graeciam
461 2332 754 2373 transmittant.
810 2332 913 2372 haec
939 2332 992 2372 ad
1017 2331 1271 2372 incitandum
1297 2332 1480 2372 animum
1506 2339 1568 2386 ty-

210 2394 329 2434 ranni
355 2394 617 2444 dicebantur,
650 2402 712 2443 ut,
746 2410 838 2435 cum
864 2395 1100 2436 Antiochus
1131 2394 1173 2434 in
1201 2394 1420 2436 Graeciam
1448 2395 1568 2436 traie-

212 2455 355 2504 cisset‚
395 2458 647 2498 conscicntia
672 2457 848 2498 violatae
881 2472 955 2512 per
981 2457 1186 2498 sociorum
1218 2456 1388 2497 iniurias
1413 2457 1569 2497 Roma-

148 2528 188 2557 10
213 2531 290 2555 nae
316 2517 520 2559 amicitiae
541 2519 809 2573 coniungeret
831 2535 876 2560 se
896 2534 989 2559 cum
1003 2519 1229 2560 Antiocho.
1267 2526 1307 2560 et
1326 2519 1567 2573 Philippum

213 2577 419 2618 Nicander
456 2579 565 2620 haud
603 2581 791 2622 dissimili
829 2581 1011 2623 oratione
1050 2581 1259 2622 incitabat.
1321 2588 1408 2621 erat
1445 2579 1565 2620 etiam
