1799 2900
241 140 324 183 368
501 147 655 182 LIBER
679 148 903 193 XXXVIII,
929 149 983 184 55.
1003 150 1057 184 56.
1085 153 1180 194 [m.
1196 151 1320 194 mci]

195 265 214 295 8
240 251 352 306 genti
384 251 572 291 ducenta.
634 250 708 290 has
740 266 818 305 ego
851 266 1032 293 summas
1064 253 1148 293 auri
1176 262 1216 294 et
1247 254 1407 307 argenti
1435 253 1586 295 relatas

240 313 347 367 apud
379 312 591 352 Antiatem
629 311 785 361 inveni3
825 313 866 353 in
898 314 951 354 L.
986 314 1180 369 Scipione
1218 316 1359 356 malim
1397 316 1586 369 equidem

237 373 391 414 librarii
438 374 635 414 mendum
683 388 806 427 quam
853 376 1114 417 mendacium
1157 378 1365 432 scriptoris
1410 393 1502 419 csse
1546 378 1587 418 in

196 450 213 480 9
239 450 400 475 summa
424 435 511 475 auri
537 442 658 488 atque
684 437 856 490 argenti.
897 437 1068 478 similius
1095 438 1203 479 enim
1229 440 1315 480 veri
1340 447 1403 481 est
1428 440 1588 494 argenti

239 513 361 550 quam
392 497 479 538 auri
510 498 644 538 maius
681 499 842 553 pondus
875 499 1023 548 fuisse,
1061 508 1101 541 et
1135 501 1272 555 potius
1312 501 1586 556 quadragiens

175 573 214 603 10
240 575 360 613 quam
382 560 624 600 ducentiens
645 560 922 614 quadragiens
949 561 1062 601 litem
1083 563 1355 611 aestimatam,
1383 578 1431 604 eo
1452 563 1586 618 magis

238 623 349 676 quod
374 629 511 663 tantae
538 637 723 663 summae
748 623 950 663 rationem
976 625 1098 664 etiam
1123 625 1174 664 ab
1199 624 1290 678 ipso
1315 625 1364 665 P.
1393 625 1587 679 Scipione

174 698 210 727 ll
238 684 478 737 requisitam
504 699 595 725 esse
621 684 663 724 in
683 691 829 724 senatu
848 685 1016 725 tradunt
1041 685 1273 738 librumque
1292 687 1462 727 rationis
1485 687 1585 735 eius,

239 760 332 786 cum
344 746 525 786 Lucium
550 746 719 786 fratrem
746 746 906 786 adferre
932 746 1136 795 iussisset,
1162 746 1420 801 inspectante
1443 756 1588 788 senatu

173 822 212 851 12
239 809 322 849 suis
348 808 486 863 ipsum
505 808 695 849 manibus
717 809 1001 863 concerpsisse
1026 809 1324 863 indignantem,
1351 810 1473 862 quod,
1496 824 1588 850 cum

238 871 300 911 bis
331 871 493 911 miliens
523 870 566 911 in
597 871 798 911 aerarium
829 871 1055 920 intulisset,
1093 871 1369 925 quadragiens
1400 871 1503 912 ratio
1537 872 1588 912 ab

175 946 212 975 13
239 947 283 973 se
307 940 560 987 posceretur.
621 933 673 972 ab
699 932 844 973 eadem
876 932 1027 973 fiducia
1052 933 1195 981 animi,
1229 947 1322 973 cum
1349 940 1588 986 quaestores

236 994 453 1049 pecuniam
479 1009 529 1035 ex
555 994 712 1035 aerario
738 1002 879 1034 contra
904 994 1040 1048 legem
1064 1009 1252 1049 promere
1273 1011 1354 1035 non
1376 995 1587 1044 auderent,

237 1056 479 1110 poposcisse
511 1056 637 1096 clavis
669 1062 709 1096 et
736 1071 779 1096 se
811 1062 1048 1111 aperturum
1080 1056 1283 1097 aerarium
1309 1056 1484 1106 dixisse,
1518 1056 1587 1110 qui

238 1125 282 1157 ut
307 1118 563 1158 clauderetur
589 1118 809 1159 effecisset.

196 1191 210 1219 1
322 1180 441 1221 LVI.
489 1180 627 1219 Multa
652 1179 731 1220 alia
755 1179 797 1219 in
824 1179 1032 1234 Scipionis
1057 1180 1138 1220 fine
1164 1187 1249 1220 tum
1275 1180 1453 1220 maxime
1479 1180 1587 1220 vitae

239 1240 385 1293 dieque
406 1241 526 1289 dicta,
547 1249 690 1289 morte,
712 1241 869 1289 funere,
891 1241 1093 1295 sepulcro,
1115 1241 1155 1280 in
1176 1242 1385 1282 diversum
1405 1241 1585 1290 trahunt,

238 1310 283 1341 ut
308 1302 373 1341 cui
398 1302 545 1351 famae,
573 1303 721 1355 quibus
749 1302 910 1356 scriptis
937 1303 1145 1343 adsentiar
1169 1318 1251 1343 nou
1277 1303 1466 1343 habeam.
1503 1318 1586 1343 non

239 1363 289 1403 de
327 1371 564 1404 accusatore
594 1364 786 1404 convenit
809 1388 842 1392 —
867 1363 935 1403 alii
959 1364 1021 1404 M.
1046 1364 1268 1413 Naevium,
1306 1364 1374 1404 alii
1400 1364 1584 1405 Petillios

238 1425 346 1465 diem
372 1425 526 1465 dixisse
553 1425 736 1465 scribunt
759 1450 810 1474 -‚
836 1440 919 1466 non
945 1425 995 1466 de
1020 1432 1224 1480 tempore,
1258 1440 1338 1478 quo
1364 1426 1472 1466 dicta
1497 1426 1584 1466 dies

238 1487 308 1536 sit,
334 1502 417 1527 non
442 1488 492 1527 de
518 1502 644 1535 anno,
677 1501 756 1539 quo
787 1494 973 1527 mortuus
1000 1487 1052 1528 sit
1062 1519 1071 1536 ,
1103 1503 1186 1527 non
1211 1487 1281 1527 ubi
1305 1496 1489 1528 mortuus
1517 1499 1586 1527 aut

193 1560 211 1589 3
238 1548 369 1588 elatus
386 1548 449 1588 sit.
489 1548 555 1588 alii
570 1548 741 1596 Romae,
763 1549 830 1588 alii
844 1548 1007 1588 Literni
1027 1556 1066 1589 et
1085 1557 1291 1589 mortuum
1307 1556 1345 1589 et
1366 1549 1584 1603 sepultum.

238 1610 452 1662 utrobique
478 1618 744 1651 monumenta
764 1610 1036 1651 ostenduntur
1061 1619 1102 1650 et
1127 1618 1305 1651 statuae:
1332 1626 1427 1650 nam
1453 1617 1493 1650 et
1510 1610 1587 1650 Li-

237 1671 340 1711 terni
372 1680 686 1713 monumentum
723 1679 1074 1724 monumentoque
1112 1680 1246 1712 statua
1283 1672 1588 1727 superinposita

191 1745 211 1773 4
237 1733 331 1781 fuit,
369 1747 493 1786 quam
530 1741 774 1787 tempestate
806 1733 1008 1774 deiectam
1039 1748 1169 1787 nuper
1199 1733 1376 1773 vidimus
1409 1733 1508 1787 ipsi,
1545 1742 1586 1774 et

235 1795 395 1835 Romae
421 1803 537 1835 extra
561 1804 721 1850 portam
743 1794 958 1850 Capenam
983 1796 1024 1835 in
1051 1795 1291 1849 Scipionum
1317 1802 1586 1836 monumento

236 1864 318 1896 tres
347 1863 506 1897 statuae
533 1864 640 1905 sunt,
667 1872 840 1910 quarum
866 1857 971 1897 duae
985 1856 1034 1897 P.
1057 1864 1097 1896 et
1110 1857 1163 1897 L.
1181 1855 1423 1910 Scipionum
1443 1856 1586 1896 dicun-

192 1930 210 1959 5
236 1925 301 1958 tur
316 1932 420 1966 esse,
442 1918 562 1958 tertia
580 1926 727 1973 poetae
743 1918 795 1970 Q.
810 1918 949 1959 Ennii.
987 1933 1064 1958 nec
1082 1918 1188 1958 inter
1209 1918 1428 1972 scriptores
1448 1933 1585 1958 rerum

237 1979 444 2034 discrepat
468 1980 620 2029 solum,
654 1980 728 2021 sed
753 1980 958 2021 orationes
985 1994 1165 2032 quoque,
1193 1979 1226 2019 si
1251 1980 1374 2020 modo
1400 1979 1582 2033 ipsorum

237 2050 332 2081 sunt
357 2055 460 2094 quae
486 2041 685 2091 feruntur,
710 2042 760 2082 P.
783 2041 990 2096 Scipionis
1017 2049 1055 2081 et
1076 2041 1141 2081 Ti.
1158 2040 1337 2081 Gracchi
1362 2041 1585 2081 abhorrent

193 2114 210 2144 6
236 2103 341 2143 inter
368 2118 424 2143 se.
484 2103 609 2143 iudex
635 2103 830 2144 orationis
855 2104 904 2144 P.
934 2102 1141 2157 Scipionis
1173 2118 1325 2143 nomen
1348 2103 1410 2143 M.
1438 2103 1584 2143 Naevii

236 2165 386 2204 tribuni
417 2165 550 2219 plebis
577 2165 719 2214 habet,
751 2166 842 2220 ipsa
867 2165 996 2206 oratio
1023 2165 1110 2205 sine
1136 2164 1301 2205 nomine
1327 2172 1389 2205 est
1416 2179 1584 2205 accusa-

237 2226 354 2275 toris3
391 2226 639 2267 nebulonem
670 2228 812 2275 modo,
850 2227 973 2267 modo
1004 2234 1247 2280 nugatorem
1280 2226 1472 2281 adpellat.
1531 2242 1583 2267 ne

237 2286 416 2328 Gracchi
442 2288 608 2340 quidem
634 2289 763 2329 oratio
790 2296 859 2329 aut
876 2288 1136 2329 Petilliorum
1163 2296 1446 2329 accusatorum
1468 2288 1583 2328 Afri-

193 2360 211 2389 8
238 2349 328 2388 cani
354 2357 423 2389 aut
443 2349 523 2390 diei
550 2350 682 2390 dictae
696 2350 897 2391 Africano
915 2351 1043 2390 ullam
1064 2350 1313 2390 mentionem
1334 2350 1471 2390 habet.
1504 2350 1583 2390 alia

237 2417 321 2450 tota
347 2411 521 2451 serenda
545 2412 686 2451 fabula
706 2418 769 2451 cst
784 2411 964 2452 Gracchi
983 2411 1157 2453 orationi
1177 2411 1440 2459 conveniens,
1467 2419 1507 2452 et
1525 2411 1583 2451 illi

237 2479 422 2511 auctores
450 2474 648 2525 sequendi
675 2481 787 2521 sunt,
814 2474 901 2526 qui,
934 2488 1026 2514 cum
1052 2475 1104 2515 L.
1133 2473 1274 2528 Scipio
1300 2480 1341 2514 et
1365 2480 1582 2514 accusatus

236 2539 275 2571 et
296 2533 512 2574 damnatus
534 2535 586 2575 sit
610 2535 807 2589 pecuniae
829 2543 971 2590 captae
994 2537 1045 2576 ab
1064 2551 1175 2590 rege,
1203 2536 1384 2589 legatum
1403 2536 1444 2575 in
1458 2535 1584 2575 Etru-

193 2605 210 2634 9
235 2592 295 2632 ria
325 2593 453 2634 fuisse
479 2596 724 2636 Africanum
754 2597 940 2644 tradunt,
979 2612 1059 2650 quo
1090 2604 1184 2651 post
1216 2597 1371 2637 famam
1403 2597 1453 2636 de
1485 2609 1582 2635 casu

194 1314 212 1343 10

193 2240 209 2268 *l
