1799 2900
233 151 315 193 338
494 159 644 193 LIBER
669 158 894 203 XXXVIII,
920 159 974 193 24.
994 159 1047 193 25.
1075 162 1173 204 [au.
1192 160 1318 204 e.5ss5]

231 264 480 317 stringerent
504 261 658 302 ferrum
690 269 731 303 et
763 262 1043 304 centurionem
1073 271 1318 318 pensantem
1344 279 1489 305 aurum
1514 281 1583 308 oc-

185 340 202 369 9
229 326 428 372 ciderent,
461 323 691 378 imperavit.
751 323 924 378 iugulati
949 325 1180 379 praecisum
1205 334 1326 381 caput
1353 326 1443 381 ipsa
1468 327 1583 369 invo-

229 387 357 427 lutum
384 394 498 426 veste
524 386 662 426 ferens
688 386 741 426 ad.
761 386 895 426 virum
909 386 1213 441 Ortiagontem,
1241 387 1309 441 qui
1331 389 1382 428 ab
1398 388 1582 444 Olympo

228 448 395 489 domum
409 448 632 502 refugerat,
654 447 842 502 pervenit
851 464 861 497 ;
889 462 1010 501 quem
1028 449 1266 503 priusquam
1290 451 1583 506 complectere-

165 525 202 553 10
228 521 311 558 tur,
349 518 472 565 caput
504 510 753 550 centurionis
784 518 879 550 ante
908 510 1036 565 pedes
1069 512 1155 551 cius
1188 512 1352 560 abiecit,
1398 513 1583 554 miranti-

227 587 325 626 que,
352 572 567 612 cuiusnam
593 572 635 612 id
661 580 784 627 eaput
801 572 977 613 hominis
999 580 1068 613 aut
1090 574 1200 627 quod
1219 574 1261 613 id
1282 574 1442 615 facinus
1464 575 1581 616 haut-

227 649 434 687 quaquam
459 634 658 675 muliebre
684 641 813 682 esset,
841 642 880 674 et
905 634 1096 674 iniuriam
1122 636 1303 690 corporis
1325 644 1364 677 et
1383 637 1581 678 ultionem

163 712 199 740 11
227 696 403 737 violatae
429 711 502 750 per
528 697 610 736 vim
636 696 856 750 pudicitiae
883 696 1076 737 confessa
1101 697 1188 737 viro
1213 705 1295 745 est,
1327 698 1506 751 aliaque,
1538 707 1583 740 ut

226 759 417 807 traditur,
461 758 679 799 sanctitate
716 765 757 798 et
792 758 996 812 gravitate
1035 758 1142 799 vitae
1184 758 1304 800 huius
1342 761 1581 802 matronalis

226 820 420 860 facinoris
447 820 572 860 decus
598 820 651 860 ad
676 820 865 860 ultimum
891 819 1165 860 conservavit.

184 897 198 925 1
310 882 462 924 XXV.
522 883 594 922 Ad
618 883 832 936 Ancyram
857 882 898 922 in
924 881 1073 922 stativa
1099 889 1280 923 oratores
1302 883 1582 938 Tectosagum

226 944 279 983 ad
305 944 517 984 consulem
544 951 744 984 venerunt
769 951 978 999 petentes,
1004 959 1055 984 ne
1078 952 1172 984 ante
1193 945 1244 985 ab
1257 945 1430 998 Ancyra
1448 952 1584 986 castra

227 1014 428 1054 moveret,
455 1020 577 1059 quam
605 1006 844 1047 conlocutus
872 1021 965 1046 cum
991 1007 1076 1047 suis
1102 1007 1271 1061 regibus
1293 1016 1421 1047 essct:
1447 1007 1582 1048 nullas

181 1082 199 1111 2
227 1067 488 1108 condiciones
514 1068 628 1122 pacis
660 1068 709 1108 iis
736 1083 818 1109 non
844 1069 952 1109 bello
978 1069 1065 1109 fore
1097 1069 1291 1123 potiores.
1351 1076 1515 1123 tempus
1540 1069 1582 1110 in

224 1139 437 1184 posterum
463 1130 571 1170 diem
597 1130 859 1170 constituitur
888 1130 1087 1183 locusque
1119 1131 1187 1183 qui
1217 1131 1376 1171 medius
1402 1131 1581 1171 maxime

182 1207 200 1235 3
226 1192 332 1232 inter
363 1199 497 1232 castra
529 1191 744 1232 Gallorum
777 1200 817 1233 et
846 1193 1061 1245 Ancyram
1094 1200 1157 1233 est
1187 1192 1314 1233 visus.
1375 1208 1454 1246 quo
1488 1207 1581 1232 cum

226 1252 370 1293 consul
402 1253 454 1293 ad
484 1261 646 1307 tempus
679 1267 771 1293 cum
802 1254 1010 1307 pracsidio
1048 1253 1366 1308 quingentorum
1398 1254 1580 1306 equitum

226 1314 408 1355 venisset
439 1329 514 1355 nec
545 1315 627 1355 ullo
660 1314 875 1355 Gallorum
906 1315 962 1355 ibi
1000 1315 1089 1355 viso
1119 1330 1335 1370 regressus
1366 1315 1407 1355 in
1445 1324 1581 1356 castra

180 1392 201 1420 4
226 1386 354 1426 essct,
382 1386 564 1417 oratores
590 1377 699 1417 idem
725 1377 910 1426 redeunt,
937 1385 1182 1418 excusantes
1202 1377 1399 1431 religione
1420 1377 1580 1418 obiecta

225 1440 365 1481 venire
389 1455 509 1494 reges
536 1455 618 1480 non
643 1455 787 1494 posse:
813 1440 1020 1495 principes
1045 1440 1200 1494 gentis,
1226 1454 1299 1494 per
1325 1454 1427 1492 quos
1449 1454 1579 1492 acque

180 1515 199 1544 5
224 1517 289 1542 res
317 1502 490 1556 transigi
515 1510 677 1556 posset,
704 1510 913 1542 venturos.
964 1501 1108 1542 consul
1134 1516 1177 1541 se
1204 1515 1365 1553 quoque
1390 1501 1580 1541 Attalum

224 1563 449 1603 missurum
474 1563 588 1603 dixit.
626 1564 678 1603 ad
699 1564 775 1603 hoc
802 1562 1064 1616 conloquium
1089 1562 1294 1615 utrimque
1315 1571 1483 1602 ventum
1503 1571 1577 1603 est.

224 1633 430 1666 trecentos
457 1625 615 1678 equites
638 1625 808 1665 Attalus
834 1624 1029 1680 praesidii
1056 1639 1181 1665 causa
1205 1638 1298 1665 cum
1325 1623 1578 1673 adduxisset,

180 1701 198 1730 6
225 1687 354 1727 iactae
387 1696 481 1727 sunt
514 1687 627 1741 pacis
660 1686 937 1728 condiciones.
997 1686 1090 1727 finis
1122 1686 1182 1727 rei
1214 1686 1311 1739 quia
1336 1687 1577 1727 absentibus

225 1749 398 1789 ducibus
424 1749 566 1803 inponi
586 1764 668 1789 non
693 1756 867 1803 poterat,
895 1749 1100 1798 convenit,
1126 1748 1185 1788 uti
1206 1748 1350 1789 consul
1374 1763 1578 1802 regesque

181 1824 197 1852 7
225 1825 273 1852 00
299 1811 389 1851 1000
415 1818 580 1865 postero
608 1811 672 1851 die
699 1810 1063 1865 congrederentur.
1123 1810 1335 1850 frustratio
1363 1809 1578 1850 Gallorum

224 1888 272 1913 00
293 1873 519 1927 spectabat,
546 1873 724 1927 primum
744 1881 787 1913 ut
811 1879 991 1913 tererent
1016 1880 1192 1927 tempus,
1219 1872 1349 1912 donec
1374 1887 1440 1912 res
1467 1887 1577 1920 suas,

223 1936 372 1987 quibus
391 1935 612 1989 periclitari
632 1935 840 1983 nolebant,
867 1949 961 1975 011111
980 1934 1223 1988 coniugibus
1246 1941 1286 1974 et
1305 1933 1443 1974 liberis
1465 1941 1576 1974 trans

223 1997 364 2051 Halyn
390 1997 543 2038 flumen
568 1997 798 2044 traicerent,
826 1996 973 2036 deinde
994 1996 1104 2049 quod
1129 1995 1208 2050 ipsi
1234 1995 1404 2044 consuli,
1431 2010 1578 2049 parum

177 2071 196 2101 8
224 2067 343 2100 cauto
375 2059 575 2100 adversus
608 2058 813 2112 conloquii
845 2058 1053 2106 fraudem,
1092 2057 1405 2098 insidiabantur.
1466 2056 1576 2097 mille

222 2121 275 2161 ad
300 2136 391 2161 eam
422 2136 508 2161 rem
534 2136 586 2160 ex
611 2120 722 2161 omni
754 2135 924 2160 numero
957 2119 1152 2160 audaciae
1185 2129 1378 2173 expertae
1411 2118 1577 2172 delege-

220 2191 316 2222 runt
341 2182 513 2235 equites,
563 2190 603 2223 et
628 2181 900 2223 successisset
925 2181 1073 2230 fraudi,
1098 2181 1139 2221 ni
1164 2196 1238 2236 pro
1263 2181 1350 2221 iure
1376 2180 1575 2234 gentium,

223 2244 338 2284 cuius
376 2244 556 2285 violandi
593 2244 810 2285 consilium
848 2243 994 2283 initum
1031 2250 1136 2291 erat,
1176 2242 1359 2284 stetisset
1395 2243 1573 2283 fortuna.

179 2320 196 2350 9
222 2306 485 2360 pabulatores
511 2307 818 2361 lignatoresque
843 2305 1023 2346 Romani
1047 2305 1089 2345 in
1114 2320 1205 2345 eam
1230 2312 1403 2359 partem,
1429 2304 1471 2344 in
1496 2318 1576 2357 qua

223 2368 486 2421 conloquium
517 2369 702 2409 futurum
728 2376 834 2416 erat,
873 2367 982 2408 ducti
1010 2374 1123 2416 sunt,
1161 2367 1287 2408 tutius
1319 2366 1361 2406 id
1392 2366 1575 2406 futurum

223 2429 396 2470 tribunis
422 2430 535 2479 ratis,
562 2431 657 2484 quia
684 2430 864 2471 consulis
890 2429 1141 2484 praesidium
1167 2437 1207 2470 et
1231 2429 1367 2483 ipsum
1393 2442 1467 2482 pro
1493 2434 1574 2468 sta-

160 2505 198 2535 10
223 2491 331 2531 tione
354 2492 529 2532 habituri
556 2500 672 2534 erant
697 2492 806 2533 hosti
825 2491 1079 2546 obpositum:
1107 2507 1224 2532 suam
1245 2499 1383 2531 tamen
1404 2490 1572 2530 alteram

224 2553 441 2593 stationem
468 2555 636 2609 propius
664 2562 798 2595 castra
825 2561 1106 2595 sescentorum
1132 2553 1315 2606 equitum
1334 2556 1572 2607 posuerunt.

160 2626 195 2655 11
225 2614 367 2654 consul
395 2615 636 2657 adfirmante
661 2616 805 2657 Attalo
840 2623 1032 2657 venturos
1063 2630 1184 2669 reges
1215 2622 1255 2656 ct
1285 2612 1456 2667 transigi
1486 2626 1570 2652 rem
