1799 2900
251 135 333 177 272
528 144 679 178 LIBER
706 144 912 190 XXXVII,
940 145 1059 180 15.16.
1088 147 1136 192 [a.
1150 158 1183 181 u.
1201 158 1229 181 e.
1243 146 1324 190 564]

207 261 225 289 4
253 263 370 303 opes,
408 247 449 287 in
476 247 651 288 adsidua
676 247 851 289 statione
877 248 1056 299 futuros,
1094 250 1207 304 ipsos
1240 250 1372 304 magis
1400 251 1604 305 adligatos

252 309 558 364 inpeditosque,
601 324 652 349 ne
690 309 788 362 quid
824 324 964 350 eorum
1001 326 1106 364 quae
1143 312 1303 366 agenda
1335 312 1414 352 sint
1446 312 1606 367 possint

207 387 225 415 5
251 386 391 425 agere,
430 385 554 423 quam
579 378 622 410 ut
648 370 778 411 hostis
805 371 967 412 clausos
994 372 1185 414 habeant.
1245 373 1461 415 Eudamus
1488 389 1606 429 prae-

251 435 382 475 fectus
409 433 598 474 Rhodiae
625 434 769 474 classis
803 435 935 490 magis
968 450 1057 476 eam
1090 437 1167 477 sibi
1198 437 1415 492 displicere
1442 445 1606 478 senten-

251 497 350 537 tiam
381 496 562 537 ostendit
598 511 721 549 quam
752 496 842 551 ipse
874 497 971 550 quid
1002 510 1188 539 censeret
1221 499 1456 540 faciendum
1489 499 1604 540 dixit.

206 572 224 600 6
250 558 467 613 Epicrates
498 558 687 598 Rhodius
720 558 874 599 omissa
904 560 944 599 in
976 561 1209 614 praesentia
1240 561 1411 615 Epheso
1442 562 1607 601 mitten-

251 621 346 660 dam
371 619 538 660 navium
564 628 723 674 partem
748 621 789 660 in
815 620 990 674 Lyciam
1017 622 1176 662 censuit
1207 631 1245 663 et
1270 623 1446 671 Patara,
1485 630 1607 677 caput

208 695 224 723 7
251 683 406 737 gentis,
444 682 485 723 in
518 682 756 722 societatem
788 683 1063 737 adiungenda.
1124 684 1166 724 in
1198 685 1300 725 duas
1330 700 1503 739 magnas
1540 700 1605 725 res

250 745 293 785 id
322 745 416 785 usui
448 745 554 785 fore:
598 751 638 784 et
668 744 875 792 Rhodios,
918 745 1075 800 pacatis
1109 754 1250 786 eontra
1282 746 1457 786 insulam
1491 761 1607 786 suam

251 807 389 856 terris,
428 807 523 848 totis
556 806 711 847 viribus
744 807 981 848 incumbere
1013 808 1054 848 in
1090 808 1211 848 unius
1242 808 1357 857 belli,
1396 809 1506 861 quod
1537 809 1608 848 ad-

205 882 224 911 8
250 883 395 909 versus
410 868 665 909 Antiochum
687 868 757 918 sit,
784 883 924 909 curam
943 885 1081 924 posse,
1108 878 1147 910 et
1167 885 1258 910 eam
1281 870 1476 918 classem,
1503 884 1607 923 quae

250 931 291 971 in
316 931 451 985 Lycia
482 938 806 985 compararetur,
845 931 1080 981 intercludi,
1119 946 1170 972 ne
1195 931 1479 985 Polyxenidae
1512 946 1608 973 eon-

206 1004 223 1033 9
249 994 455 1048 iungatur.
516 993 618 1034 haee
643 993 821 1034 maxime
852 994 981 1034 movit
1007 994 1223 1035 sententia.
1284 994 1437 1049 placuit
1469 1002 1607 1034 tamen

249 1056 461 1110 Regillum
486 1055 618 1096 classe
645 1063 730 1096 tota
755 1056 875 1096 evehi
901 1056 952 1096 ad
976 1063 1140 1111 portum
1166 1056 1326 1110 Ephesi
1352 1056 1403 1096 ad
1428 1055 1607 1097 inferen-

251 1118 349 1157 dum
374 1117 563 1158 hostibus
589 1125 800 1158 terrorem.

210 1190 223 1219 1
336 1178 461 1220 XVI.
523 1178 573 1219 C.
606 1179 754 1220 Livius
792 1194 884 1220 cum
922 1180 1082 1220 duabus
1121 1180 1484 1233 quinqueremibus
1520 1180 1606 1221 Ro-

250 1242 383 1282 manis
410 1249 449 1282 et
475 1250 667 1294 quattuor
693 1242 1021 1295 quadriremibus
1036 1243 1210 1283 Rhodiis
1237 1251 1277 1283 et
1302 1243 1461 1283 duabus
1488 1257 1605 1296 aper-

250 1303 301 1343 tis
318 1303 559 1357 Smyrnaeis
585 1304 626 1343 in
642 1304 817 1357 Lyciam
843 1313 905 1345 est
925 1304 1090 1353 missus,
1117 1305 1313 1345 Rhodum
1332 1305 1445 1359 prius
1466 1304 1603 1345 iussus

206 1376 224 1405 2
251 1365 363 1405 adire
400 1373 440 1405 et
472 1366 609 1406 omnia
640 1379 731 1405 cum
757 1366 806 1406 iis
839 1366 1141 1407 communicare
1175 1367 1356 1407 consilia.
1418 1367 1604 1407 civitates

251 1441 352 1479 quas
378 1434 685 1482 praetervectus
713 1436 792 1476 est,
819 1427 1005 1476 Miletus,
1031 1428 1238 1481 BIyndus,
1265 1428 1603 1477 Halicarnassus,

205 1499 223 1527 3
251 1488 384 1538 Cous,
413 1488 593 1536 Cnidus,
618 1490 820 1543 imperata
839 1489 958 1530 enixe
981 1490 1179 1530 fecerunt.
1227 1490 1423 1530 Rhodum
1442 1499 1486 1530 ut
1506 1505 1605 1531 ven-

249 1560 337 1590 tum
363 1558 444 1599 est,
473 1551 595 1590 simul
621 1559 661 1591 et
686 1551 738 1591 ad
763 1565 887 1604 quam
911 1566 999 1591 rem
1024 1552 1175 1591 missus
1203 1562 1313 1592 esset
1338 1552 1387 1592 iis
1415 1553 1606 1607 exposuit

249 1620 289 1653 et
314 1613 520 1653 consuluit
545 1628 628 1653 eos.
679 1613 1003 1667 adprobantibus
1026 1613 1182 1653 eunetis
1203 1623 1243 1654 et
1269 1614 1321 1654 ad
1346 1629 1456 1663 eam,
1483 1629 1605 1667 quam

249 1675 429 1715 habebat
454 1676 649 1724 classem,
677 1676 907 1730 adsumptis
935 1677 1064 1716 tribus
1087 1676 1415 1729 quadriremibus
1436 1678 1606 1732 navigat

204 1746 223 1775 4
248 1737 414 1777 Patara.
475 1737 607 1791 primo
634 1737 840 1778 secundus
867 1745 1014 1778 ventus
1043 1738 1093 1778 ad
1119 1738 1252 1792 ipsam
1277 1739 1423 1779 urbem
1448 1739 1607 1780 ferebat

249 1814 339 1847 eos,
379 1799 683 1853 sperabantque
710 1799 845 1840 subito
871 1808 1025 1841 terrore
1057 1800 1211 1853 aliquid
1236 1808 1433 1841 moturos.
1493 1808 1608 1856 post-

249 1875 373 1914 quam
394 1861 698 1916 circumagente
719 1877 762 1903 se
784 1870 907 1903 vento
927 1862 1118 1902 fluctibus
1135 1863 1269 1903 dubiis
1286 1863 1396 1904 volvi
1416 1870 1606 1918 coeptum

249 1931 312 1963 est
337 1938 467 1972 mare,
499 1923 762 1978 pervicerunt
786 1924 952 1977 quidem
977 1924 1122 1972 remis,
1156 1932 1201 1964 ut
1225 1932 1411 1965 tenerent
1436 1933 1604 1974 terram3

204 1995 222 2023 ῦ
249 1985 323 2025 sed
353 1999 486 2038 neque
518 1986 626 2025 circa
656 1986 801 2026 urbem
832 1994 921 2026 tuta
952 1987 1073 2026 statio
1106 1996 1193 2026 erat
1223 2000 1298 2027 nec
1330 1995 1423 2027 ante
1456 1987 1606 2027 ostium

247 2054 389 2101 portus
414 2048 457 2087 in
483 2047 570 2089 salo
603 2057 711 2088 stare
741 2056 933 2103 poterant
964 2063 1112 2102 aspero
1143 2048 1245 2088 mari
1277 2056 1317 2088 et
1341 2056 1461 2089 nocte
1486 2049 1606 2089 inmi-

204 2120 221 2149 6
249 2118 384 2149 nente.
444 2110 718 2163 praetervecti
748 2110 912 2151 moenia
936 2119 1101 2165 portum
1125 2110 1431 2159 Phoenicunta,
1469 2110 1605 2151 minus

249 2171 376 2211 duum
407 2171 564 2211 milium
596 2172 729 2226 spatio
759 2173 855 2213 inde
888 2172 1128 2221 distantem,
1167 2172 1339 2226 petiere,
1376 2173 1552 2213 navibus
1584 2188 1607 2213 a

205 2244 221 2272 7
248 2233 453 2274 maritima
485 2234 524 2274 vi
550 2242 700 2283 tutum3
740 2235 814 2275 sed
843 2234 950 2275 altae
982 2234 1151 2288 insuper
1181 2235 1438 2275 inminebant
1467 2250 1604 2291 rupes,

249 2309 351 2347 quas
383 2295 570 2336 celeriter
602 2296 798 2351 oppidani
830 2296 1060 2351 adsumptis
1092 2299 1203 2351 regis
1234 2297 1453 2345 militibus,
1502 2312 1604 2350 quos

204 2366 223 2395 8
248 2356 289 2395 in
314 2357 520 2410 praesidio
546 2358 772 2407 habebant,
806 2368 1014 2414 ceperunt.
1075 2359 1274 2399 adversus
1307 2373 1409 2412 quos
1442 2359 1604 2407 Livius,

249 2432 498 2471 quamquam
531 2428 646 2461 erant
676 2421 816 2474 iniqua
846 2436 895 2461 ac
926 2421 1109 2461 difficilia
1140 2421 1192 2461 ad
1223 2421 1356 2461 exitus
1389 2421 1499 2469 loca,
1541 2420 1605 2460 Is-

251 2494 368 2519 saeos
395 2481 614 2523 auxiliares
642 2490 681 2523 et
697 2482 1023 2536 Smyrnaeorum
1049 2483 1264 2537 expeditos
1290 2483 1460 2523 iuvenes
1480 2481 1602 2522 misit.

205 2552 222 2580 9
249 2539 309 2589 hi,
342 2541 439 2581 dum
465 2543 690 2585 missilibus
716 2546 849 2599 primo
875 2553 915 2585 et
941 2546 1141 2586 adversus
1166 2560 1321 2600 paucos
1347 2545 1506 2586 levibus
1533 2558 1603 2584 ex-

251 2602 507 2644 cursionibus
533 2605 814 2647 lacessebatur
839 2607 972 2661 magis
994 2621 1117 2660 quam
1137 2608 1430 2648 conserebatur
1448 2620 1601 2660 pugna,
