1799 2900
447 158 600 192 LIBER
625 157 811 202 xxxm,
837 158 890 192 43.
910 159 965 192 44.
995 161 1043 202 [a.
1059 158 1186 192 0196.
1202 158 1282 211 195]
1464 150 1544 191 119

195 262 377 319 peditum
403 261 667 315 equitumque
693 276 893 303 novorum
921 270 961 302 et
984 262 1034 302 P.
1060 260 1221 302 Manlio
1246 261 1286 300 in
1313 260 1542 302 citeriorem

195 323 443 379 Hispaniam
469 323 677 370 decretus,
710 331 748 364 et
774 323 884 378 legio
909 323 1067 371 eadem,
1094 337 1199 376 quae
1225 322 1359 363 fuerat
1385 323 1461 363 sub
1487 322 1540 374 Q.

193 386 380 428 Minucio
410 393 618 440 praetore,
652 386 759 426 data.
821 393 861 426 et
885 386 935 426 P.
961 385 1111 427 Porcio
1136 386 1302 426 Laecae
1336 386 1387 426 ad
1417 386 1543 425 Etru-

192 449 295 490 riam
328 448 435 488 eirea
458 448 581 488 Pisas
608 448 750 488 decem
776 449 888 489 milia
912 449 1097 502 peditum
1123 455 1161 488 et
1193 448 1406 503 quingenti
1431 448 1544 501 equi-

194 519 255 551 tes
282 526 334 550 ex
360 510 521 551 Gallico
548 510 730 551 exercitu
758 510 923 551 decreti.
984 511 1025 550 in
1053 510 1245 551 Sardinia
1276 520 1543 565 prorogatum

192 572 409 627 imperium
438 572 502 612 Ti.
531 570 777 626 Sempronio
803 572 969 626 Longo.

278 632 579 674 XXXXHH.
618 633 849 674 Provinciis
870 633 927 674 ita
941 633 1170 674 distributis
1186 632 1376 674 consules
1411 632 1544 687 prius-

194 710 318 749 quam
338 696 390 736 ab
409 697 510 735 urbe
536 695 894 749 proficiscerentur
914 711 984 736 ver
1005 709 1166 736 sacrum
1181 710 1232 735 ex
1253 695 1417 735 decreto
1441 710 1544 748 pon-

194 758 350 797 tificum
382 757 483 797 iussi
516 757 670 805 facere,
703 757 814 809 quod
839 758 893 797 A.
923 756 1141 798 Cornelius
1167 756 1401 796 Mammula
1426 771 1545 811 prae-

195 827 258 859 tor
295 827 463 859 voverat
505 818 555 858 de
599 827 766 859 senatus
806 819 1009 860 sententia
1049 819 1273 874 populique
1310 819 1426 859 iussu
1464 817 1543 859 Cn.

197 880 386 929 Servilio,
415 879 464 921 C.
489 880 694 921 Flaminio
727 881 978 921 consulibus.
1039 881 1156 921 annis
1187 888 1283 935 post
1312 895 1394 921 uno
1420 888 1460 920 et
1485 881 1545 920 vi-

195 942 297 996 ginti
322 942 477 981 factum
502 950 563 982 est
591 956 712 993 quam
741 950 893 982 votum.
936 957 1010 996 per
1035 943 1204 982 eosdem
1230 941 1316 982 dies
1345 940 1394 982 C.
1418 940 1544 982 Clau-

196 1003 287 1043 dius
313 1004 396 1057 Ap.
423 1004 530 1042 filius
554 1003 735 1043 Pulcher
767 1018 898 1057 augur
922 1003 965 1043 in
991 1002 1043 1054 Q.
1069 1003 1174 1043 Fabi
1199 1003 1376 1043 BIaximi
1408 1003 1543 1043 locum

194 1089 226 1093 —
245 1064 279 1105 is
300 1064 433 1118 priore
453 1079 561 1104 anno
582 1072 766 1104 mortuus
788 1072 874 1104 erat
892 1088 926 1093 —
945 1065 1074 1104 lectus
1095 1064 1447 1118 inauguratusque
1469 1073 1544 1105 est.

279 1126 532 1165 BIirantibus
558 1125 638 1165 iam
662 1126 787 1179 vulgo
815 1125 1063 1174 hominibus,
1091 1125 1200 1178 quod
1226 1139 1318 1164 eum
1340 1126 1545 1180 Hispania

193 1187 393 1227 movisset
419 1187 571 1226 bellum
597 1186 878 1240 neglegerent,
906 1187 1065 1227 litterae
1092 1202 1115 1226 a
1141 1188 1193 1237 Q.
1219 1187 1407 1227 Minucio
1433 1187 1546 1227 adla-

193 1255 258 1289 tae
285 1258 398 1297 sunt,
426 1263 470 1288 se
496 1249 549 1287 ad
574 1248 759 1288 Turdam
786 1249 984 1302 oppidum
1010 1263 1103 1288 cum
1129 1248 1297 1289 Budare
1323 1256 1363 1289 et
1387 1249 1545 1288 Baesa-

194 1310 306 1359 dine,
344 1309 661 1364 imperatoribus
700 1310 924 1365 Hispanis,
969 1310 1097 1364 signis
1137 1310 1310 1350 conlatis
1348 1325 1545 1365 prospere

194 1387 423 1426 pugnasse:
456 1372 674 1412 duodecim
704 1372 818 1412 milia
849 1371 1030 1413 hostium
1057 1386 1196 1419 caesa,
1227 1372 1438 1412 Budarem
1470 1372 1546 1412 im-

192 1442 424 1488 peratorem
451 1442 629 1488 captum,
656 1442 814 1475 eeteros
842 1434 958 1475 fusos
984 1434 1247 1488 fugatosque.
1308 1434 1372 1474 his
1398 1433 1544 1474 litteris

193 1495 310 1536 lectis
341 1495 475 1535 minus
509 1496 673 1536 terroris
706 1497 758 1537 ab
786 1496 987 1550 Hispanis
1014 1504 1118 1545 erat,
1150 1496 1260 1536 uude
1286 1496 1432 1550 ingens
1458 1496 1545 1536 bel-

193 1557 279 1597 lum
309 1564 571 1611 expectatum
602 1558 748 1597 fuerat.
809 1572 953 1598 omnes
987 1572 1127 1606 curae,
1164 1557 1305 1610 utique
1343 1564 1438 1612 post
1474 1558 1545 1598 ad-

195 1626 365 1659 ventum
386 1619 528 1659 decem
548 1619 792 1673 legatorum,
818 1619 859 1659 in
876 1619 1130 1660 Antiochum
1149 1634 1291 1673 regem
1306 1633 1542 1660 conversae.

195 1680 238 1720 hi
280 1681 478 1735 expositis
515 1681 648 1735 prius,
693 1695 797 1734 quae
840 1695 933 1720 cum
970 1680 1165 1734 Philippo
1204 1689 1295 1720 acta
1331 1688 1471 1721 essent
1503 1689 1542 1721 et

196 1742 345 1795 quibus
382 1742 544 1796 legibus
577 1743 673 1782 data
704 1758 802 1796 pax,
841 1758 923 1782 non
954 1742 1153 1782 minorem
1186 1741 1280 1782 belli
1309 1742 1458 1781 molem
1484 1742 1545 1781 in·-

197 1811 305 1844 stare
347 1805 399 1843 ab
436 1803 646 1844 Antiocho
690 1804 935 1844 docuerunt:
978 1803 1135 1857 ingenti
1180 1803 1331 1851 classe,
1375 1803 1543 1857 egregio

196 1864 376 1905 terrestri
422 1865 604 1905 exercitu
646 1865 687 1905 in
728 1866 941 1919 Europam
979 1879 1073 1905 eum
1115 1864 1327 1904 traiecisse
1369 1872 1427 1913 et,
1465 1864 1545 1905 nisi

195 1926 412 1967 avertisset
438 1941 544 1966 vana
570 1942 664 1981 spes
691 1942 742 1967 ex
767 1927 934 1967 vaniore
966 1941 1129 1966 rumore
1155 1935 1243 1966 orta
1268 1926 1454 1980 Aegypti
1484 1926 1546 1966 in-

195 1989 426 2037 vadendae,
465 2003 561 2028 mox
594 1989 701 2028 bello
736 1988 955 2029 Graeciam
987 2003 1170 2028 arsuram
1203 1987 1345 2027 fuisse.
1411 2002 1544 2040 neque

195 2049 305 2090 enim
335 2064 386 2089 ne
412 2049 586 2090 Aetolos
613 2050 777 2102 quidem
810 2050 1040 2103 quieturos,
1074 2063 1165 2089 eum
1191 2048 1356 2102 ingenio
1387 2048 1545 2101 inquie—

196 2119 279 2150 tam
309 2118 397 2150 tum
429 2111 574 2151 iratam
605 2112 805 2152 Romanis
844 2119 1024 2166 gentem.
1091 2111 1259 2150 haerere
1291 2118 1331 2150 et
1361 2110 1471 2150 aliud
1502 2110 1542 2149 in

196 2172 424 2212 visceribus
452 2172 653 2213 Graeciae
685 2173 831 2227 ingens
865 2174 1037 2219 malum,
1068 2172 1237 2220 Nabim,
1274 2185 1384 2211 nunc
1409 2172 1544 2212 Lace—

197 2233 519 2282 daemoniorum,
547 2249 655 2283 mox,
684 2236 717 2274 si
742 2235 875 2281 liceat,
903 2234 1120 2274 universae
1137 2232 1336 2273 Graeciae
1362 2234 1544 2273 futurum

197 2303 436 2348 tyrannum,
474 2296 643 2335 avaritia
676 2304 713 2336 et
741 2297 980 2336 erudelitate
1007 2295 1139 2335 omnis
1172 2295 1283 2334 fama
1314 2295 1542 2335 celebratos

197 2364 393 2410 tyrannos
432 2368 690 2409 aequantem.
751 2359 816 2397 cui
853 2358 886 2397 si
922 2359 1063 2411 Argos
1102 2357 1214 2396 velut
1250 2371 1385 2397 arcem
1421 2356 1544 2397 Pelo-

196 2432 382 2472 ponneso
418 2418 638 2472 inpositam
679 2427 817 2459 tenere
854 2420 993 2468 liceat,
1037 2419 1262 2472 deportatis
1299 2418 1342 2458 in
1380 2418 1542 2458 Italiam

195 2479 396 2519 Romanis
440 2480 686 2520 exercitibus
730 2481 980 2534 nequiquam
1027 2481 1243 2520 liberatam
1284 2495 1308 2520 a
1348 2480 1544 2534 Philippo

198 2539 418 2581 Graeciam
443 2541 549 2587 fore,
587 2557 661 2595 pro
686 2558 801 2596 rege,
841 2543 875 2582 si
901 2543 1002 2582 nihil
1027 2541 1156 2591 aliud,
1194 2541 1419 2596 longinquo
1447 2540 1545 2581 vici-

197 2617 296 2642 num
321 2610 540 2656 tyrannum
567 2604 778 2644 dominum
803 2604 1048 2645 habituram.
