1799 2900
212 142 295 183 3⁶24
468 146 619 181 Lmen
643 146 868 190 XXXVIII,
898 146 1039 180 10—12.
1068 147 1305 190 [a.u.c.505]

234 255 425 294 {omanae
452 249 659 290 societatis
684 248 947 296 mansissent,
974 249 1095 290 insita
1115 250 1249 304 gentis
1271 250 1562 303 tranquillitate

168 329 185 356 (5
213 314 373 367 quiesse
401 327 470 352 cos
497 311 649 352 aiebat:
682 317 899 365 postquam
925 310 1022 350 flare
1049 312 1100 351 ab
1125 312 1230 352 Asia
1255 312 1395 352 Thoas
1423 320 1461 352 et
1486 312 1563 352 Di-

213 375 448 421 caearchus,
475 375 526 414 ab
545 373 940 427 EuropaMeuestas
962 381 1002 413 ct
1022 373 1287 414 Damocritus
1315 375 1561 429 coepissent,

212 447 297 477 tum
322 436 433 476 illam
460 442 746 489 tempestatem
773 441 971 483 coortam,
1004 449 1108 488 quae
1134 435 1186 475 ad
1211 436 1465 476 Antiochum
1491 451 1561 477 eos

212 497 329 538 sicuti
356 497 396 537 in
423 497 637 551 scopulum
663 496 880 536 intulisset.

170 574 181 602 1
295 560 377 600 XL
426 559 514 599 Diu
546 558 685 599 iactati
709 558 849 598 Aetoli
882 558 1049 598 tandem
1080 565 1125 598 ut
1156 559 1416 600 condiciones
1448 559 1562 613 pacis

169 634 186 662 2
214 621 481 661 convenirent
517 620 755 660 effecerunt.
821 619 984 659 fuerunt
1022 628 1157 660 autem
1195 620 1290 660 hae:
1330 620 1563 674 ‘imperium

210 684 550 735 maiestatemque
569 681 712 736 populi
731 681 908 722 Romani
932 696 1035 735 gens
1050 682 1295 722 Aetolorum
1321 689 1563 722 conservato

213 747 300 786 sine
326 745 420 785 dolo
447 745 568 784 malo.
618 758 669 783 nc
696 757 817 796 quem
843 743 1080 789 exercitum,
1110 742 1177 795 qui
1204 743 1402 782 adversus
1429 743 1562 783 socios

213 807 448 858 amicosque
481 820 623 846 eorum
654 805 843 853 ducetur,
881 820 954 858 per
986 805 1088 844 fines
1121 819 1216 844 suos
1243 804 1416 844 transire
1444 804 1565 845 sinito

169 880 186 909 3
212 883 316 909 neve
342 868 425 908 ulla
451 882 527 922 ope
549 867 701 907 iurato.
751 866 881 907 hostis
903 867 1072 906 eosdem
1093 866 1242 907 habeto
1264 880 1365 919 quos
1387 866 1564 920 populus

211 931 425 970 Romanus
453 943 647 981 armaque
680 927 722 968 in
753 943 822 968 eos
855 927 959 967 ferto
984 927 1218 980 bellumque
1244 928 1395 982 pariter
1420 928 1564 980 gerito.

167 1005 186 1032 4
212 992 430 1046 perfugas,
469 990 686 1044 fugitivos,
724 989 909 1044 captivos
935 989 1095 1030 reddito
1120 989 1319 1030 Romanis
1347 989 1564 1042 sociisque,

212 1063 498 1109 praeterquam
532 1053 565 1093 si
598 1053 667 1106 qui
698 1053 823 1107 capti,
858 1066 950 1092 cum
982 1052 1126 1093 domos
1158 1052 1380 1101 redissent,
1418 1052 1565 1092 iterum

213 1116 320 1170 eapti
353 1123 448 1155 sunt
480 1123 549 1155 aut
581 1115 614 1154 si
647 1115 715 1166 qui
746 1129 794 1154 eo
826 1121 1010 1168 tempore
1042 1128 1092 1153 ex
1123 1113 1172 1154 iis
1205 1114 1315 1168 capti
1347 1120 1458 1162 sunt,
1497 1113 1566 1165 qui

213 1185 299 1217 tum
326 1177 465 1217 hostes
492 1183 607 1217 erant
631 1176 852 1223 Romanis,
891 1190 984 1215 cum
1014 1175 1121 1215 intra
1145 1175 1351 1229 praesidia
1375 1175 1565 1215 Romana

169 1250 187 1277 ὁ
215 1239 354 1279 Aetoli
380 1246 531 1278 essent.
570 1237 742 1277 aliorum
762 1237 829 1289 qui
851 1237 1145 1290 comparebunt
1166 1237 1272 1276 intra
1292 1236 1378 1276 dies
1400 1244 1563 1276 centum

214 1300 543 1353 Corcyraeorum
579 1299 888 1353 magistratibus
933 1298 1019 1338 sine
1057 1298 1151 1338 dolo
1194 1298 1301 1337 malo
1339 1298 1563 1346 tradantur,

214 1361 282 1414 qui
307 1376 389 1402 non
415 1361 728 1414 comparebunt,
756 1360 920 1413 quando
947 1360 1119 1412 quisque
1146 1374 1287 1400 eorum
1308 1360 1484 1413 primum
1504 1359 1565 1398 in-

169 1433 186 1463 6
214 1431 360 1463 ventus
387 1422 479 1470 erit,
506 1422 712 1463 reddatur.
763 1422 929 1461 obsides
956 1421 1229 1475 quadraginta
1251 1421 1447 1461 arbitratu
1468 1434 1564 1461 con-

214 1485 313 1525 sulis
339 1484 515 1525 Romani
549 1484 662 1530 dato,
701 1498 751 1523 ne
781 1483 961 1523 minores
995 1482 1209 1522 duodecim
1248 1497 1448 1522 annorum
1486 1496 1566 1522 neu

171 1557 185 1585 7
214 1546 389 1586 maiores
417 1545 701 1600 quadraginta.
762 1545 884 1585 obses
916 1559 967 1584 ne
999 1551 1088 1584 esto
1112 1552 1293 1598 praetor,
1330 1544 1564 1598 praefectus

214 1607 414 1660 equitum,
454 1606 588 1647 scriba
619 1607 827 1660 publicus,
870 1621 950 1646 neu
982 1605 1072 1658 quis
1105 1605 1175 1658 qui
1211 1612 1305 1645 ante
1336 1606 1458 1645 obses
1490 1605 1567 1645 fuit

169 1678 187 1707 S
213 1676 310 1724 aput
335 1669 561 1709 Romanos.
624 1667 895 1722 Cephallenia
921 1675 1036 1707 extra
1061 1667 1174 1721 pacis
1206 1667 1320 1721 leges
1347 1666 1461 1707 esto?
1516 1667 1566 1707 de

213 1730 388 1785 pecunia
413 1744 574 1769 sumina
594 1744 716 1782 quam
737 1729 962 1783 penderent
982 1728 1333 1783 pensionibusque
1359 1728 1445 1768 eius
1467 1728 1568 1768 nihil

214 1807 264 1833 ex
296 1807 344 1833 eo
377 1791 488 1844 quod
518 1805 611 1831 eum
644 1791 812 1831 consule
844 1799 1093 1831 convenerat
1123 1798 1338 1830 mutatum.
1399 1804 1473 1844 pro
1505 1805 1568 1830 ar-

213 1862 338 1908 gento
365 1854 399 1894 si
424 1868 569 1893 aurum
595 1853 692 1893 dare
724 1853 911 1902 mallent,
949 1853 1093 1893 darent
1119 1852 1327 1901 convenit,
1366 1853 1463 1892 dum
1492 1867 1568 1907 pro

169 1927 186 1956 9
215 1915 420 1969 argenteis
448 1915 589 1956 decem
615 1930 763 1955 aureus
795 1929 901 1955 unus
934 1915 1099 1955 valeret.
1162 1918 1285 1967 ‘quae
1317 1915 1459 1962 urbes,
1498 1914 1565 1966 qui

214 1978 320 2031 agri,
347 1977 416 2030 qui
442 1977 628 2017 homines
647 1977 892 2017 Aetolorum
917 1976 1016 2017 iuriS
1043 1976 1262 2029 aliquando
1288 1975 1470 2024 fuerunt,
1498 1975 1566 2028 qui

214 2054 355 2079 eorum
388 2038 437 2079 T.
465 2038 680 2090 Quinctio,
719 2037 797 2079 Cn.
823 2037 1010 2079 Domitio
1042 2038 1278 2077 consulibus
1311 2044 1458 2091 postve
1495 2051 1565 2077 eos

214 2101 404 2141 consules
431 2108 501 2141 aut.
527 2100 650 2141 armis
678 2100 838 2141 subacti
870 2108 939 2140 aut
964 2100 1173 2140 voluntate
1199 2099 1240 2139 in
1267 2099 1469 2140 dicionem
1493 2114 1567 2153 po-

213 2163 299 2217 puli
323 2162 501 2204 Romani
528 2168 747 2210 venerunt,
785 2176 836 2202 ne
868 2176 990 2214 quem
1023 2176 1164 2202 eorum
1188 2160 1330 2201 Aetoli
1359 2161 1566 2215 recepisse

215 2225 353 2265 velint.
415 2224 632 2268 Oeniadae
657 2238 747 2264 curn
781 2224 881 2264 urbe
907 2223 1098 2277 agrisque
1124 2224 1393 2263 Acarnanum
1419 2222 1566 2263 sunto.’

214 2286 277 2327 his
303 2286 465 2340 legibus
492 2286 639 2326 foedus
665 2285 791 2326 ictum
818 2299 910 2326 cum
936 2285 1098 2326 Aetolis
1125 2295 1199 2326 est.

174 2358 185 2385 1
298 2347 404 2388 ΧΠ.
463 2347 625 2387 Eadem
656 2362 738 2387 non
771 2354 927 2388 aestate
960 2347 1110 2395 solum,
1161 2347 1235 2387 sed
1265 2347 1388 2387 etiam
1420 2345 1566 2386 iisdem

214 2424 341 2463 prope
367 2410 530 2458 dicbus,
558 2409 707 2462 quibus
734 2409 836 2450 haec
861 2409 959 2450 aM.
975 2410 1125 2450 Fulvio
1151 2410 1319 2449 consule
1345 2409 1386 2448 in
1402 2408 1566 2449 Aetolia

215 2479 333 2523 gesta
359 2478 470 2519 sunt,
497 2472 641 2511 consul
666 2471 769 2511 alter
789 2470 866 2512 Cn.
888 2470 1073 2512 Manlius
1098 2472 1140 2512 in
1168 2470 1456 2524 Gallograecia
1480 2469 1566 2509 bel-

171 2541 188 2569 2
215 2530 299 2570 lum
324 2532 470 2585 gessit,
498 2533 608 2585 quod
632 2547 742 2573 nunc
767 2533 891 2573 ordiri
916 2548 1099 2588 pergam.
1148 2547 1244 2573 vere
1268 2533 1401 2586 primo
1424 2532 1566 2586 Ephe—

215 2606 305 2631 sum
338 2594 480 2633 consul
511 2594 640 2643 venit,
681 2595 943 2648 acceptisque
975 2595 1103 2648 copiis
1137 2595 1188 2635 ab
1220 2595 1272 2635 L.
1300 2594 1494 2649 Scipione
1526 2600 1564 2633 et
