1799 2900
233 116 311 158 152
501 124 654 158 LIBER
679 122 887 167 XXXIIII,
914 122 968 157 3⁶2.
987 122 1041 157 33.
1069 125 1164 167 [au.
1181 123 1306 168 0559]

226 236 398 284 possent
418 241 531 267 mare
551 227 813 276 traiecerunt,
834 233 943 268 terra
961 226 1146 280 marique
1165 235 1387 281 gesserunt
1405 228 1584 270 bellum?

163 306 202 336 14
229 307 302 332 vos
329 299 485 338 tamen,
522 288 678 342 inquis,
717 296 980 342 vestramque
1013 289 1233 329 amicitiam
1265 304 1313 331 ac
1344 291 1584 332 societatem

227 352 391 407 proprie
417 366 500 391 non
525 350 690 391 violavi.
751 351 941 404 quotiens
973 350 1035 391 vis
1067 358 1107 391 tc
1139 350 1180 391 id
1212 367 1384 407 arguam
1408 353 1585 394 fecisse?

162 431 201 459 15
228 414 302 454 sed
343 412 438 453 nolo
476 412 682 467 pluribus3
734 428 939 454 summam
980 428 1068 454 rem
1112 413 1375 468 complectar.
1436 415 1584 468 quibus

225 475 350 529 igitur
376 474 500 515 rebus
526 474 707 515 amicitia
727 475 929 516 violatur?
953 490 1102 530 nempe
1124 475 1187 515 his
1210 476 1389 517 maxime
1410 477 1584 526 duabus,

227 538 262 578 si
293 537 427 578 socios
453 552 569 578 meos
595 552 670 592 pro
696 537 887 579 hostibus
920 538 1096 587 habeas,
1134 538 1169 578 si
1199 553 1293 578 eum
1325 539 1514 580 hostibus
1546 548 1586 580 te

161 616 200 645 16
228 600 470 655 coniungas.
518 607 739 653 utrumque
764 615 788 641 a
813 607 853 641 te
878 602 1035 641 factum
1061 607 1143 650 est;
1169 616 1266 641 nam
1285 608 1326 642 et
1343 601 1585 649 Messenen,

225 678 308 704 uno
335 672 458 716 atque
483 663 631 704 eodem
663 663 751 704 iure
777 663 957 704 foederis
984 678 1065 716 quo
1091 670 1131 703 et
1156 663 1521 704 Lacedaemonem
1545 663 1587 703 in

227 725 449 766 amicitiam
481 732 667 766 nostram
699 732 932 780 acceptam,
972 724 1108 766 socius
1146 724 1236 778 ipse
1275 724 1430 765 sociam
1466 725 1586 766 nobis

162 802 198 831 17
225 789 369 828 urbem
392 787 431 827 vi
452 796 577 840 atque
598 787 723 828 armis
745 788 905 842 cepisti,
927 795 968 828 et
988 786 1291 841 eumePhilippo
1307 786 1425 828 hoste
1445 793 1588 828 nostro

226 866 310 891 non
347 850 589 891 societatem
628 851 782 899 solum,
821 850 913 899 sed,
953 850 988 891 si
1025 849 1102 890 diis
1139 849 1293 904 placet,
1333 848 1589 889 adfinitatem

162 925 200 955 18
228 913 352 953 ctiam
377 928 450 967 per
474 912 693 953 Philoclen
717 913 975 968 praefectum
1001 912 1088 952 eius
1115 911 1331 966 pepigisti,
1370 918 1410 952 et
1434 911 1589 952 bellum

227 975 428 1016 adversus
449 990 525 1016 nos
546 990 696 1030 gerens
719 990 832 1016 mare
852 975 961 1015 circa
980 974 1169 1014 Maleum
1189 973 1387 1014 infestum
1411 972 1588 1014 navibus

226 1036 408 1091 piraticis
447 1037 601 1086 fecisti,
640 1044 680 1078 et
721 1037 861 1092 plures
898 1051 1029 1092 prope
1066 1036 1176 1076 cives
1214 1035 1427 1076 Romanos
1465 1049 1590 1088 quam

162 1112 199 1141 19
226 1098 447 1153 Philippus
485 1098 631 1153 cepisti
668 1107 791 1152 atque
828 1098 1034 1147 occidisti,
1075 1097 1281 1150 tutiorque
1311 1096 1589 1138 Macedoniae

228 1177 300 1202 ora
325 1176 450 1214 quam
474 1162 806 1216 promunturium
826 1162 993 1202 Maleae
1020 1171 1276 1202 commeatus
1304 1160 1357 1201 ad
1382 1159 1588 1201 exercitus

163 1234 205 1264 20
229 1230 394 1264 nostros
431 1223 693 1278 portantibus
738 1223 914 1264 navibus
958 1223 1048 1263 fuit.
1119 1222 1293 1276 proinde
1329 1236 1472 1276 parce,
1517 1221 1587 1270 sis,

228 1285 353 1326 fidem
385 1299 433 1325 ac
463 1285 553 1326 iura
584 1285 793 1326 societatis
826 1285 979 1325 iactare
1012 1293 1051 1325 et
1085 1284 1241 1325 omissa
1275 1283 1467 1339 populari
1498 1297 1589 1324 ora-

228 1347 340 1388 tione
366 1354 578 1399 tamquam
604 1355 804 1400 tyrannus
832 1354 873 1387 et
896 1346 1028 1387 hostis
1054 1345 1252 1399 loquere.’

186 1423 201 1451 1
314 1408 545 1449 XXXIII.
585 1409 675 1449 Sub
701 1409 804 1449 haec
824 1408 1074 1449 Aristaenus
1100 1422 1209 1447 nune
1235 1421 1402 1447 monere
1421 1406 1587 1455 Nabim,

228 1484 338 1510 nunc
363 1470 487 1510 etiam
508 1485 638 1519 orare,
664 1478 722 1519 ut,
750 1471 849 1510 dum
873 1470 1027 1515 liceret,
1055 1469 1154 1509 dum
1175 1469 1338 1509 occasio
1360 1475 1483 1516 esset,
1511 1467 1589 1508 sibi

184 1544 203 1574 2
230 1545 278 1572 ac
314 1532 490 1572 fortunis
534 1532 619 1572 suis
663 1532 907 1572 consuleret.
967 1531 1121 1571 referre
1160 1530 1309 1571 deinde
1346 1529 1590 1570 nominatim

229 1601 427 1646 tyrannos
454 1593 681 1634 civitatium
706 1593 973 1633 finitimarum
1007 1592 1160 1647 coepit,
1199 1592 1268 1645 qui
1301 1591 1490 1646 deposito
1514 1591 1591 1631 im-

228 1654 343 1709 perio
379 1655 653 1708 restitutaque
691 1655 881 1696 libertate
920 1655 1006 1695 suis
1045 1670 1128 1695 non
1165 1661 1296 1694 tutam
1334 1653 1477 1702 modo,
1516 1653 1591 1694 sed

183 1728 202 1757 3
231 1717 356 1757 etiam
391 1716 637 1758 honoratam
673 1717 779 1757 inter
821 1717 922 1758 civis
968 1724 1224 1757 senectutem
1268 1716 1466 1770 egissent.
1526 1714 1590 1755 his

230 1778 349 1819 dictis
375 1779 417 1819 in
444 1779 577 1820 vicem
604 1779 837 1832 auditisque
857 1794 941 1820 nox
966 1793 1094 1834 prope
1121 1778 1285 1819 diremit
1309 1776 1587 1830 conloquium.

228 1849 396 1895 postero
428 1841 493 1882 dic
524 1841 655 1882 Nabis
686 1841 817 1895 Argis
857 1856 901 1882 se
939 1841 1084 1881 cedere
1117 1855 1166 1881 ac
1197 1840 1400 1880 deducere
1431 1839 1588 1893 praesi—

229 1903 360 1952 dium,
399 1904 563 1956 quando
588 1903 645 1944 ita
669 1903 871 1944 Romanis
903 1903 1103 1958 placeret,
1141 1909 1181 1943 et
1213 1901 1398 1956 captivos
1426 1907 1467 1942 et
1495 1916 1590 1955 per-

183 1979 203 2007 4
229 1965 351 2019 fugas
376 1965 634 2006 redditurum
660 1965 776 2006 dixit.
838 1965 949 2005 aliud
983 1965 1017 2005 si
1049 1964 1148 2017 quid
1173 1964 1450 2018 postularent,
1491 1962 1591 2003 scri-

228 2036 345 2081 ptum
370 2036 415 2068 ut
440 2028 610 2068 ederent
634 2027 770 2082 petiit,
808 2034 853 2067 ut
879 2027 1107 2067 deliberare
1139 2040 1233 2066 eum
1264 2025 1406 2066 amieis
1432 2032 1588 2078 posset.

185 2104 204 2133 5
230 2089 288 2130 ita
323 2097 362 2130 et
400 2097 574 2144 tyranno
607 2097 771 2143 tempus
809 2089 952 2129 datum
988 2088 1040 2128 ad
1077 2087 1397 2128 consultandum
1430 2093 1512 2135 est,
1551 2093 1591 2126 et

231 2151 452 2203 Quinctius
497 2152 704 2193 sociorum
746 2150 871 2192 ctiam
912 2150 1168 2205 principibus
1212 2148 1408 2189 adhibitis
1446 2147 1591 2188 habuit

187 2228 204 2257 6
232 2214 462 2254 eonsilium.
512 2213 717 2254 maximae
742 2213 873 2267 partis
900 2212 1106 2252 sententia
1125 2220 1210 2252 erat
1236 2209 1590 2265 perseverandum

230 2275 273 2314 in
302 2275 411 2316 bello
444 2290 537 2316 esse
575 2282 615 2316 ct
652 2275 882 2315 tollendum
918 2282 1159 2328 tyrannum:
1208 2287 1437 2325 numquam
1473 2271 1591 2312 aliter

188 2352 204 2379 7
231 2343 362 2377 tutam
386 2337 619 2378 libertatem
647 2336 850 2379 Graeciae
876 2336 977 2377 fore.
1039 2336 1168 2377 satius
1195 2335 1324 2375 multo
1350 2333 1481 2374 fuisse
1506 2347 1588 2374 non

186 2412 206 2441 8
232 2399 387 2439 moveri
423 2400 575 2440 bellum
614 2400 813 2440 adversus
852 2414 946 2440 eum
983 2413 1107 2452 quam
1144 2398 1276 2439 omitti
1318 2403 1489 2437 motum.
1550 2402 1588 2435 et

232 2460 369 2514 ipsum
399 2461 512 2502 velut
544 2463 813 2516 comprobata
845 2462 1126 2502 dominatione
1157 2459 1380 2501 firmiorem
1404 2459 1588 2498 futurum

233 2528 399 2561 auctore
442 2522 583 2564 iniusti
631 2523 778 2578 imperi
826 2523 1048 2577 adsumpto
1093 2522 1247 2577 populo
1289 2521 1500 2567 Romano,
1548 2525 1588 2559 et

233 2583 422 2636 exemplo
448 2584 597 2625 multos
630 2585 672 2625 in
706 2585 795 2625 aliis
822 2585 1057 2625 civitatibus
1084 2584 1137 2624 ad
1162 2582 1441 2623 insidiandum
1466 2580 1587 2621 liber—
