1799 2900
532 109 686 143 LIBER
709 109 894 153 XXXVI,
921 108 975 142 35.
1004 110 1052 152 [a.
1068 107 1107 142 0.
1123 108 1203 152 191]
1465 96 1548 138 249

199 213 322 269 paulo
337 220 430 253 ante
445 211 659 253 vociferati
672 211 813 252 Aetoli
827 211 1002 260 fuerant,
1017 211 1134 252 redit.
1160 211 1217 252 ibi
1231 225 1323 251 cum
1336 209 1549 265 inpensius

198 282 376 323 orarent,
402 281 448 314 ut
466 275 729 314 misereretur
748 273 884 327 gentis
898 273 1158 322 Aetolorum,
1185 272 1296 313 exire
1317 272 1476 325 aliquos
1497 271 1550 311 ad

200 351 244 378 se
291 335 424 376 iussit.
495 335 714 375 Phaeneas
763 335 853 389 ipse
896 335 1186 390 principesque
1230 333 1296 374 alii
1342 332 1549 387 extemplo

199 397 358 453 egressi
383 404 491 437 sunt.
529 397 678 450 quibus
704 397 933 451 provolutis
960 397 1012 437 ad
1037 397 1165 451 pedes
1193 395 1393 436 ‘fortuna'
1420 394 1552 448 inquit

199 465 357 501 ‘vestra
381 459 492 508 facit,
518 466 561 499 ut
588 466 626 499 et
651 458 736 499 irae
761 474 877 499 meae
904 468 943 500 et
968 458 1143 500 orationi
1168 465 1406 512 temperem.
1455 472 1550 498 eve-

199 529 347 563 nerunt
372 536 478 574 quae
503 521 690 575 praedixi
716 528 926 562 eventura.
971 528 1011 561 et
1034 536 1086 561 ne
1112 520 1190 560 hoc
1216 520 1381 573 quidem
1406 518 1552 572 reliqui

199 584 316 625 vobis
344 591 425 632 est,
452 590 497 623 ut
520 582 701 637 indignis
729 583 928 623 accidisse
955 598 1003 623 ea
1027 582 1255 623 videantur.
1311 596 1388 636 ego
1414 588 1553 621 tamen

200 652 309 686 sorte
335 645 514 698 quadam
539 644 781 685 nutriendae
803 643 1006 685 Graeciae
1033 645 1152 685 datus
1179 659 1230 684 ne
1261 642 1434 697 ingratis
1462 642 1551 695 qui-

199 707 295 747 dem
319 707 563 747 benefacere
589 706 802 746 absistam.
862 706 1012 746 mittite
1038 713 1220 747 oratores
1247 706 1300 745 ad
1326 704 1550 753 consulem,

199 768 268 821 qui
294 768 473 808 indutias
492 766 570 822 [in]
594 775 753 807 tantum
779 768 975 822 temporis
1002 776 1157 822 petant,
1183 778 1227 808 ut
1251 767 1414 807 mittere
1439 766 1553 820 lega-

199 840 264 871 tos
289 830 469 871 Romam
498 822 686 885 possitis,
719 844 792 884 per
824 845 924 881 quos
959 830 1121 870 senatui
1153 830 1203 870 de
1236 829 1353 870 vobis
1385 828 1554 883 permit-

200 893 308 933 tatis.
370 907 448 947 ego
474 892 584 946 apud
609 891 823 931 consulem
858 893 1100 946 deprecator
1126 891 1402 944 defensorque
1434 890 1552 930 vobis

200 954 351 994 adero?
411 954 469 994 ita
498 961 543 993 ut
573 962 789 993 censuerat
815 952 1037 1004 Quinctius
1069 954 1273 1001 fecerunt,
1311 967 1388 993 nec
1413 967 1554 1007 asper-

200 1024 321 1056 natus
348 1023 410 1056 est
439 1015 688 1070 legationem
715 1015 877 1063 consul3
916 1015 1167 1067 indutiisque
1198 1014 1239 1054 in
1265 1014 1373 1054 diem
1400 1022 1554 1054 certam

202 1077 327 1125 datis,
360 1091 441 1130 qua
465 1077 617 1130 legatio
643 1076 867 1116 renuntiari
895 1077 946 1116 ab
971 1076 1107 1116 Roma
1131 1083 1293 1130 posset,
1320 1076 1456 1117 soluta
1480 1077 1554 1116 ob-

202 1140 306 1180 sidio
334 1148 397 1179 est
422 1148 462 1179 et
487 1139 692 1179 exercitus
719 1139 760 1178 in
784 1138 1015 1179 Phocidem
1039 1138 1207 1179 missus.

287 1200 446 1241 Consul
473 1215 566 1240 eum
592 1201 642 1240 T.
664 1200 861 1252 Quinctio
887 1200 940 1240 ad
964 1199 1196 1240 Achaicum
1223 1198 1441 1240 concilium
1467 1197 1554 1238 Ae-

199 1263 314 1318 gium
339 1263 510 1303 traiecit.
547 1263 603 1303 ibi
630 1263 680 1303 de
693 1262 810 1303 Eleis
833 1270 873 1303 et
898 1262 948 1303 de
970 1262 1183 1303 exsulibus
1197 1259 1554 1301 Lacedaemonio-

199 1340 290 1365 rum
311 1325 575 1365 restituendis
597 1332 735 1365 actum
757 1332 832 1365 est.
869 1332 1012 1365 neutra
1033 1323 1219 1378 perfecta
1231 1338 1311 1371 reS,
1338 1322 1433 1376 quia
1455 1335 1554 1362 suae

200 1387 357 1442 gratiae
376 1386 580 1427 reservari
602 1386 765 1427 veniam
780 1386 953 1435 Achaei,
974 1385 1068 1426 Elei
1081 1400 1155 1440 per
1176 1400 1220 1426 se
1239 1384 1319 1439 ipsi
1338 1399 1462 1437 quam
1482 1397 1555 1438 per

202 1450 412 1490 Romanos
438 1450 671 1490 maluerunt
696 1449 883 1490 Achaico
909 1449 1113 1490 contribui
1138 1447 1323 1489 concilio.
1360 1446 1556 1501 Epirota-

200 1527 292 1551 rum
317 1511 443 1565 legati
475 1511 527 1551 ad
558 1511 771 1551 consulem
796 1519 1017 1560 venerunt,
1051 1525 1154 1564 quos
1178 1525 1263 1551 non
1289 1508 1450 1549 sincera
1473 1507 1554 1547 fide

201 1572 244 1612 in
270 1572 449 1612 amicitia
474 1572 604 1613 fuisse
631 1573 730 1613 satis
758 1573 994 1620 constabat,
1027 1572 1196 1612 militem
1230 1579 1369 1611 tamen
1394 1569 1554 1609 nullum

203 1634 414 1674 Antiocho
440 1634 651 1674 dederant.
694 1634 872 1688 pecunia
896 1633 1051 1674 iuvisse
1078 1648 1172 1674 eum
1197 1631 1554 1678 insimulabantur,

202 1696 362 1749 legatos
384 1696 438 1736 ad
455 1710 597 1750 regem
616 1711 667 1736 ne
695 1695 774 1750 ipsi
795 1695 961 1748 quidem
987 1695 1151 1735 misisse
1171 1693 1466 1734 infitiabantur.
1503 1691 1553 1732 iis

201 1758 459 1812 petentibus,
491 1766 537 1798 ut.
562 1758 603 1798 in
630 1757 808 1798 amicitia
833 1757 1008 1812 pristina
1033 1772 1126 1797 esse
1151 1756 1310 1804 liceret,
1342 1753 1556 1808 respondit

204 1820 367 1868 consul,
401 1835 445 1860 se
469 1827 607 1859 utrum
632 1819 814 1860 hostium
840 1834 892 1859 an
921 1825 1163 1873 pacatorum
1189 1832 1259 1857 eos
1286 1830 1457 1856 numero
1482 1814 1556 1854 ha-

203 1882 318 1922 beret
351 1882 536 1922 nondum
568 1881 689 1930 scire,
729 1888 919 1921 senatum
944 1881 1031 1920 eius
1057 1879 1116 1920 rei
1145 1878 1325 1919 iudicem
1349 1877 1456 1918 fore:
1494 1876 1556 1916 in-

203 1952 363 1999 tegram
389 1960 433 1985 se
459 1959 626 1985 causam
653 1959 795 1984 eorum
820 1943 998 1984 Romam
1022 1941 1194 1990 reicere,
1232 1939 1412 1979 indutias
1438 1938 1491 1978 ad
1514 1937 1557 1977 id

204 2007 362 2048 dierum
389 2008 616 2062 nonaginta
641 2007 750 2047 dare.
795 2005 994 2060 Epirotae
1018 2005 1197 2045 Romam
1222 2001 1340 2041 missi
1366 2008 1555 2041 senatum

205 2069 404 2110 adierunt.
453 2069 503 2110 iis
529 2069 663 2123 magis
691 2083 795 2121 quae
820 2083 903 2108 non
929 2066 1127 2107 fecissent
1151 2063 1316 2104 hostilia
1340 2061 1554 2103 referenti-

205 2131 280 2171 bus
302 2145 424 2183 quam
444 2130 718 2185 purgantibus
741 2144 802 2177 ea,
830 2129 879 2168 de
895 2127 1044 2181 quibus
1067 2126 1359 2181 arguebantur,
1384 2138 1556 2177 respon-

206 2207 296 2232 sum
323 2192 463 2232 datum
491 2201 566 2241 est,
594 2206 674 2244 quo
694 2191 855 2231 veniam
882 2190 1140 2243 impetrasse,
1167 2202 1249 2227 non
1270 2200 1438 2226 causam
1462 2199 1557 2239 pro-

205 2254 327 2294 basse
359 2254 488 2294 videri
518 2260 702 2308 possent.
764 2260 804 2292 et
828 2251 1011 2305 Philippi
1042 2250 1153 2303 regis
1185 2248 1309 2302 legati
1338 2247 1414 2288 sub
1445 2246 1555 2286 idem

204 2322 366 2369 tempus
392 2315 435 2355 in
461 2323 650 2355 senatum
673 2313 909 2361 introducti,
936 2311 1191 2366 gratulantes
1215 2310 1265 2350 de
1285 2308 1469 2349 victoria.
1506 2307 1555 2348 iis

204 2377 460 2431 petentibus,
491 2384 537 2416 ut.
569 2376 646 2417 sibi
678 2375 908 2415 sacrificare
938 2374 981 2413 in
1007 2372 1215 2426 Capitolio
1242 2372 1479 2423 donumque
1505 2384 1555 2410 ex

204 2454 303 2479 auro
328 2438 468 2479 liceret
494 2452 647 2492 ponere
672 2437 715 2476 in
740 2436 841 2476 aede
866 2434 978 2475 Iovis
1006 2433 1149 2489 optimi
1173 2432 1355 2481 maximi,
1381 2431 1556 2486 permis-

204 2515 297 2540 sum
322 2501 374 2542 ab
405 2508 564 2541 senatu.
625 2506 789 2539 eentum
821 2496 958 2551 pondo
986 2510 1179 2536 eoronam
1211 2509 1378 2535 auream
1403 2507 1554 2548 posue-

204 2569 310 2603 runt.
371 2578 452 2604 non
489 2575 735 2616 responsum
770 2560 903 2600 solum
941 2557 1119 2612 benigne
1156 2556 1265 2611 regis
1296 2555 1445 2610 legatis
1478 2562 1553 2603 est,

1584 1887 1623 1916 10

1584 2012 1620 2040 11

1584 2258 1623 2287 12

1583 2567 1624 2598 13
