1799 2900
234 183 290 226 86
528 189 680 223 LIBER
704 188 891 233 xxxin,
918 190 1018 223 4-6.
1047 189 1284 235 [a.u.c.557]

191 311 210 341 5
233 311 308 352 par
333 308 527 335 numerus
553 292 651 333 bina
675 292 788 333 milia
813 301 946 342 crant,
979 301 1019 334 ct
1044 293 1161 333 mixti
1187 307 1237 333 ex
1271 293 1459 348 pluribus
1486 309 1586 349 gen-

233 358 341 398 tibus
361 354 551 396 mercede
574 354 764 395 conducti
780 355 999 395 auxiliares
1019 355 1129 395 mille
1150 355 1279 396 ferme
1300 364 1338 396 et
1359 356 1585 411 quingenti,

233 426 274 459 ct
299 419 379 458 duo
409 417 523 457 milia
554 416 750 469 equitum.
813 430 907 456 eum
939 417 988 458 iis
1015 417 1143 471 copiis
1168 432 1240 458 rex
1272 418 1436 458 hostem
1461 432 1586 473 oppe—

190 496 208 526 6
232 481 425 521 riebatur.
496 478 699 519 Romanis
737 478 867 519 ferme
910 494 984 534 par
1019 494 1215 519 numerus
1254 487 1359 529 erat3
1404 479 1587 533 equitum

233 541 362 597 copiis
389 547 562 587 tantum,
590 540 702 593 quod
727 540 869 581 Aetoli
895 548 1169 589 accesserant,
1198 541 1461 595 superabant.

191 620 205 648 1
316 604 370 645 V.
420 602 642 654 Quinctius
669 602 722 642 ad
743 602 913 643 Thebas
934 603 1193 643 Phthioticas
1220 610 1355 643 castra
1381 617 1474 643 cum
1499 619 1588 644 mo-

233 666 386 713 visset,
425 679 543 719 spem
588 672 734 704 nactus
773 679 847 718 per
885 664 1105 705 Timonem
1142 665 1373 718 principem
1411 664 1586 705 civitatis

232 727 352 782 prodi
376 727 535 775 urbem,
563 740 657 766 cum
683 726 826 780 paucis
857 726 1041 779 equitum
1067 725 1253 778 levisque
1280 733 1511 767 armaturae
1537 726 1588 767 ad

190 805 207 833 2
234 805 373 830 muros
401 789 615 830 suecessit.
663 788 721 829 ibi
747 788 850 829 adeo
877 789 1076 829 frustrata
1101 802 1196 842 spes
1223 795 1299 837 est,
1324 795 1371 828 ut
1394 803 1477 829 non
1503 803 1589 829 eer-

233 860 372 892 tamen
403 851 526 892 modo
559 864 653 891 cum
684 850 1018 905 erumpentibus,
1058 850 1132 889 sed
1160 849 1389 904 periculum
1426 863 1590 902 quoque

233 920 351 954 atrox
377 913 550 961 subiret,
577 912 620 952 ni
645 912 791 953 castris
819 911 942 952 exciti
965 918 1135 966 repente
1161 911 1320 965 pedites
1349 911 1590 964 equitesque

191 992 208 1021 3
234 976 276 1015 in
311 982 498 1030 tempore
530 975 836 1015 subvenissent.
898 981 938 1014 et
974 981 1197 1028 postquam
1228 973 1329 1013 nihil
1366 980 1590 1028 conceptae

235 1046 389 1077 temere
416 1037 503 1091 spei
537 1037 805 1084 succedebat,
843 1035 956 1076 urbis
984 1035 1151 1088 quidem
1184 1035 1359 1089 amplius
1386 1043 1591 1090 temptan-

189 1114 209 1142 4
236 1099 311 1139 dae
342 1099 385 1139 in
414 1099 651 1153 praesentia
682 1106 832 1139 conatu
863 1098 1045 1146 absistit3
1088 1104 1271 1138 ceterum
1304 1097 1403 1138 satis
1435 1112 1590 1152 gnarus

234 1161 317 1201 iam
342 1161 383 1201 in
409 1161 630 1201 Thessalia
653 1176 797 1215 regem
823 1175 928 1209 esse,
955 1160 1375 1214 nondum'comperto
1401 1174 1525 1212 quam
1549 1159 1591 1199 in

235 1223 446 1276 regionem
473 1223 668 1271 venisset,
695 1222 845 1263 milites
872 1237 945 1277 per
966 1237 1088 1276 agros
1111 1221 1304 1262 dimissos
1326 1221 1479 1261 vallum
1499 1235 1590 1261 cae-

238 1285 334 1325 dere
362 1292 401 1325 ct
426 1300 571 1339 parare
596 1284 723 1324 iubet,

194 1359 211 1390 5
321 1346 445 1388 Vallo
472 1354 511 1386 et
527 1346 784 1386 Macedones
811 1353 848 1385 et
868 1344 1019 1385 Graeci
1043 1344 1108 1384 usi
1134 1352 1242 1393 sunt,
1271 1344 1343 1383 sed
1368 1359 1490 1384 usum
1514 1358 1592 1384 nce

238 1409 290 1449 ad
315 1409 650 1450 commoditatem
675 1408 833 1449 ferendi
859 1422 934 1448 nee
955 1408 1007 1447 ad
1033 1407 1162 1462 ipsius
1189 1406 1428 1447 munitionis
1455 1407 1591 1447 firma-

193 1485 210 1514 6
237 1479 423 1511 mentum
456 1478 713 1526 aptaverunt.
774 1486 871 1510 nam
898 1477 938 1510 et
968 1470 1145 1509 maiores
1173 1478 1210 1509 et
1244 1468 1377 1522 magis
1403 1484 1590 1509 ramosas

237 1534 405 1574 arbores
444 1534 672 1574 caedebant
715 1547 839 1585 quam
882 1547 983 1584 quas
1022 1532 1128 1571 ferre
1170 1546 1263 1570 cuin
1305 1530 1430 1571 armis
1472 1531 1591 1571 miles

237 1603 379 1649 posset
405 1601 457 1641 et,
484 1609 577 1635 cum
604 1601 740 1634 castra
765 1593 827 1634 his
849 1602 942 1633 ante
963 1592 1135 1633 obiectis
1163 1591 1431 1646 saepsissent,
1458 1591 1591 1633 facilis

194 1670 210 1697 7
238 1657 394 1697 molitio
427 1672 568 1697 eorum
600 1657 697 1696 valli
728 1664 827 1696 erat.
888 1670 984 1695 nam
1011 1662 1051 1695 et
1080 1654 1177 1707 quia
1201 1653 1282 1694 rari
1313 1653 1473 1708 stipites
1506 1669 1593 1694 ma-

237 1734 413 1773 gnarum
462 1719 656 1758 arborum
704 1718 942 1758 eminebant
989 1716 1191 1769 inultique
1235 1724 1276 1756 et
1316 1716 1443 1756 validi
1488 1716 1593 1756 rami

235 1781 493 1835 praebebant
514 1781 625 1834 quod
648 1788 758 1821 recte
784 1795 909 1820 manu
930 1786 1158 1834 caperetur,
1186 1778 1267 1819 duo
1289 1786 1359 1818 aut
1384 1793 1593 1819 summum

191 1853 210 1882 8
236 1850 319 1883 tres
345 1842 516 1883 iuvenes
543 1842 679 1883 conixi
706 1842 892 1882 arborem
919 1856 1046 1881 unam
1072 1840 1318 1889 evellebant,
1345 1855 1426 1893 qua
1451 1840 1593 1881 evulsa

236 1912 379 1958 portae
404 1904 534 1944 instar
560 1903 767 1957 extemplo
785 1904 966 1958 patebat,
993 1917 1069 1943 nec
1094 1902 1137 1942 in
1161 1909 1356 1956 promptu
1376 1909 1461 1942 erat
1483 1901 1593 1954 quod

193 1978 211 2007 9
239 1966 548 2007 obmolirentur.
608 1966 824 2006 Romanus
858 1964 972 2006 leves
1005 1974 1043 2005 et
1080 1964 1263 2004 bifurcos
1299 1963 1521 2018 plerosque
1553 1970 1593 2003 et

237 2029 358 2069 trium
385 2036 455 2069 aut
481 2043 574 2069 eum
598 2028 821 2083 plurimum
840 2035 1034 2080 quattuor
1057 2041 1266 2067 ramorum
1291 2025 1423 2066 vallos
1445 2025 1591 2074 caedit,

236 2098 282 2130 ut
314 2098 354 2131 et
390 2090 606 2145 suspensis
645 2090 696 2130 ab
734 2098 850 2143 tergo
883 2089 1006 2129 armis
1039 2088 1145 2128 ferat
1183 2087 1311 2141 pluris
1344 2086 1467 2127 simul
1498 2094 1591 2140 apte

173 2164 212 2193 10
238 2153 374 2202 miles3
402 2162 442 2193 et
466 2153 524 2193 ita
544 2152 695 2193 densos
717 2152 902 2206 obfigunt
928 2150 1208 2205 inplicantque
1227 2148 1366 2197 ramis,
1392 2155 1438 2188 ut
1456 2161 1591 2201 neque

241 2213 350 2268 [quis
382 2215 582 2268 cuiusque
615 2214 779 2269 palmae
810 2213 938 2268 stipes
970 2210 1122 2266 neque]
1151 2225 1256 2264 quae
1290 2210 1488 2263 cuiusque
1521 2209 1593 2250 sti-

176 2289 211 2316 11
239 2276 334 2330 pitis
366 2276 505 2331 palma
538 2276 591 2316 sit
620 2275 827 2331 pervideri
862 2274 1014 2329 possit3
1052 2281 1092 2314 et
1123 2274 1226 2314 adeo
1260 2272 1367 2312 acuti
1406 2272 1592 2324 aliusque

237 2353 311 2392 per
337 2338 459 2378 alium
486 2337 645 2378 inmissi
670 2337 775 2378 radii
799 2337 935 2377 locum
957 2336 1009 2376 ad
1034 2335 1298 2376 inserendam
1316 2349 1485 2374 manum
1510 2348 1592 2374 non

174 2410 212 2440 12
237 2399 459 2449 relincunt,
486 2407 530 2440 ut
554 2414 688 2452 neque
714 2398 915 2454 prehendi
947 2398 1057 2451 quod
1083 2396 1286 2445 trahatur,
1312 2410 1445 2448 neque
1472 2394 1590 2444 trahi,

240 2475 332 2501 cum
363 2461 469 2502 inter
501 2477 544 2502 se
576 2461 718 2501 innexi
748 2461 851 2501 rami
885 2460 1095 2501 vinculum
1127 2459 1169 2498 in
1195 2459 1327 2499 vicem
1352 2457 1590 2512 praebeant,

237 2522 388 2577 possit3
427 2530 485 2571 et,
525 2524 559 2563 si
593 2524 759 2564 evolsus
794 2524 899 2563 forte
931 2529 995 2563 est
1026 2537 1152 2570 unus,
1189 2535 1266 2561 nec
1302 2519 1380 2560 loci
1417 2519 1590 2559 multum

239 2584 370 2638 aperit
394 2591 434 2624 et
460 2585 584 2624 alium
608 2600 808 2639 reponere
833 2584 1030 2638 perfacile
1056 2591 1132 2623 est.

195 2657 207 2685 1
322 2645 364 2687 V
367 2644 387 2685 I
392 2676 401 2684 .
438 2644 658 2697 Quinctius
678 2653 845 2699 postero
860 2645 925 2686 die
942 2644 1094 2685 vallum
1117 2658 1257 2685 secum
1270 2643 1427 2683 ferente
1447 2639 1587 2688 milite,
