1799 2900
440 142 591 176 LIBER
616 143 827 187 xxxiiii,
855 143 908 177 61.
929 143 983 176 62.
1012 141 1209 186 [a.c.193]
1422 132 1501 173 173

147 247 331 289 omnium
361 245 586 301 perniciem
612 254 852 300 erupturum
883 255 1007 287 esset.
1057 246 1315 287 conclamare
1341 260 1498 293 omnes,
1526 258 1545 287 8

147 309 285 350 vocari
310 308 554 349 Aristonem
580 308 730 348 debere
758 316 797 348 et
818 309 971 360 quaeri,
999 309 1098 361 quid
1124 309 1317 357 venisset,
1345 315 1397 356 et,
1422 307 1502 347 nisi

147 378 419 425 expromeret,
442 384 535 410 cum
554 370 702 424 legatis
734 370 896 411 {oniam
911 371 1033 411 mitti:
1061 371 1160 412 satis
1183 386 1256 425 pro
1272 370 1500 410 temeritate

146 434 266 473 unius
299 432 476 473 hominis
510 433 805 487 suppliciorum
837 448 1014 487 pensum
1046 449 1149 474 esse.
1210 433 1393 488 privatos
1427 447 1501 473 suo
1528 446 1545 473 υ

146 495 327 550 periculo
347 502 610 549 peccaturos3
636 510 723 535 rem
743 496 950 550 publicam
971 511 1054 535 non
1070 507 1185 535 extra
1198 511 1351 535 noxam
1364 494 1501 543 modo,

147 557 221 597 sed
247 557 370 598 etiam
397 566 514 598 extra
539 558 694 597 samam
719 572 852 598 noxae
879 558 1207 598 conservandam
1233 572 1338 598 esse.
1380 571 1503 597 voca-
1530 568 1570 598 10

147 628 212 659 tus
239 619 414 659 Ariston
438 634 617 673 purgare
645 635 736 660 sese
764 629 802 659 ct
827 619 1064 660 firmissimo
1090 619 1403 674 propugnaculo
1429 618 1501 668 uti,

147 681 258 734 quod
287 681 517 722 litterarum
548 681 649 721 nihil
682 682 732 721 ad
760 696 1007 734 quemquam
1040 682 1269 722 adtulisset.
1320 690 1501 722 ceterum
1531 694 1567 722 11

146 758 222 783 nec
254 758 423 784 causam
454 744 656 784 adventus
690 744 789 784 satis
823 744 1069 799 expediebat
1103 752 1143 784 et
1172 744 1214 784 in
1245 759 1293 785 eo
1324 744 1502 784 maxime

147 804 397 853 haesitabat,
424 806 534 858 quod
561 820 652 845 cum
667 806 869 846 Barcinae
892 806 1025 847 solum
1051 806 1240 846 factionis
1268 806 1502 846 hominibus

147 867 409 907 conlocutum
436 882 530 907 eum
557 868 799 921 arguebant.
849 877 939 908 orta
963 868 1058 908 inde
1084 868 1295 907 altercatio
1323 877 1385 908 est
1410 867 1500 908 aliis
1531 880 1569 908 12

147 943 220 982 pro
248 929 505 983 speculatore
532 930 827 983 comprehendi
858 930 939 969 iam
965 937 1003 970 et
1030 929 1227 970 custodiri
1252 929 1502 977 iubentibus,

147 990 236 1031 aliis
263 991 511 1045 negantibus
546 991 824 1031 tumultuandi
856 1006 1025 1031 causam
1051 1006 1162 1031 esse:
1196 991 1293 1030 mali
1318 1006 1406 1031 rem
1433 1006 1503 1031 ex-

147 1052 271 1106 empli
298 1068 389 1092 esse
416 1053 465 1093 de
491 1053 618 1092 nihilo
644 1053 828 1106 hospites
856 1053 1016 1106 corripi.
1050 1052 1160 1092 idem
1184 1051 1504 1106 Carthaginien-
1532 1067 1570 1096 13

148 1114 261 1153 sibus
295 1122 336 1154 et
360 1114 461 1167 Tyri
496 1123 535 1154 et
567 1114 608 1153 in
640 1114 730 1154 aliis
758 1114 971 1168 emporiis,
1010 1129 1090 1166 quo
1122 1114 1360 1166 frequenter
1393 1129 1504 1155 com—

146 1183 296 1221 meent,
325 1184 582 1215 eventurum.
622 1176 748 1215 dilata
774 1190 822 1215 eo
850 1176 914 1216 die
940 1191 1006 1215 res
1033 1184 1108 1216 est.
1148 1177 1322 1216 Ariston
1342 1176 1502 1216 Punico
1533 1191 1571 1219 11

146 1237 312 1291 ingenio
332 1238 438 1277 inter
450 1238 617 1278 Poenos
638 1253 738 1278 usus
760 1238 934 1278 tabellas
957 1239 1212 1293 conscriptas
1234 1238 1501 1279 celeberrimo

145 1299 235 1340 loco
262 1314 386 1353 super
412 1300 554 1340 sedem
580 1300 830 1341 cotidianam
855 1301 1144 1355 magistratum
1171 1302 1303 1355 prima
1329 1316 1504 1355 vespera

147 1361 375 1415 suspendit,
401 1361 490 1416 ipse
517 1362 567 1402 de
593 1363 714 1403 tertia
738 1363 880 1416 vigilia
905 1378 1053 1403 navem
1077 1364 1318 1404 conscendit
1344 1372 1384 1404 et
1408 1378 1503 1418 pro-

146 1423 266 1477 fugit.
315 1431 482 1478 postero
515 1425 579 1464 die
613 1439 705 1465 cum
738 1426 893 1466 sufetes
927 1426 979 1466 ad
1009 1426 1072 1466 ius
1106 1426 1326 1467 dicendum
1358 1441 1503 1467 conse·
1532 1439 1570 1467 15>

147 1486 324 1534 dissent,
357 1496 604 1540 conspectae
637 1488 813 1528 tabellae
841 1488 1114 1543 demptaeque
1141 1496 1181 1529 et
1210 1489 1354 1530 lectae.
1405 1489 1504 1529 scri-

147 1555 263 1601 ptum
289 1557 394 1596 erat,
420 1548 682 1598 Aristonem,
710 1549 904 1604 privatim
929 1551 982 1590 ad
1007 1551 1233 1599 neminem,
1260 1551 1424 1606 publice
1451 1551 1504 1590 ad

149 1610 332 1649 seniores
359 1635 412 1639 —
438 1610 495 1650 ita
528 1621 718 1651 senatum
750 1613 955 1652 vocabant
980 1636 1037 1641 ——
1066 1614 1263 1653 mandata
1293 1613 1502 1653 habuisse.

148 1671 356 1725 publicato
390 1672 558 1712 crimine
590 1673 726 1713 minus
753 1673 910 1714 intenta
936 1674 986 1714 de
1013 1675 1155 1728 paucis
1189 1675 1375 1727 quaestio
1402 1682 1502 1715 erat.
1533 1686 1570 1716 16

148 1733 252 1773 mitti
279 1745 417 1774 tamen
441 1734 600 1789 legatos
616 1735 794 1775 Romam
821 1735 889 1788 qui
914 1750 1001 1776 rem
1027 1736 1080 1775 ad
1107 1737 1297 1776 consules
1321 1744 1359 1776 et
1386 1751 1506 1776 sena-

149 1805 235 1836 tum
269 1796 475 1837 deferrent
512 1797 686 1851 placuit,
721 1797 842 1838 simul
876 1798 945 1851 qui
978 1798 1028 1838 de
1060 1798 1218 1838 iniuriis
1250 1798 1504 1839 Elasinissae

149 1867 430 1910 quererentur.

233 1920 382 1961 LXII.
419 1921 650 1962 Masinissa
675 1929 895 1977 postquam
921 1930 960 1963 et
985 1923 1161 1963 infames
1185 1921 1503 1977 Carthaginien·
1532 1935 1545 1963 1

149 1982 205 2022 sis
240 1990 281 2022 et
310 1983 416 2023 inter
449 1998 492 2023 se
524 1984 638 2038 ipsos
673 1984 884 2026 discordes
917 1985 1064 2034 sensit,
1097 1985 1303 2039 principes
1336 1994 1503 2040 propter

149 2045 367 2098 conloquia
403 2046 614 2087 Aristonis
653 2047 832 2096 senatui,
877 2056 1066 2088 senatum
1103 2056 1271 2102 propter
1307 2048 1503 2087 indicium

149 2106 335 2147 eiusdem
354 2107 565 2149 Aristonis
591 2109 744 2163 populo
772 2117 1024 2163 suspectum,
1050 2110 1187 2150 locum
1212 2109 1383 2150 iniuriae
1409 2125 1501 2150 esse

148 2177 261 2209 ratus
286 2184 432 2223 agrum
451 2171 701 2210 maritimum
717 2186 858 2211 eorum
881 2179 920 2212 et
941 2172 1214 2226 depopulatus
1236 2180 1299 2212 est
1320 2180 1361 2212 et
1380 2186 1504 2224 quas-

150 2230 246 2270 dam
270 2231 392 2271 urbes
420 2232 632 2286 vectigalis
651 2231 1060 2287 Carthaginiensium
1087 2234 1165 2274 sibi
1185 2234 1321 2288 coegit
1348 2233 1503 2288 stipen-

150 2291 263 2331 dium
292 2293 484 2346 pendere.
533 2295 735 2348 Emporia
766 2304 915 2335 vocant
946 2310 1038 2335 eam
1067 2295 1299 2350 regi0ne1n:
1337 2311 1409 2336 ora
1440 2303 1503 2336 est
1528 2305 1546 2333 3

150 2354 317 2394 minoris
340 2353 475 2408 Syrtis
502 2363 542 2396 et
567 2356 655 2410 agri
681 2357 839 2406 uberis3
866 2372 948 2397 una
974 2357 1118 2398 civita-s
1145 2357 1232 2398 eius
1259 2357 1426 2412 Leptis3
1454 2372 1503 2398 ea

150 2416 314 2470 singula
344 2416 387 2456 in
418 2417 505 2457 dies
537 2418 692 2458 talenta
724 2419 903 2473 vectigal
931 2418 1347 2473 Carthaginiensibus
1374 2419 1499 2460 dedit.

149 2477 255 2518 hanc
293 2487 381 2518 tum
411 2479 623 2534 regionem
654 2491 695 2520 et
726 2489 853 2522 totam
891 2482 1087 2523 infestam
1118 2483 1348 2523 Masinissa
1379 2491 1419 2523 et
1449 2498 1499 2523 ex
1525 2494 1545 2523 4

149 2540 327 2592 quadam
341 2550 457 2595 parte
472 2541 620 2582 dubiae
640 2544 932 2596 possessionis,
956 2545 1017 2585 sui
1036 2544 1153 2599 regni
1169 2560 1221 2585 an
1237 2543 1501 2598 Carthagini-

149 2601 310 2642 ensium
325 2612 448 2652 esset,
475 2604 680 2646 effecerat.
719 2613 757 2646 et
773 2606 867 2660 quia
884 2606 1006 2647 simul
1028 2607 1080 2648 ad
1100 2608 1316 2662 purganda
1330 2606 1501 2647 crimina
1527 2622 1544 2650 5

1529 2119 1546 2147 [ὗ
