1799 2900
159 315 197 345 10

159 494 190 521 11

222 66 305 108 376
499 73 649 107 LIBER
675 73 917 117 xxxvun,
943 73 974 108 4.
995 74 1025 108 5.
1054 77 1102 118 [a.
1117 87 1150 109 u.
1167 85 1196 109 c.
1210 75 1291 118 567]

223 177 262 217 vi
287 184 467 230 captam,
504 189 608 227 quae
633 189 786 229 aggere
817 189 864 215 ac
889 175 1018 217 vineis
1044 177 1281 233 obpugnata
1306 177 1376 226 sit,
1414 177 1486 217 ubi
1509 176 1569 216 in-

223 237 357 278 censis
383 236 576 290 operibus
603 236 682 276 alia
707 236 756 277 de
776 236 936 291 integro
962 237 1071 278 facta
1091 239 1189 287 sint,
1215 239 1285 279 ubi
1304 239 1411 279 circa
1429 251 1568 278 muros

225 313 348 353 supra
369 298 591 349 subterque
612 304 761 337 terram
782 312 855 351 per
875 297 961 337 dies
983 299 1216 351 quindecim
1236 307 1478 353 pugnatum,
1499 297 1568 337 ubi

224 375 247 399 a
271 358 402 413 prima
422 358 526 406 luce,
554 372 647 398 cum
674 359 755 399 iam
777 359 1100 408 transcendisset
1121 375 1260 401 muros
1281 360 1412 408 miles,
1438 373 1569 412 usquc

224 420 275 459 ad
306 427 470 459 noctem
506 419 575 459 diu
612 433 764 474 anceps
800 420 1000 474 proelium
1038 421 1232 470 tenuerit,
1269 421 1339 462 ubi
1368 421 1461 475 plus
1494 420 1572 460 tria

222 480 334 520 milia
370 480 549 521 hostium
587 481 669 520 sint
705 495 839 522 caesa.
898 481 979 521 iam
1012 482 1062 522 de
1094 483 1264 523 deorum
1295 481 1571 522 inmortalium

222 541 385 596 templis
413 542 599 596 spoliatis
624 542 666 582 in
687 549 807 596 capta
825 543 926 583 urbe
948 544 1111 596 qualem
1133 544 1379 583 calumniam
1401 544 1452 583 ad
1471 558 1573 597 pon-

223 603 352 643 tifices
374 602 582 643 adtulerit!
609 603 687 644 nisi
705 602 1005 657 Spacusaruni
1027 613 1336 656 ceterarumque
1363 611 1573 658 captarum

223 664 450 705 civitatium
476 665 727 705 ornamentis
753 666 898 705 urbem
924 666 1111 706 exornari
1138 666 1201 705 fas
1227 665 1367 713 fuerit,
1404 665 1446 704 in
1469 666 1574 704 Am-

223 726 361 766 bracia
386 741 468 766 una
493 734 612 780 capta
637 741 720 766 non
746 727 920 767 valuerit
944 727 1041 767 belli
1066 727 1143 767 ius.
1181 741 1224 767 se
1251 734 1290 766 ct
1314 732 1451 780 patres
1479 739 1574 765 con-

224 787 397 841 scriptos
430 802 546 827 orare
577 796 617 827 et
647 789 699 828 ab
731 788 894 829 tribuno
923 796 1082 843 petere,
1119 802 1170 828 ne
1203 802 1247 828 se
1279 786 1573 841 superbissimo

222 848 387 888 inimico
413 848 590 888 ludibrio
617 863 709 889 esse
737 849 885 889 sinant.

305 911 359 952 V.
408 910 605 962 Undique
626 925 768 951 omnes
791 910 858 950 alii
884 911 1094 965 deprecari
1117 911 1343 959 tribunum,
1369 910 1435 950 alii
1455 909 1576 950 casti-

223 986 334 1026 gare.
395 971 551 1011 Tiberii
585 971 764 1012 Gracchi
797 973 980 1026 collegae
1011 973 1232 1027 plurimum
1263 972 1392 1013 oratio
1427 971 1575 1011 movit:

225 1047 275 1073 nc
303 1048 397 1072 suas
425 1033 590 1084 quidem
622 1033 851 1074 simultates
882 1049 956 1088 pro
987 1034 1232 1087 magistratu
1264 1047 1453 1074 exercere
1479 1032 1576 1073 boni

224 1094 401 1148 exempli
428 1109 538 1142 esse,
566 1095 792 1135 alienarum
819 1111 916 1136 vero
936 1095 1189 1135 simultatum
1210 1096 1418 1135 tribunum
1442 1094 1575 1148 plebis

224 1156 478 1209 cognitorem
504 1156 591 1196 fieri
623 1164 740 1210 turpe
767 1164 807 1196 et
830 1156 1047 1210 indignum
1073 1157 1237 1209 collegii
1261 1156 1347 1196 eius
1373 1163 1576 1210 potestate

225 1224 263 1257 et
291 1217 459 1257 sacratis
486 1217 647 1271 legibus
674 1232 778 1258 esse.
818 1233 892 1258 suo
918 1232 1122 1270 quemque
1147 1217 1297 1257 iudicio
1323 1224 1363 1256 et
1388 1217 1575 1257 homines

226 1279 362 1319 odisse
393 1287 463 1319 aut
494 1279 664 1334 diligere
695 1288 735 1320 ct
765 1295 831 1320 res
862 1280 1037 1334 probare
1069 1287 1139 1320 aut
1167 1280 1385 1334 inprobare
1412 1280 1575 1327 debere,

224 1356 305 1380 non
332 1341 511 1394 pendere
532 1356 581 1381 ex
602 1341 768 1381 alterius
790 1342 905 1381 vultu
927 1355 974 1381 ac
994 1348 1094 1381 nutu
1115 1356 1190 1381 nec
1211 1342 1331 1381 alieni
1356 1341 1576 1381 momentis

226 1402 350 1442 animi
389 1402 630 1456 circumagi,
675 1402 998 1456 adstipularique
1035 1403 1137 1443 irato
1175 1403 1333 1443 consuli
1369 1403 1577 1442 tribunum

224 1464 379 1517 plebei,
419 1471 458 1503 et
486 1464 583 1516 quid
612 1464 804 1518 privatim
829 1465 891 1504 M.
918 1465 1122 1504 Aemilius
1154 1464 1411 1503 mandaverit
1435 1464 1578 1504 memi-

224 1525 355 1573 nisse,
388 1525 638 1564 tribunatum
665 1525 742 1565 sibi
769 1541 790 1565 a
815 1526 968 1579 populo
994 1526 1183 1566 Romano
1209 1525 1450 1565 mandatum
1475 1525 1573 1566 obli-

227 1585 346 1633 visci,
385 1594 425 1626 et
454 1587 695 1626 mandatum
726 1601 800 1640 pro
833 1586 984 1627 auxilio
1016 1600 1064 1626 ac
1094 1587 1282 1627 libertate
1312 1587 1578 1641 privatorum,

225 1662 307 1687 non
343 1662 417 1701 pro
450 1647 657 1687 consulari
687 1663 829 1702 reguo.
890 1662 942 1688 ne
974 1648 1052 1688 hoc
1083 1648 1249 1700 quidem
1280 1662 1446 1688 eernere
1471 1662 1578 1696 eum,

224 1708 311 1748 fore
347 1716 391 1748 ut
426 1709 648 1750 memoriae
685 1724 733 1749 ac
762 1709 993 1764 posteritati
1029 1710 1247 1750 mandetur
1278 1710 1464 1750 eiusdem
1496 1709 1579 1750 col-

225 1769 322 1823 legii
348 1770 520 1810 alterum
540 1786 561 1811 e
583 1771 745 1811 (luobus
772 1771 946 1811 tribunis
972 1771 1105 1826 plebis
1133 1787 1227 1812 suas
1253 1771 1489 1811 inimicitias
1514 1785 1579 1811 re-

225 1831 389 1871 misisse
419 1832 478 1872 rei
509 1832 717 1886 publicae,
756 1833 930 1872 alterum
963 1833 1117 1873 alienas
1150 1840 1188 1873 et
1219 1833 1436 1872 mandatas
1463 1847 1580 1872 exer-

227 1892 374 1933 cuisse.
434 1893 497 1933 his
536 1893 667 1934 victus
704 1894 1043 1949 castigationibus
1081 1894 1269 1934 tribunus
1301 1908 1394 1934 cum
1426 1893 1578 1947 templo

227 1955 493 2004 excessisset,
530 1956 736 1996 referente
775 1955 865 1997 Ser.
900 1955 1085 2010 Sulpicio
1121 1964 1309 2010 praetore
1346 1955 1578 2009 triumphus

226 2016 287 2056 M.
320 2016 469 2057 Fulvio
506 2024 570 2057 est
605 2017 808 2058 decretus.
867 2017 902 2058 is
940 2032 1033 2058 cum
1069 2018 1222 2071 gratias
1259 2017 1445 2071 patribus
1483 2030 1580 2057 con-

229 2077 390 2132 scriptis
428 2078 603 2133 egisset,
642 2079 808 2128 adiecit,
846 2079 966 2120 ludos
1002 2094 1177 2134 magnos
1216 2094 1260 2119 se
1296 2079 1389 2120 Iovi
1424 2078 1580 2132 optimo

227 2139 407 2180 maximo
433 2155 481 2181 eo
507 2140 572 2181 die
598 2155 678 2194 quo
702 2141 972 2182 Ambraciam
998 2142 1176 2195 cepisset
1201 2140 1386 2181 vovisse:
1422 2140 1463 2179 in
1489 2154 1581 2180 eam

227 2216 315 2241 rem
335 2201 412 2242 sibi
432 2210 597 2242 centum
615 2203 754 2257 pondo
776 2203 863 2242 auri
882 2218 906 2242 a
927 2202 1158 2243 civitatibus
1175 2202 1400 2250 conlatum3
1426 2209 1580 2256 petere,

228 2271 273 2303 ut
297 2277 347 2303 ex
373 2278 421 2303 ea
445 2264 633 2317 pecunia,
659 2278 783 2317 quam
808 2265 850 2304 in
875 2264 1083 2318 triumpho
1108 2265 1234 2304 latam
1258 2263 1300 2303 in
1325 2264 1482 2304 aerario
1507 2277 1582 2317 po-

231 2324 382 2364 siturus
409 2333 537 2373 esset,
570 2326 612 2366 id
638 2341 782 2366 aurum
809 2326 967 2367 secerni
992 2326 1192 2366 iuberent.
1253 2332 1420 2366 senatus
1446 2323 1581 2379 ponti-

228 2385 349 2425 ficum
387 2387 607 2441 collegium
643 2388 801 2428 consuli
837 2388 975 2436 iussit,
1011 2403 1110 2427 num
1142 2402 1262 2428 omne
1292 2387 1336 2427 id
1365 2401 1508 2427 aurum
1539 2385 1581 2425 in

229 2446 347 2486 ludos
374 2448 562 2488 consumi
586 2464 806 2489 necessum
831 2456 954 2490 esset.
998 2463 1091 2488 cum
1115 2448 1330 2503 pontifices
1355 2453 1579 2501 negassent

230 2506 282 2545 ad
311 2507 550 2561 religionem
582 2510 805 2563 pertinere,
842 2518 995 2563 quanta
1025 2510 1200 2564 inpensa
1230 2510 1272 2549 in
1301 2509 1421 2549 ludos
1451 2508 1580 2556 fieret,
