1799 2900
269 142 348 183 146
539 148 691 182 LIBER
715 147 923 191 xxxnu,
949 148 1002 182 26.
1022 147 1076 182 27.
1105 150 1154 192 [a.
1169 160 1203 183 u.
1220 159 1248 183 ο.
1262 148 1344 191 559]

264 255 382 295 tectis
419 251 616 299 nai-ibim,
662 250 831 305 triginta
874 250 1021 292 lembis
1061 250 1282 304 mixtisque
1320 251 1410 291 aliis
1447 251 1619 293 minoris

200 331 236 361 12
264 317 421 356 formae
471 312 663 366 navigiis.
745 313 931 367 ipsorum
979 328 1143 366 quoque
1186 314 1618 354 Lacedaemoniorum

263 377 404 418 exules
431 375 643 430 permulti,
671 381 939 428 tyrannorum
965 374 1115 415 iniuria
1139 376 1260 430 pulsi,
1289 391 1361 431 spe
1387 376 1621 431 reciperan-

197 454 236 483 13
263 440 339 479 dae
365 438 523 493 patriae
548 438 590 477 in
617 444 753 477 castra
778 437 969 478 Romana
994 445 1288 479 convenerunt.
1338 438 1455 478 multi
1481 446 1620 478 autem

263 508 397 547 erant,
435 500 517 540 iam
542 514 616 553 per
641 499 799 552 aliquot
823 506 1001 548 aetates,
1043 514 1094 539 ex
1120 513 1200 552 quo
1227 500 1389 553 tyranni
1423 501 1620 541 tenebant

199 577 237 608 14
263 562 649 610 Lacedaemonem,
677 560 746 600 alii
770 561 822 601 ab
849 561 924 601 alis
951 561 1127 615 expulsi.
1188 561 1380 616 princeps
1408 569 1493 602 erat
1520 577 1620 602 exu-

261 624 346 664 lum
372 623 636 678 Agesipolis,
669 623 786 663 cuius
817 623 905 663 iure
931 624 1067 677 gentis
1098 638 1273 678 regnum
1300 624 1620 664 Lacedaemone

260 694 367 735 erat,
411 687 557 741 pulsus
595 686 733 726 infans
772 686 824 726 ab
861 685 1062 739 Lycurgo
1100 692 1275 739 tyranno
1312 694 1408 740 post
1443 694 1620 727 mortem

261 748 514 795 Cleomenis,
542 748 610 801 qui
636 747 792 802 primus
820 755 1020 801 tyrannus
1047 747 1367 788 Lacedaemone
1394 748 1484 788 fuit.

217 826 232 855 1
344 810 543 852 XXVII.
595 809 705 850 Cum
742 817 850 850 terra
886 809 1071 862 marique
1114 815 1274 849 tantuin
1312 809 1410 850 belli
1447 809 1621 850 eircum-

262 879 390 913 staret
415 880 638 926 tyrannum
665 879 705 912 et
735 886 864 926 prope
897 871 1010 911 nulla
1036 885 1131 925 spes
1166 879 1278 911 esset
1302 886 1398 911 vere
1425 886 1521 912 suas
1547 870 1621 911 ho-

216 950 234 979 2
263 935 470 987 stiumque
497 933 733 974 aestimanti
761 933 883 981 vires,
910 948 993 974 non
1019 940 1158 973 tamen
1183 933 1322 974 omisit
1347 933 1518 981 bellum,
1546 933 1620 973 sed

262 1005 302 1037 et
329 1012 352 1036 a
379 996 507 1037 Creta
532 997 643 1037 mille
677 996 860 1037 delectos
892 996 1119 1036 iuventutis
1146 1011 1288 1037 eorum
1319 996 1488 1044 excivit,
1526 1011 1620 1036 cum

261 1058 371 1099 mille
397 1059 478 1099 iam
505 1058 693 1107 haberet,
720 1066 760 1099 et
786 1059 864 1099 tria
889 1058 1002 1099 milia
1027 1059 1403 1099 mercennariorum
1429 1058 1618 1106 militum,

261 1121 405 1161 decem
442 1120 554 1161 milia
595 1121 857 1176 popularium
894 1135 989 1161 eum
1031 1121 1268 1162 castellanis
1306 1121 1541 1175 agrestibus
1577 1120 1619 1160 in

214 1199 233 1228 3
259 1183 383 1222 armis
416 1181 577 1229 habuit,
616 1190 656 1222 et
694 1182 808 1222 fossa
839 1182 1030 1235 valloque
1062 1183 1207 1222 urbem
1240 1182 1526 1231 communivit3
1565 1189 1617 1230 et,

259 1259 310 1284 ne
337 1244 436 1296 quid
461 1243 647 1284 intestini
672 1253 809 1283 motus
836 1252 1038 1292 oreretur,
1066 1252 1179 1284 metu
1205 1251 1243 1284 et
1271 1244 1494 1284 acerbitate
1520 1258 1618 1297 poe-

259 1321 405 1346 narum
432 1306 597 1346 tenebat
624 1305 797 1353 animos,
824 1305 1020 1358 quoniam
1050 1314 1094 1345 ut
1113 1306 1274 1345 salvum
1301 1305 1454 1345 vellent
1478 1313 1618 1359 tyran-

213 1382 233 1410 4
259 1384 359 1408 num
391 1383 557 1423 sperare
590 1384 673 1409 non
704 1376 877 1423 poterat.
945 1382 1039 1408 cum
1076 1377 1292 1422 suspectos
1326 1368 1528 1421 quosdam
1561 1368 1617 1407 ci-

260 1431 371 1470 vium
409 1430 599 1478 haberet,
649 1430 808 1471 eductis
851 1430 893 1469 in
929 1444 1123 1484 eampum
1160 1430 1352 1470 omnibus
1396 1430 1524 1484 copiis
1561 1454 1617 1459 —-

214 1508 233 1537 5
259 1492 450 1533 Dromon
477 1492 557 1547 ipsi
583 1492 961 1547 vocant—positis
989 1492 1113 1532 armis
1141 1492 1193 1532 ad
1219 1492 1453 1532 contionem
1479 1492 1616 1532 vocari

258 1554 373 1594 iubet
410 1554 790 1601 Lacedaemonios,
837 1562 961 1606 atque
1004 1568 1147 1594 corum
1191 1554 1373 1594 contioni
1417 1554 1615 1594 satellites

213 1632 231 1662 6
259 1623 439 1657 armatos
466 1616 748 1657 circumdedit.
787 1624 827 1656 et
853 1630 986 1671 pauca
1011 1617 1245 1670 praefatus,
1278 1630 1349 1656 cur
1375 1616 1453 1656 sibi
1479 1616 1617 1657 omnia

257 1678 418 1719 timenti
444 1679 689 1731 caventique
714 1678 1017 1732 ignoscendum
1042 1678 1084 1718 in
1111 1678 1182 1718 tali
1208 1686 1393 1732 tempore
1419 1678 1544 1727 foret,
1576 1687 1617 1720 et

255 1741 441 1794 ipsorum
465 1741 633 1789 referre,
661 1741 695 1782 si
721 1755 824 1793 quos
852 1748 1069 1795 suspectos
1096 1748 1228 1781 status
1254 1756 1452 1795 praesens
1478 1756 1616 1781 rerum

256 1803 430 1851 faceret,
473 1803 684 1857 prohiberi
720 1802 858 1858 potius
896 1818 948 1843 ne
987 1802 1085 1856 quid
1121 1803 1256 1844 moliri
1293 1803 1455 1857 possint
1492 1818 1614 1856 quam

213 1879 229 1907 7
256 1865 392 1919 puniri
423 1865 651 1914 molientis,
688 1864 828 1918 itaque
861 1865 1063 1918 quosdam
1091 1880 1134 1906 se
1166 1865 1207 1905 in
1239 1866 1470 1906 custodiam
1502 1865 1616 1906 habi-

255 1935 407 1976 turum,
434 1927 566 1968 donee
593 1942 641 1968 ea
666 1942 772 1980 quae
798 1927 923 1967 instet
951 1934 1178 1981 tempestas
1205 1934 1458 1982 praetereat,
1485 1926 1613 1967 hosti-

255 1989 332 2030 bus
364 1990 541 2044 repulsis
567 2014 599 2018 —
625 2005 649 2030 a
674 1989 843 2042 quibus,
878 1988 912 2029 si
939 1989 1062 2030 modo
1088 1989 1265 2044 proditio
1290 1989 1487 2029 intestina
1513 1989 1612 2029 satis

255 2058 464 2100 caveatur,
490 2051 625 2092 minus
650 2051 821 2106 periculi
854 2066 947 2092 esse
972 2076 1006 2080 —
1031 2051 1239 2106 extemplo
1266 2066 1336 2092 eos
1364 2050 1613 2091 emissurum

210 2127 229 2157 8
253 2131 327 2155 —:
367 2115 443 2155 sub
476 2114 579 2155 haee
610 2114 726 2154 citari
763 2113 932 2154 nomina
964 2113 1175 2168 octoginta
1214 2113 1343 2154 ferme
1380 2113 1613 2168 principum

254 2176 480 2217 iuventutis
507 2176 627 2217 iussit
654 2184 777 2229 atque
803 2191 888 2223 eos,
915 2183 960 2216 ut
985 2175 1160 2228 quisque
1187 2175 1239 2216 ad
1264 2190 1415 2215 nomen
1440 2190 1613 2229 respon-

255 2237 384 2287 derat,
412 2238 453 2278 in
479 2238 711 2279 custodiam
738 2237 925 2287 tradidit3
958 2246 1078 2278 nocte
1111 2237 1347 2290 inse-quenti
1372 2251 1517 2277 omnes
1550 2236 1613 2276 in-

210 2312 227 2342 9
255 2300 428 2341 terfecti.
490 2301 692 2341 Ilotarum
730 2300 879 2341 deinde
917 2299 1086 2352 quidam
1112 2299 1234 2339 —hi
1272 2306 1365 2339 sunt
1398 2299 1480 2339 iam
1515 2298 1611 2338 inde

254 2362 477 2414 antiquitus
518 2363 751 2411 castellani,
791 2370 955 2417 agreste
993 2376 1125 2416 genus
1155 2386 1211 2391 —-
1242 2361 1503 2415 transfugere
1540 2375 1612 2400 vo-

254 2422 380 2463 luisse
422 2424 648 2465 insimulati
691 2440 765 2480 per
807 2424 941 2465 onmis
979 2424 1093 2464 vicos
1137 2424 1213 2464 sub
1251 2423 1493 2463 verberibus
1532 2421 1611 2462 acti

253 2493 463 2525 necantur.
514 2486 591 2527 hoe
616 2494 769 2527 terrore
795 2487 1082 2541 obstipuerant
1106 2484 1381 2526 multitudinis
1408 2483 1533 2524 animi
1558 2483 1609 2523 ab

192 2557 229 2587 10
255 2545 365 2584 omni
409 2556 559 2587 conatu
603 2564 807 2589 novorum
851 2548 1130 2589 consiliorum.
1209 2547 1317 2587 intra
1358 2545 1607 2585 munitiones

254 2605 393 2661 copias
426 2608 683 2659 continebat,
714 2624 791 2651 nee
820 2625 963 2664 parem
991 2625 1035 2650 se
1060 2617 1193 2658 ratus,
1228 2609 1262 2649 si
1293 2608 1488 2648 dimicare
1519 2606 1607 2646 acie
