1799 2900
482 198 634 233 LIBER
662 198 811 244 xxm,
836 198 889 233 48.
905 198 960 234 49.
989 198 1188 242 [abaco]
1463 187 1518 228 43

161 306 248 348 eius
278 319 366 345 rem
399 303 614 345 extrahere
625 319 634 352 3
685 303 795 355 quod
827 309 992 357 praetor
1016 318 1099 344 non
1131 301 1318 350 fecisset,
1357 300 1519 342 senatui

159 366 398 408 faciendum
444 379 558 414 esse,
606 372 653 404 ut
700 365 914 405 consulem
957 371 1212 419 expecta-ret3
1265 362 1338 404 ubi
1379 377 1518 403 eoram

162 427 432 483 disceptantis
459 426 673 468 consulem
699 435 738 468 et
764 435 999 481 praetorem
1031 427 1264 474 audissent,
1303 425 1440 467 verius
1467 425 1517 465 de

160 505 286 532 causa
329 489 637 530 existimaturos
683 503 789 530 esse.
860 504 1014 543 magna
1056 504 1152 544 pars
1203 496 1371 529 senatus
1415 487 1517 527 nihil

158 560 322 608 praeter
351 567 418 593 res
450 558 592 606 gestas
625 558 665 592 et
697 567 750 591 an
780 551 822 591 in
854 551 1101 605 magistratu
1128 551 1295 603 suisque
1321 550 1517 605 auspiciis

159 614 374 670 gessisset,
402 614 629 654 censebant
655 620 843 668 spectare
870 621 1060 654 senatum
1086 614 1258 654 debere:
1285 628 1336 653 ex
1357 613 1517 652 duabus

160 676 351 725 coloniis,
390 691 494 730 quae
526 676 639 716 velut
670 676 850 716 claustra
882 676 933 716 ad
965 676 1217 717 cohibendos
1246 674 1430 717 Gallicos
1456 682 1520 715 tu-

159 739 314 778 multus
353 738 569 792 obpositae
607 738 804 787 fuissent,
843 752 937 778 cum
971 754 1054 778 una
1086 738 1246 793 direpta
1279 745 1317 778 et
1349 737 1520 777 incensa

160 807 270 841 esset
297 800 645 852 traiecturumque
670 799 712 839 id
736 800 974 840 incendium
998 800 1112 840 velut
1137 814 1188 840 ex
1214 799 1518 840 continentibus

161 862 278 903 tectis
310 862 353 902 in
384 862 556 902 alteram
588 870 671 902 tam
701 862 979 916 propinquam
1016 861 1220 903 coloniam
1252 869 1382 910 esset,
1421 860 1522 914 quid

161 925 330 965 tandem
353 924 535 978 praetori
565 924 803 964 faciendum
834 925 992 965 fuisse?
1038 940 1135 964 nam
1169 924 1203 964 si
1237 924 1324 965 sine
1351 923 1519 964 consule

160 986 249 1041 geri
274 986 375 1026 nihil
400 986 638 1040 oportuerit,
665 993 736 1026 aut
757 994 946 1026 senatum
966 1000 1178 1040 peccasse,
1206 986 1274 1038 qui
1295 986 1521 1026 exereitum

161 1048 340 1103 praetori
377 1047 535 1088 dederit
565 1047 837 1102 ——potuisse
875 1048 1005 1096 enim,
1043 1048 1149 1087 sieut
1184 1063 1268 1087 non
1304 1047 1520 1101 praetoris,

162 1110 236 1151 sed
262 1109 443 1150 consulis
470 1109 654 1149 exercitu
678 1123 764 1148 rem
791 1109 881 1163 geri
905 1108 1100 1157 voluerit,
1126 1109 1183 1148 ita
1207 1109 1325 1149 finire
1352 1117 1520 1149 senatus

162 1171 363 1219 consulto,
385 1185 436 1210 ne
457 1184 531 1224 per
550 1178 796 1224 praetorem,
819 1170 893 1210 sed
912 1185 986 1224 per
1000 1170 1212 1210 consulem
1227 1179 1439 1224 gereretur
1451 1194 1520 1218 —,

162 1241 232 1274 aut
258 1232 484 1280 consulem,
511 1232 581 1284 qui
606 1247 702 1280 non,
730 1246 823 1272 cum
844 1232 1071 1272 exercitum
1093 1247 1143 1272 ex
1157 1232 1326 1272 Etruria
1345 1232 1521 1272 transire

161 1294 203 1334 in
235 1293 418 1334 Galliam
455 1293 665 1342 iussisset,
703 1293 794 1348 ipse
831 1294 1012 1334 Arimini
1045 1294 1291 1343 obcurrerit,
1330 1301 1375 1334 ut
1411 1294 1520 1335 bello

160 1356 393 1404 interesset,
420 1355 532 1408 quod
557 1355 645 1396 sine
671 1370 720 1396 eo
740 1355 827 1409 geri
848 1356 911 1396 fas
932 1371 1015 1397 non
1036 1364 1159 1397 esset.
1198 1371 1280 1396 non
1301 1364 1521 1410 expectare

162 1418 258 1459 belli
285 1425 471 1472 tempora
496 1433 633 1459 moras
655 1425 695 1459 et
715 1418 933 1459 dilationes
955 1418 1251 1473 imperatorum
1272 1426 1313 1459 et
1332 1433 1521 1473 pugnan-

162 1480 260 1520 dum
286 1494 378 1520 esse
404 1479 624 1528 interdum,
650 1495 732 1520 non
754 1480 851 1533 quia
878 1481 993 1529 velis,
1021 1481 1095 1521 sed
1115 1480 1211 1534 qnia
1233 1480 1363 1521 hostis
1386 1487 1521 1534 cogat.

161 1556 346 1597 pugnam
366 1541 500 1596 ipsam
519 1550 796 1595 eventumque
816 1558 982 1597 pugnae
1003 1543 1182 1597 spectari
1202 1543 1366 1583 debere.
1404 1543 1521 1583 fusos

164 1617 390 1656 caesosque
411 1603 556 1653 hostis,
584 1612 719 1644 castra
741 1614 861 1659 capta
883 1619 931 1645 ac
950 1605 1122 1659 direpta,
1150 1605 1354 1645 coloniam
1374 1605 1523 1645 libera-

164 1673 249 1705 tam
275 1665 509 1714 obsidione,
549 1666 716 1706 alterius
744 1667 929 1707 coloniae
956 1667 1142 1721 captivos
1169 1675 1434 1721 recuperatos
1460 1682 1525 1707 re-

165 1726 412 1779 stitutosque
446 1727 550 1775 suis,
588 1728 842 1768 debellatum
872 1744 954 1769 uno
985 1729 1142 1783 proelio
1169 1744 1276 1769 esse.
1336 1744 1420 1769 non
1450 1728 1525 1769 ho-

164 1789 296 1829 mines
335 1798 495 1829 tantum
528 1806 577 1830 ea
607 1789 779 1830 victoria
807 1791 1001 1839 laetatos,
1043 1791 1116 1831 sed
1154 1790 1231 1831 diis
1263 1805 1425 1843 quoque
1464 1789 1526 1829 in-

164 1852 407 1894 mortalibus
433 1867 507 1907 per
532 1852 714 1892 triduum
740 1853 1061 1907 supplicationes
1088 1852 1262 1901 habitas,
1291 1852 1401 1905 quod
1419 1852 1525 1893 bene

164 1929 213 1954 ae
248 1914 440 1963 feliciter,
486 1929 570 1955 non
607 1915 718 1967 quod
760 1915 867 1955 male
912 1929 958 1955 ac
1003 1924 1158 1955 temere
1194 1929 1260 1954 res
1298 1914 1465 1968 publica
1501 1929 1525 1954 a

165 1977 218 2017 L.
243 1976 371 2017 Furio
401 1986 591 2030 praetore
623 1984 743 2031 gesta
774 1985 898 2018 esset.
960 1977 1056 2017 data
1081 1977 1168 2017 fato
1193 1976 1317 2017 etiam
1344 1976 1524 2029 quodam

164 2038 315 2079 Furiae
341 2038 456 2092 genti
483 2037 646 2079 Gallica
670 2039 792 2079 bella.

249 2099 595 2143 XXXXVHH.
633 2100 772 2141 Huius
799 2100 964 2155 generis
986 2099 1241 2141 orationibus
1267 2099 1397 2154 ipsius
1425 2099 1525 2140 ami-

166 2176 390 2214 corumque
415 2162 524 2202 victa
556 2170 619 2203 est
650 2163 881 2218 praesentis
914 2163 1048 2217 gratia
1078 2161 1301 2216 praetoris,
1340 2161 1523 2202 absentis

166 2223 347 2263 consulis
372 2224 584 2273 maiestas,
611 2225 947 2279 triumphumque
973 2225 1210 2276 frequentes
1233 2224 1286 2263 L.
1305 2223 1433 2264 Furio
1455 2223 1526 2264 de-

167 2292 397 2325 creverunt.
446 2285 718 2340 triumphavit
740 2287 790 2327 de
813 2286 946 2327 Gallis
972 2286 1015 2326 in
1039 2285 1284 2340 magistratu
1306 2284 1524 2326 L.Furius

166 2355 331 2401 praetor
361 2355 402 2387 et
433 2347 475 2387 in
506 2349 709 2388 aerarium
740 2349 832 2389 tulit
863 2356 1046 2389 trecenta
1076 2347 1224 2401 viginti
1254 2347 1367 2387 milia
1404 2347 1523 2396 aeris,

166 2409 327 2463 argenti
353 2417 518 2450 centum
543 2410 655 2450 milia
680 2411 918 2464 quingenta.
979 2424 1112 2462 neque
1145 2409 1297 2464 captivi
1328 2409 1399 2449 ulli
1431 2417 1525 2449 ante

168 2486 332 2511 currum
357 2471 469 2511 ducti
494 2486 628 2524 neque
655 2472 788 2526 spolia
816 2472 1001 2526 praelata
1032 2486 1166 2524 neque
1197 2471 1347 2512 milites
1381 2471 1524 2512 secuti.

167 2533 306 2574 omnia
330 2542 493 2588 praeter
518 2534 732 2575 victoriam
757 2549 885 2588 penes
913 2534 1126 2574 consulem
1157 2549 1250 2574 esse
1283 2533 1522 2588 adparebat.

252 2595 366 2635 Ludi
392 2595 540 2636 deinde
566 2611 590 2636 a
612 2596 662 2636 P.
691 2595 886 2636 Cornelio
914 2594 1131 2650 Scipione,
1169 2609 1271 2648 quos
1304 2594 1450 2636 consul
1480 2594 1522 2635 in

168 2656 315 2698 Africa
340 2664 529 2707 voverat,
562 2673 714 2712 magno
740 2658 943 2713 adparatu
967 2657 1078 2698 facti.
1139 2663 1180 2698 et
1205 2657 1256 2697 de
1282 2656 1392 2711 agris
1418 2655 1525 2696 mili-

1550 1368 1588 1397 10

1551 1555 1587 1583 11

1550 2294 1568 2324 2

1550 2419 1569 2449 3

1548 2605 1563 2635 4

1547 2666 1565 2695 5
