1799 2900
483 134 638 169 LIBER
663 133 872 178 xxxun,
898 133 951 168 50.
973 133 1027 167 51.
1056 131 1158 176 [ac
1175 131 1256 175 194]
1455 119 1536 162 165

178 242 255 284 suit
280 239 619 291 monentiumque
647 238 820 278 aliorum
847 237 962 286 alios,
989 245 1034 277 ut
1061 252 1131 277 eas
1158 249 1282 277 voces
1308 234 1422 276 velut
1447 248 1538 274 ora-

178 304 270 344 culo
302 302 452 342 missas
484 300 527 340 in
556 307 726 354 pectora
759 300 1001 353 animosque
1035 298 1312 339 demitterent.
1374 295 1536 337 silentio

179 365 328 406 deinde
354 364 464 404 facto
490 362 609 417 petiit
635 363 686 402 ab
711 361 779 411 iis,
806 369 851 402 111
878 362 978 402 civis
1005 361 1237 408 Romanos,
1272 359 1307 399 si
1332 358 1402 412 qui
1427 357 1539 413 apud

180 442 250 467 eos
282 427 324 466 111
362 425 559 466 servitute
596 432 755 473 essent,
801 423 1054 476 conquisitos
1092 423 1200 462 intra
1232 422 1335 462 duos
1372 434 1538 460 menses

180 489 390 530 mitterent
410 487 462 528 ad
488 502 532 528 se
558 487 600 526 in
614 486 897 527 Thessaliam:
924 500 976 526 ne
1001 485 1102 540 ipsis
1126 484 1292 538 quidem
1318 483 1540 523 honestum

182 566 274 592 esse
300 550 341 590 in
367 550 541 590 liberata
567 556 675 589 terra
699 548 940 589 liberatores
967 547 1054 588 eius
1082 547 1249 587 servire.
1298 560 1442 586 01111105
1470 544 1541 584 ad-

182 613 431 660 clamarunt,
470 610 626 666 gratias
660 625 704 651 se
737 610 843 650 inter
881 618 1018 650 cetera
1048 609 1173 649 ctiam
1204 608 1257 648 ob
1287 606 1366 647 1100
1404 621 1540 660 agere,

183 675 295 728 quod
332 673 532 714 admoniti
565 679 724 721 essent,
763 679 809 711 ut
838 680 924 713 tam
955 671 1023 726 pio
1055 685 1104 711 30
1135 669 1371 710 necessario
1404 667 1542 708 officio

184 738 469 790 fungerentur.
530 734 678 788 ingens
711 749 907 774 numerus
942 740 1030 773 erat
1064 732 1173 773 bello
1203 730 1364 772 Punico
1402 739 1544 784 capto-

184 814 295 847 rum,
323 813 425 851 quos
455 797 688 845 Hannibal,
716 811 810 836 curn
837 797 888 836 ab
915 796 1000 836 suis
1026 810 1111 835 non
1135 793 1447 840 redimerentur,
1474 806 1544 831 ve·-

185 876 285 900 num
311 860 493 900 dederat.
546 858 820 899 multitudinis
847 872 989 898 eorum
1015 862 1306 910 argumentum
1331 862 1406 902 est,
1434 853 1544 906 quod

184 922 387 976 Polybius
420 920 580 970 scribit,
621 928 786 960 centum
818 919 982 959 talentis
1016 933 1108 958 eam
1137 933 1226 957 rem
1251 915 1436 956 Achaeis
1463 922 1545 954 ste-

186 984 307 1032 tisse,
347 998 440 1023 cum
471 982 703 1035 quingenos
737 980 928 1021 denarios
964 979 1144 1035 pretium
1175 979 1217 1018 111
1248 977 1403 1031 capita,
1436 976 1547 1030 quod

187 1046 428 1086 redderetur
454 1044 644 1092 dominis,
678 1042 935 1083 statuissent.
994 1041 1106 1081 mille
1134 1041 1244 1081 enim
1270 1040 1470 1079 ducentos
1497 1054 1546 1078 ea

187 1108 345 1148 ratione
370 1106 533 1146 Achaia
564 1105 720 1145 habuit.
789 1104 905 1144 adice
942 1117 1053 1142 nunc
1088 1118 1163 1157 pro
1201 1101 1408 1156 portione,
1446 1108 1547 1153 quot

189 1168 411 1210 verisimile
439 1168 492 1207 sit
517 1166 740 1208 Graeciam
764 1173 894 1206 totam
921 1164 1132 1205 habuisse.

273 1231 470 1271 Nondum
513 1238 740 1269 conventus
786 1227 983 1267 dimissus
1028 1233 1134 1276 erat,
1185 1239 1279 1265 011111
1321 1222 1549 1278 respiciunt

189 1292 441 1348 praesidium
468 1291 520 1331 ab
546 1290 851 1332 Acrocorintho
877 1289 1135 1330 descendens
1162 1287 1349 1343 protinus
1377 1285 1472 1326 duci
1497 1285 1550 1325 ad

190 1363 350 1410 portam
383 1362 504 1406 atque
537 1354 663 1393 abire.
736 1367 911 1406 quorum
944 1366 1095 1406 agmen
1128 1350 1351 1405 imperator
1383 1356 1548 1388 secutus

190 1416 536 1472 prosequentibus
564 1415 736 1463 cunctis,
765 1422 1020 1455 servatorem
1044 1413 1390 1464 liberatoremque
1411 1410 1550 1450 adcla-

191 1479 420 1526 mantibus,
460 1478 649 1518 salutatis
682 1477 948 1529 dimissisque
974 1476 1023 1515 iis
1051 1475 1216 1523 eadem,
1254 1488 1336 1526 qua
1367 1480 1549 1519 venerat,

192 1540 259 1581 via
285 1539 466 1579 Elatiam
492 1539 624 1579 rediit.
686 1538 782 1579 inde
809 1553 903 1578 011111
929 1537 1121 1578 omnibus
1154 1535 1283 1590 copiis
1310 1535 1395 1588 Ap.
1424 1532 1550 1574 Clau-

195 1602 308 1641 dium
346 1601 530 1654 legatum
568 1600 748 1640 dimittit.
809 1615 882 1654 per
914 1598 1180 1641 Thessaliam
1215 1604 1338 1649 atque
1375 1594 1552 1649 Epirum

195 1665 344 1704 ducere
371 1664 545 1704 Oricum
570 1663 683 1702 iubet.
709 1670 831 1714 atquc
858 1676 902 1701 50
933 1660 991 1701 ibi
1016 1659 1215 1714 opperiri:
1252 1658 1348 1698 inde
1374 1670 1551 1708 namque

194 1726 235 1766 in
263 1725 398 1765 animo
426 1740 518 1765 esse
545 1724 769 1764 exercitum
795 1723 836 1762 in
861 1722 1026 1762 Italiam
1052 1721 1237 1761 traicere.
1287 1728 1327 1759 et
1351 1719 1404 1758 L.
1421 1717 1554 1768 Quin-

197 1788 276 1828 ctio
303 1787 431 1835 fratri,
458 1787 595 1840 legato
616 1794 655 1826 et
680 1785 890 1839 praefecto
913 1783 1072 1832 classis,
1101 1782 1255 1831 scribit,
1280 1788 1325 1821 ut
1346 1779 1553 1821 onerarias

197 1866 248 1890 ex
274 1849 386 1890 omni
413 1848 615 1890 Graeciae
641 1863 713 1888 ora
738 1848 885 1888 eodem
910 1846 1183 1887 contraheret.

281 1912 357 1951 LI.
407 1912 505 1966 Ipse
533 1910 776 1952 Chalcidem
802 1909 1026 1964 profectus,
1054 1906 1242 1948 deductis
1268 1920 1351 1946 non
1376 1920 1400 1944 a
1427 1903 1554 1945 Chal-

197 1973 286 2014 cide
314 1974 467 2022 solum,
507 1974 582 2013 sed
607 1973 731 2013 etiam
758 1973 809 2013 ab
838 1971 952 2012 Oreo
979 1978 1101 2023 atque
1126 1968 1292 2010 Eretria
1322 1966 1553 2021 praesidiis,

197 2044 446 2076 conventum
471 2035 529 2076 ibi
552 2035 837 2076 Euboicarum
864 2034 1007 2074 habuit
1033 2032 1273 2078 civitatium,
1301 2028 1555 2070 admonitos-

197 2112 296 2151 que,
334 2098 375 2138 in
407 2113 487 2151 quo
521 2106 630 2138 statu
662 2112 800 2137 rerum
832 2096 1065 2150 accepisset
1090 2109 1160 2135 eos
1188 2101 1228 2133 et
1259 2093 1300 2132 in
1326 2107 1406 2145 quo
1432 2091 1556 2131 relin-

199 2168 359 2212 queret,
394 2160 560 2200 dimisit.
620 2159 935 2200 Demetriadem
967 2158 1063 2197 inde
1095 2154 1388 2211 proficiscitur-3
1427 2153 1556 2193 (ledu-

200 2229 346 2273 etoque
382 2222 610 2275 praesidio,
648 2220 996 2275 prosequentibus
1034 2217 1193 2258 cunctis
1227 2216 1333 2257 sicut
1365 2214 1557 2256 Corinthi

200 2290 239 2322 et
267 2283 479 2331 Chalcide,
506 2283 641 2337 pergit
667 2282 724 2322 ire
750 2282 791 2321 in
812 2281 1089 2328 Thessaliam,
1116 2279 1186 2320 ubi
1211 2294 1295 2319 non
1320 2276 1556 2317 liberandae

200 2345 321 2385 modo
348 2345 535 2384 civitates
569 2352 704 2391 erant,
738 2344 813 2383 sed
845 2358 897 2383 cx
927 2342 1039 2383 0111111
1071 2340 1316 2381 conluvione
1342 2346 1382 2379 et
1413 2338 1559 2379 confu-

201 2407 315 2447 sione
354 2407 395 2446 in
432 2407 612 2459 aliquam
649 2405 904 2446 tolerabilem
943 2404 1120 2444 formam
1156 2401 1420 2456 redigendae.
1481 2413 1557 2440 nec

200 2469 309 2508 enim
331 2477 563 2522 temporum
582 2468 704 2508 modo
721 2467 828 2507 vitiis
844 2481 892 2506 ac
907 2465 1102 2506 violentia
1117 2464 1231 2519 regia
1253 2462 1406 2503 turbati
1427 2469 1556 2510 erant,

201 2531 275 2571 sed
299 2531 483 2583 inquieto
515 2530 639 2571 etiam
670 2529 837 2583 ingenio
869 2528 1026 2582 gentis,
1063 2541 1140 2567 nec
1165 2525 1330 2566 comitia
1359 2538 1436 2564 1100
1462 2538 1558 2564 con-

202 2601 370 2633 ventum
400 2606 477 2633 nec
512 2592 729 2633 concilium
763 2590 889 2630 ullum
924 2605 1007 2630 non
1039 2604 1113 2643 per
1146 2586 1392 2629 seditionem
1416 2599 1464 2626 30
1495 2592 1558 2625 111-

1573 1047 1588 1074 *1

1575 1357 1592 1385 ⁴.)

1580 1545 1620 1574 10

1583 1668 1617 1696 11

1584 1917 1597 1945 1

1580 2041 1597 2059 ⁸)

1583 2165 1600 2193 3

1583 2289 1601 2317 4

1583 2411 1601 2440 5
