1799 2900
523 510 833 562 [PERIOCHA
864 513 1016 551 LIBRI
1046 511 1264 562 xxxvi]

284 618 443 664 [Acilius
461 620 618 655 Glabrio
635 623 767 654 consul
782 621 1010 656 Antiochum
1026 622 1073 656 ad
1089 620 1377 665 ThermopylaS,
1398 618 1570 664 Philippo

213 683 302 716 rege
318 672 530 715 adiuvante,
558 672 697 706 victum
714 673 876 707 Graecia
890 673 1032 717 expulit
1046 673 1218 717 idemque
1234 672 1393 705 Aetolos
1410 670 1570 714 subegit.

214 723 254 756 P.
269 722 467 756 Cornelius
484 722 608 766 Scipio
625 723 763 757 Nasica
779 724 910 757 consul
927 724 1055 758 aedem
1078 723 1203 757 matris
1220 720 1340 765 deum,
1369 733 1478 766 quani
1493 721 1571 765 ipse

214 773 250 806 in
276 772 464 807 Palatium
490 773 668 807 intulerat
693 773 748 807 vir
774 774 934 818 optimus
955 785 977 807 a
998 778 1130 807 senatu
1155 773 1356 814 iudicatus,
1385 770 1574 805 dedicavit

214 824 517 867 idemque'Boios
534 824 665 858 Gallos
681 825 800 858 victos
815 826 852 858 in
868 825 1096 858 deditionem
1113 824 1260 867 accepit
1275 828 1312 857 et
1326 823 1370 856 de
1386 822 1430 855 iis
1444 821 1573 855 trium-

214 874 355 918 phavit.
382 879 579 919 praetcrea
593 876 741 909 navalia
755 876 956 910 certamina
971 886 1153 919 prospera
1167 875 1346 909 adversus
1361 872 1574 918 praefectos

215 925 391 958 Antiochi
405 925 504 969 regis
518 925 760 968 referuntur]

703 1197 875 1249 TITI
908 1197 1086 1249 LIVI

543 1299 627 1337 AB
681 1301 861 1338 VRBE
919 1300 1240 1340 CONDITA

692 1425 860 1462 LIBER
890 1424 1092 1462 XXXVI.

302 1512 336 1553 I.
373 1512 423 1552 P.
448 1511 690 1553 Cornelium
713 1512 792 1553 Cn.
814 1513 945 1552 filium
969 1511 1207 1566 Scipionem
1229 1516 1275 1551 ''et
1293 1510 1370 1551 M’.
1391 1510 1577 1551 Acilium

220 1574 490 1615 Glabrionem
517 1575 709 1615 consules
741 1575 842 1615 inito
874 1574 1120 1628 magistratu
1145 1582 1304 1627 patres,
1336 1573 1578 1627 priusquam

220 1636 270 1676 de
295 1636 517 1690 provinciis
555 1642 745 1690 agerent,
782 1651 848 1675 res
882 1635 1042 1675 divinas
1077 1636 1214 1675 facere
1246 1634 1471 1674 maioribus
1504 1633 1578 1674 ho-

220 1698 309 1738 stiis
341 1697 551 1738 iusserunt
581 1697 621 1736 in
648 1697 839 1738 omnibus
865 1697 992 1744 fanis,
1024 1696 1067 1736 in
1098 1697 1248 1749 quibus
1281 1695 1579 1736 lectisternium

220 1760 416 1800 maiorem
442 1768 602 1814 partem
630 1759 725 1799 anni
750 1759 839 1799 fieri
865 1759 987 1806 solet,
1024 1758 1284 1812 precarique,
1323 1757 1435 1810 quod
1460 1772 1580 1797 sena-

220 1830 285 1862 tus
314 1821 364 1861 de
389 1836 498 1861 novo
517 1821 625 1861 bello
646 1821 687 1861 in
708 1821 845 1861 animo
872 1821 1055 1868 haberet,
1082 1828 1127 1860 ut
1152 1834 1201 1859 ea
1226 1834 1291 1859 res
1319 1819 1481 1859 senatui
1506 1834 1580 1873 po-

219 1883 400 1938 puloque
420 1883 611 1923 Romano
639 1884 744 1923 bene
771 1890 894 1935 atque
920 1881 1095 1922 feliciter
1121 1880 1318 1921 eveniret.
1368 1895 1417 1920 ea
1441 1880 1580 1921 onmia

221 1944 423 1985 sacrificia
452 1945 562 1985 laeta
588 1945 773 1993 fuerunt,
805 1944 1032 1999 primisque
1063 1943 1210 1984 hostiis
1242 1942 1478 1996 perlitatum
1504 1949 1578 1989 est,

222 2015 262 2048 et
286 2007 343 2046 ita
375 2007 616 2061 haruspices
649 2007 971 2061 responderunt,
1006 2021 1054 2046 eo
1080 2005 1189 2046 bello
1216 2004 1411 2044 terminos
1437 2003 1580 2058 populi

221 2069 401 2110 Romani
426 2069 661 2123 propagari,
689 2068 904 2108 victoriam
929 2082 978 2108 ac
1002 2067 1258 2120 triumphum
1284 2066 1459 2106 ostendi.

306 2133 427 2171 Haec
452 2145 545 2171 cum
575 2130 811 2171 renuntiata
835 2138 994 2177 essent,
1029 2129 1173 2169 solutis
1205 2128 1405 2182 religione
1432 2127 1578 2168 animis

222 2200 361 2247 patres
386 2192 644 2247 rogationem
670 2192 724 2231 ad
748 2192 947 2246 populum
973 2190 1070 2231 ferri
1095 2190 1316 2238 iusserunt,
1343 2189 1496 2229 vellent
1519 2189 1581 2229 iu-

223 2255 420 2294 berentne
454 2268 545 2293 cum
577 2254 789 2294 Antiocho
826 2268 924 2307 rege
956 2252 1108 2305 quique
1140 2251 1227 2292 cius
1261 2259 1418 2292 sectam
1450 2251 1580 2291 secuti

224 2324 377 2363 essent,
404 2315 558 2356 bellum
583 2315 700 2355 iniri?
739 2315 774 2355 si
805 2330 854 2355 ea
884 2315 1043 2369 perlata
1068 2314 1229 2368 rogatio
1256 2320 1384 2362 esset,
1412 2320 1518 2361 tum,
1546 2312 1580 2353 si

224 2379 281 2418 ita
306 2377 514 2417 videretur
539 2377 791 2426 consulibus,
816 2392 903 2417 rem
929 2377 1133 2430 integram
1159 2376 1211 2415 ad
1238 2383 1427 2415 senatum
1452 2375 1580 2415 refer-

224 2447 326 2480 rent.
364 2440 414 2480 P.
431 2438 650 2480 Cornelius
677 2454 768 2479 eam
793 2438 1052 2493 rogationem
1078 2438 1257 2492 pertulit.
1296 2446 1384 2477 tum
1410 2444 1578 2477 senatus

225 2502 419 2551 decrevit,
446 2510 491 2543 ut
515 2502 707 2543 consules
727 2502 891 2542 Italiam
918 2508 958 2541 et
985 2500 1206 2542 Graeciam
1230 2499 1464 2554 provincias
1492 2514 1580 2540 sor-

226 2565 416 2606 tirentur:
444 2565 508 2606 cui
537 2564 715 2606 Graecia
739 2564 959 2611 evenisset,
986 2570 1031 2603 ut
1055 2570 1217 2618 praeter
1242 2578 1336 2603 cum
1361 2576 1578 2602 numerum

1604 1648 1622 1676 [ὑ
