1799 2900
394 96 548 131 LIBER
572 95 815 141 XXXVHH,
844 97 971 131 10.11.
999 99 1047 140 [a.
1062 96 1101 133 c.
1116 97 1197 140 186]
1391 86 1471 128 381

120 199 432 254 quaerentique,
473 199 571 252 quid
601 200 660 240 rei
691 207 819 249 esset,
857 214 1002 254 pacem
1033 200 1278 253 veniamque
1308 206 1474 254 precata

119 263 290 302 deorum
315 261 586 314 dearumque,
625 262 659 301 si
686 272 827 302 coacta
852 262 1020 302 caritate
1046 263 1133 302 eius
1161 262 1319 302 silenda
1345 277 1472 302 enun-

119 323 282 372 tiasset,
320 323 511 363 ancillam
549 338 592 363 sc
630 324 686 364 ait
723 324 912 364 dominae
951 324 1142 364 comitem
1179 324 1221 363 id
1252 325 1475 364 sacrarium

119 385 314 433 intrasse,
340 384 512 425 liberam
537 400 761 437 numquam
790 400 837 425 eo
864 386 1109 425 accessisse:
1137 386 1240 426 scire
1267 394 1475 440 corrupte-

119 447 252 487 larum
277 447 409 487 omnis
436 447 599 501 generis
627 462 717 487 eam
750 447 958 487 officinam
989 462 1099 495 esse,
1139 454 1179 487 et
1203 447 1284 487 iam
1310 447 1474 487 biennio

121 516 309 549 constare
334 509 540 549 neminem
566 508 769 549 initiatum
793 509 850 548 ibi
875 509 1071 549 maiorem
1098 509 1215 549 annis
1238 509 1394 563 viginti.
1431 515 1476 547 ut

120 569 294 623 quisque
314 570 572 611 introductus
596 570 666 618 sit,
692 571 806 611 velut
824 570 1032 610 victimam
1054 571 1159 610 tradi
1180 570 1474 610 sacerdotibus.

123 646 192 672 eos
219 631 422 671 deducere
447 631 489 671 in
514 632 651 672 locum
681 632 750 684 qui
781 632 1054 672 circumsonet
1079 632 1302 671 ululatibus
1333 639 1476 671 cantu-

122 706 201 744 que
227 692 498 746 symphoniae
518 700 558 733 et
577 693 859 746 cymbalorum
885 700 925 733 et
949 700 1240 746 tympanorum
1264 693 1399 746 pulsu,
1425 707 1476 732 ne

124 767 203 794 vox
229 753 480 806 quiritantis,
508 769 601 794 cum
627 770 700 809 per
727 754 809 794 vim
835 762 1022 808 stuprum
1047 754 1265 802 inferatur,
1292 753 1476 794 exaudiri

121 815 266 870 possit.
316 831 432 857 orare
458 817 552 857 inde
579 824 700 870 atquc
727 817 956 865 obsecrare,
982 824 1027 856 ut
1052 831 1142 857 eam
1167 831 1254 856 rem
1280 830 1476 868 quocum-

123 891 201 930 que
226 877 350 918 modo
375 877 616 926 discuteret,
653 892 729 918 nec
756 893 800 919 se
826 893 874 918 eo
899 878 1206 932 praecipitaret,
1243 877 1315 917 ubi
1339 877 1477 917 onmia

122 937 293 979 infanda
317 939 512 993 patienda
536 940 726 994 primum,
755 940 902 980 deinde
927 939 1117 980 facienda
1143 946 1295 979 essent.
1343 953 1476 990 neque

124 1007 217 1040 ante
256 1000 411 1041 dimisit
447 1016 540 1041 eum
578 1016 701 1054 quam
738 1002 863 1042 fidem
901 1002 1013 1042 dedit
1049 1001 1292 1041 adulescens
1324 1001 1376 1040 ab
1413 1001 1476 1040 his

124 1061 252 1102 sacris
280 1077 324 1102 se
350 1069 685 1116 temperaturum.

206 1123 290 1164 XI.
342 1124 573 1177 Postquam
610 1125 777 1164 domum
814 1125 944 1173 venit,
982 1133 1022 1165 et
1058 1132 1189 1164 mater
1226 1123 1477 1164 mentionem

122 1185 277 1233 intulit,
315 1185 414 1238 quid
439 1200 487 1226 eo
514 1186 597 1234 die,
636 1186 734 1238 quid
760 1186 954 1240 deinceps
981 1185 1126 1226 ceteris
1154 1200 1257 1238 quae
1284 1185 1337 1224 ad
1362 1199 1479 1224 sacra

122 1246 373 1301 pertinerent
409 1247 644 1287 faciendum
682 1255 811 1296 esset,
848 1254 975 1301 negat
1011 1262 1153 1288 eorum
1184 1262 1228 1287 se
1259 1246 1479 1299 quicquam

123 1308 328 1348 facturum
352 1322 427 1348 nec
452 1308 603 1348 initiari
628 1309 706 1349 sibi
732 1309 773 1349 in
799 1309 935 1349 animo
960 1323 1066 1350 esse.
1127 1309 1269 1348 aderat
1300 1307 1478 1348 sermoni

123 1370 305 1412 vitricus.
366 1371 585 1412 confestim
608 1371 756 1412 mulier
781 1371 1003 1420 exclamat,
1031 1370 1233 1425 Hispalae
1259 1369 1479 1411 concubitu

125 1446 263 1472 carere
289 1447 383 1472 eum
413 1433 556 1473 decem
586 1441 728 1474 noctes
760 1449 842 1474 non
873 1449 1016 1487 posse,
1053 1433 1161 1473 illius
1194 1440 1383 1474 excetrae
1409 1433 1479 1472 de-

124 1493 357 1534 lenimentis
395 1501 435 1533 et
472 1495 641 1535 venenis
678 1495 882 1535 imbutum
913 1509 990 1535 nec
1019 1494 1202 1549 parentis
1234 1508 1310 1534 nec
1347 1492 1480 1533 vitrici

125 1569 202 1595 nec
228 1554 399 1595 deorum
425 1556 717 1596 verecundiam
743 1556 908 1596 habere.
968 1556 1180 1609 iurgantes
1214 1555 1309 1595 hinc
1334 1562 1476 1603 mater,

126 1616 222 1656 hinc
247 1616 415 1657 vitricus
449 1631 542 1657 cum
574 1624 767 1670 quattuor
797 1632 892 1657 eum
923 1617 1053 1658 servis
1088 1618 1209 1657 domo
1236 1623 1477 1670 exegerunt.

127 1678 370 1719 adulescens
395 1678 490 1719 inde
517 1679 568 1719 ad
588 1679 813 1720 Aebutiam
839 1694 883 1720 se
904 1679 1072 1719 amitam
1095 1679 1267 1720 contulit
1291 1693 1478 1719 causam-

126 1753 205 1793 que
232 1739 268 1780 ei
294 1755 365 1780 cur
390 1748 502 1781 esset
527 1757 550 1781 a
575 1749 706 1781 matre
733 1741 887 1781 eiectus
913 1741 1112 1789 narravit,
1145 1740 1292 1780 deinde
1323 1754 1375 1780 ex
1407 1753 1479 1780 au-

127 1801 314 1843 ctoritate
340 1802 427 1843 eius
452 1811 618 1856 postero
644 1803 709 1843 die
728 1803 781 1843 ad
801 1803 1013 1844 consulem
1032 1802 1295 1843 Postumium
1315 1800 1477 1842 arbitris

126 1865 294 1906 remotis
320 1880 408 1905 rem
434 1865 593 1905 detulit.
654 1865 799 1905 consul
823 1871 919 1919 post
945 1864 1054 1904 diem
1080 1864 1244 1904 tertium
1268 1863 1400 1903 redire
1427 1862 1478 1902 ad

129 1941 173 1967 se
202 1926 362 1967 iussum
395 1926 568 1975 dimisit,
603 1927 694 1981 ipse
721 1925 949 1981 Sulpiciam
974 1941 1145 1981 gravem
1176 1925 1385 1973 feminam,
1414 1940 1479 1965 so-

129 2002 242 2029 crum
268 2003 398 2038 suam,
424 1998 716 2042 percunctatus
743 1996 818 2038 est,
846 2003 1019 2042 ecquam
1045 2004 1170 2028 anum
1183 1987 1409 2028 Aebutiam
1429 2001 1478 2026 ex

128 2049 340 2090 Aventino
360 2057 518 2091 nosset:
554 2065 645 2090 cum
666 2066 757 2091 eam
776 2065 900 2091 nosse
921 2050 1093 2105 probam
1114 2058 1154 2090 et
1179 2048 1334 2101 antiqui
1354 2047 1478 2087 moris

130 2111 326 2152 feminam
338 2112 637 2166 respondisset,
653 2127 756 2167 opus
773 2127 865 2153 esse
881 2112 959 2153 sibi
972 2127 1021 2152 ea
1036 2120 1239 2152 conventa
1254 2110 1372 2150 dixit:
1387 2109 1480 2148 mit-

131 2180 234 2214 teret
252 2173 441 2213 nuntium
460 2173 511 2213 ad
525 2188 628 2222 eam,
650 2182 694 2213 ut
714 2174 882 2215 veniret.
920 2174 1104 2214 Aebutia
1124 2173 1258 2214 adcita
1273 2172 1325 2212 ad
1340 2171 1479 2224 Sulpi-

131 2234 237 2275 ciam
257 2236 380 2283 venit,
407 2242 447 2275 et
466 2235 611 2276 consul
631 2235 754 2289 paulo
778 2242 885 2289 post,
911 2235 1022 2275 velut
1047 2236 1152 2275 forte
1176 2232 1479 2280 intervenisset,

132 2311 364 2337 sermonem
384 2296 434 2337 de
448 2297 630 2338 Aebutio
650 2297 787 2337 fratris
808 2297 895 2337 eius
914 2296 998 2337 filio
1019 2296 1154 2336 infert.
1180 2295 1372 2335 lacrimae
1392 2309 1479 2333 mu-

131 2358 219 2399 lieri
232 2359 414 2407 obortae,
434 2366 475 2399 et
487 2359 672 2399 miserari
693 2373 833 2398 casum
848 2358 1123 2398 adulescentis
1139 2357 1285 2411 coepit,
1303 2355 1370 2408 qui
1385 2370 1480 2410 spo—

131 2420 251 2460 liatus
270 2420 444 2460 fortunis
459 2435 484 2461 a
497 2420 644 2473 quibus
661 2419 827 2460 minime
842 2426 1049 2473 oporteret
1061 2419 1172 2473 apud
1187 2434 1230 2459 se
1246 2426 1342 2458 tunc
1355 2423 1479 2466 esset,

131 2481 285 2523 eiectus
306 2497 330 2522 a
349 2490 492 2531 matre,
519 2482 630 2535 quod
648 2482 802 2536 probus
823 2481 1067 2521 adulescens
1081 2504 1136 2509 —-
1156 2480 1211 2520 dii
1231 2478 1395 2534 propitii
1415 2492 1480 2519 es-

131 2552 221 2584 sent
245 2566 302 2571 -—-
326 2543 536 2592 obscenis,
562 2551 607 2584 ut
631 2544 744 2584 fama
775 2550 898 2591 esset,
926 2542 1052 2583 sacris
1080 2541 1229 2582 initiari
1255 2541 1393 2581 nollet.

1507 1137 1515 1164 1

1504 1320 1522 1348 ¹0
