1799 2900
431 123 585 157 Lmen
609 122 819 166 xxxnn,
846 106 990 156 :ze-‘ce
1019 125 1066 166 [a.
1082 121 1216 165 e.193]
1429 112 1503 152 171

149 227 297 285 pudori
335 226 400 268 sit.
472 226 525 266 ad
561 225 664 266 haee
702 225 924 277 Quinctius
963 225 1335 278 ‘quandoquidem’
1373 224 1505 277 inquit
1531 237 1550 266 8

151 291 345 332 ‘honesta
375 303 622 344 pensamus,
661 287 767 330 sicut
799 295 868 328 aut
902 288 990 328 sola
1015 295 1085 328 aut
1114 288 1247 342 prima
1273 295 1381 328 certe
1406 302 1508 341 pen-

151 353 233 394 sari
264 353 382 393 decet
418 351 594 406 principi
627 350 737 392 orbis
771 358 972 391 terrarum
1002 351 1156 405 populo
1188 358 1228 391 et
1259 358 1372 391 tanto
1404 349 1505 404 regi,

149 406 473 455 uti-mutandam
496 413 656 453 videtur
677 412 902 461 honestius,
930 413 1080 453 liberas
1102 413 1206 453 velle
1227 412 1373 461 omnis,
1401 426 1505 465 quae
1533 425 1550 453 9

150 476 302 529 ubique
326 482 433 524 sunt,
456 474 659 516 Graeciae
679 475 792 515 urbis
813 490 866 514 an
886 490 1027 515 servas
1050 482 1090 515 et
1110 474 1324 529 vectigalis
1345 475 1507 514 facere?

151 539 186 579 si
211 539 291 579 sibi
304 537 539 578 Antiochus
566 537 785 591 pulchrum
811 552 903 578 csse
930 544 1083 585 censet,
1110 552 1211 590 quas
1238 537 1361 577 urbes
1386 551 1508 591 proa-
1536 550 1575 580 10

150 616 226 642 vus
254 600 352 640 belli
382 599 469 640 iure
501 599 710 648 habuerit,
750 614 851 639 avus
882 611 1081 653 paterque
1112 614 1309 652 umquam
1333 614 1507 653 usurpa-

151 662 285 703 verint
314 677 389 716 pro
423 661 527 710 suis,
567 676 636 701 eas
668 671 855 716 repetere
887 662 928 701 in
960 661 1219 710 servitutem,
1258 669 1299 701 etv
1328 661 1505 716 populus
1537 674 1573 703 11

149 725 365 765 Romanus
383 731 621 778 susceptum
637 723 911 778 patrocinium
932 723 1132 764 libertatis
1149 723 1405 764 Graecorum
1425 738 1507 763 non

152 787 343 827 deserere
379 786 476 826 fidei
514 785 852 838 constantiaeque
891 801 990 826 suae
1028 786 1141 826 ducit
1177 800 1282 826 esse.
1344 785 1449 825 sieut
1485 799 1508 824 a
1536 798 1575 827 12

150 848 346 902 Philippo
375 847 593 889 Graeciam
620 848 828 896 liberavit,
855 847 912 888 ita
943 856 981 888 et
1008 848 1059 888 ab
1084 848 1295 888 Antiocho
1323 846 1506 888 Graecas

151 910 282 950 Asiae
320 910 442 949 urbes
480 910 654 950 liberare
692 910 733 949 in
771 910 908 950 animo
945 909 1082 950 habet.
1149 924 1283 962 neque
1321 909 1431 949 enim
1466 909 1508 949 in
1537 923 1575 951 13

151 972 372 1012 Aeolidem
387 971 631 1024 Ioniamque
646 971 830 1012 coloniae
851 972 892 1010 in
914 971 1155 1011 servitutem
1176 971 1335 1024 regiam
1356 971 1508 1011 missae

154 1042 267 1082 sunt,
295 1034 369 1074 sed
395 1033 534 1088 stirpis
562 1033 778 1087 augendae
805 1047 932 1073 eausa
956 1032 1175 1086 gentisque
1202 1033 1508 1073 vetustissimae

151 1111 225 1150 per
251 1095 392 1135 orbem
419 1102 620 1135 terrarum
646 1094 969 1148 propagandae.’

236 1156 427 1198 LVHH.
489 1155 598 1196 Cum
642 1156 867 1196 haesitaret
909 1156 1182 1209 Hegesianax
1225 1170 1301 1196 nec
1343 1156 1510 1196 infitiari
1539 1171 1549 1198 1

152 1226 312 1273 posset,
362 1217 643 1258 honestiorem
686 1231 855 1257 causam
892 1217 1092 1258 libertatis
1132 1231 1255 1270 quam
1300 1218 1508 1258 servitutis

151 1279 337 1334 praetexi
368 1279 500 1327 titulo,
534 1279 652 1332 ‘quin
677 1279 878 1319 mittimus
905 1279 1147 1334 ambages?
1181 1279 1313 1332 inquit
1337 1280 1387 1320 P.
1416 1278 1512 1319 Sul-

151 1342 298 1396 picius,
325 1341 395 1394 qui
420 1342 625 1382 maximus
652 1350 752 1382 natu
774 1357 825 1383 ex
845 1342 990 1382 decem
1015 1342 1164 1397 legatis
1192 1353 1292 1391 erat,
1320 1342 1510 1383 ‘alteram
1537 1356 1554 1383 2

153 1418 204 1444 ex
230 1404 390 1443 duabus
424 1404 756 1453 condicionibus,
797 1419 903 1457 quae
935 1405 1058 1445 modo
1085 1404 1237 1444 diserte
1265 1420 1288 1444 a
1314 1405 1511 1456 Quinctio

152 1465 260 1505 latae
287 1474 395 1513 sunt,
422 1465 546 1519 legite
573 1474 644 1505 aut
670 1467 938 1521 supersedete
959 1467 1009 1506 de
1030 1466 1208 1506 amicitia
1230 1466 1380 1520 agere?
1415 1471 1508 1507 ‘nos
1538 1479 1555 1506 :3

155 1527 268 1567 vero’
297 1527 430 1579 inquit
453 1527 681 1582 BIenippus
710 1533 804 1568 ‘nec
830 1528 1020 1569 volumus
1046 1543 1122 1568 nee
1147 1543 1370 1582 possumus
1396 1529 1510 1583 paci-

156 1589 214 1629 sci
241 1589 473 1641 quicquam,
503 1604 583 1642 quo
609 1605 785 1643 regnum
810 1590 1010 1631 Antiochi
1036 1590 1271 1630 minuatur.'

240 1651 417 1691 Postero
450 1651 514 1691 die
542 1651 763 1702 Quinctius
796 1652 1026 1706 legationes
1059 1652 1274 1692 universas
1308 1651 1510 1692 Graeciae
1537 1664 1556 1692 4

155 1713 369 1765 Asiaeque
396 1727 489 1753 cum
515 1713 557 1752 in
578 1722 769 1753 senatum
794 1713 1111 1761 introduxisset,
1138 1721 1182 1753 ut
1208 1714 1372 1762 scirent,
1401 1714 1512 1766 quali

156 1776 293 1815 animo
324 1776 502 1830 populus
528 1776 764 1824 Romanus,
798 1776 908 1829 quali
933 1776 1167 1816 Antiochus
1200 1791 1299 1830 erga
1325 1776 1512 1817 civitates

158 1836 360 1877 Graeciae
392 1846 549 1886 essent,
587 1838 796 1892 postulata
828 1846 866 1878 et
899 1839 1009 1892 regis
1037 1845 1075 1878 et
1101 1853 1176 1878 sua
1201 1838 1411 1892 exposuit:
1450 1853 1514 1878 re-
1539 1850 1557 1877 ῡ

156 1898 393 1939 nuntiarent
419 1899 654 1939 civitatibus
682 1900 788 1948 suis,
821 1900 1021 1954 populum
1046 1900 1301 1948 Romanum,
1328 1913 1409 1952 qua
1434 1899 1516 1939 vir-

157 1969 241 2001 tute
268 1975 430 2014 quaque
456 1962 536 2001 fide
561 1962 793 2002 libertatem
814 1976 955 2002 corum
979 1962 1209 2016 aPhilippo
1231 1961 1513 2010 vindicaverit,

157 2023 303 2063 eadem
329 2024 380 2064 ab
406 2023 639 2072 Antiocho,
666 2024 745 2064 nisi
772 2024 944 2064 decedat
969 2025 1160 2078 Europa,
1195 2023 1513 2064 vindicaturum.

158 2094 244 2124 tum
269 2085 496 2139 BIenippus
529 2086 741 2140 deprecari
772 2093 812 2126 et
839 2085 1079 2137 Quinctium
1112 2094 1152 2126 et
1182 2093 1320 2140 patres
1353 2085 1513 2134 institit,
1541 2096 1558 2124 6

157 2161 208 2185 ne
245 2146 490 2186 festinarent
527 2147 766 2197 decernere,
812 2162 892 2200 quo
930 2148 1094 2188 decreto
1133 2147 1336 2188 turbaturi
1372 2148 1514 2188 orbem

159 2214 359 2247 terrarum
386 2216 546 2249 essent:
580 2216 742 2263 tempus
775 2220 815 2250 et
847 2210 924 2249 sibi
951 2217 1161 2250 sumerent
1187 2218 1227 2250 et
1257 2209 1346 2263 regi
1371 2209 1424 2249 ad
1449 2223 1517 2249 co-

158 2268 375 2322 gitandum
407 2270 564 2311 darent.
626 2271 920 2325 cogitaturum,
959 2286 1051 2310 cum
1082 2271 1341 2311 renuntiatae
1374 2270 1514 2311 condi-
1542 2283 1557 2311 7

159 2331 298 2370 ciones
337 2339 494 2381 essent,
533 2340 573 2372 et
608 2332 923 2386 impetraturum
957 2332 1112 2385 aliquid
1145 2340 1215 2372 aut
1244 2332 1358 2387 pacis
1392 2347 1518 2372 causa

160 2406 467 2434 concessurum.
513 2393 569 2434 ita
594 2394 756 2448 integra
782 2395 908 2434 dilata
932 2409 998 2434 res
1025 2404 1101 2435 est.
1144 2394 1305 2448 legatos
1331 2394 1437 2435 mitti
1462 2393 1515 2434 ad
1540 2406 1559 2436 8

158 2469 301 2508 regem
327 2455 513 2504 eosdem,
541 2456 611 2508 qui
636 2456 931 2510 Lysimachiae
959 2456 1068 2511 apud
1095 2471 1189 2497 eum
1214 2456 1396 2505 fuerant,
1427 2456 1516 2510 pla-

161 2517 255 2565 cuit,
282 2517 331 2557 P.
360 2516 603 2571 Sulpicium,
629 2518 679 2559 P.
706 2518 890 2568 Villium,
916 2519 966 2559 P.
993 2519 1174 2559 Aelium.

246 2578 347 2619 LX.
397 2580 582 2622 Vixdum
619 2580 660 2620 hi
695 2580 870 2636 profecti
907 2588 1041 2630 erant,
1080 2595 1173 2621 eum
1205 2596 1228 2620 a
1260 2578 1554 2634 Carthagine}
