1799 2900
480 105 631 139 LIBER
656 106 863 149 xxxml,
890 107 944 141 53.
965 107 1017 140 54.
1048 109 1096 150 [a.
1113 106 1151 141 C.
1173 107 1250 151 194]
1463 98 1539 138 167

190 209 268 250 1105
295 208 348 260 Q.
375 208 578 257 Naevius,
606 208 668 249 M.
695 208 906 250 Minucius
932 209 1084 259 Rufus,
1110 210 1172 251 M.
1198 209 1350 251 Furius
1379 209 1543 251 Crassi-

189 285 277 325 pes,
304 270 346 309 in
373 269 605 309 Thurinum
632 285 777 324 agrum
803 271 857 311 A.
873 271 1070 320 Manlius,
1098 271 1151 323 Q
1166 271 1327 320 Aelius,
1355 271 1407 311 L.
1424 272 1543 325 Apu-

191 332 307 372 stius.
367 346 416 372 ea
442 331 539 372 bina
565 331 729 373 comitia
757 332 834 373 Cn.
861 333 1071 375 Domitius
1104 341 1268 388 praetor
1293 334 1475 374 urbanus
1502 333 1542 373 in

192 392 398 448 Capitolio
424 393 580 434 habuit.

274 455 417 495 Aedes
457 470 505 496 eo
540 471 647 496 anno
679 456 835 509 aliquot
866 456 1079 497 dedicatae
1111 464 1226 497 sunt:
1263 472 1346 497 una
1370 455 1542 497 Iunonis

190 517 379 557 Matutae
406 517 446 556 in
474 518 563 559 foro
590 518 763 566 olitorio,
792 526 887 559 vota
912 519 1126 572 locataque
1153 519 1422 572 quadriennio
1449 525 1543 558 ante

192 594 216 619 a
242 578 290 619 C.
319 578 515 619 Cornelio
547 580 716 620 consule
750 579 911 621 Gallico
944 581 1070 622 bello:
1109 595 1255 622 censor
1291 580 1401 621 idem
1432 580 1546 620 dedi-

191 640 318 688 cavit3
351 641 480 680 altera
504 641 659 682 Fauni:
694 642 847 682 aediles
880 657 971 682 eam
1002 642 1168 682 biennio
1196 650 1289 682 ante
1316 657 1367 682 ex
1397 642 1546 682 multa-

191 702 286 743 ticio
323 710 495 756 argento
532 703 765 743 faciendam
801 704 983 744 locarant
1023 703 1072 744 C.
1107 703 1349 744 Scribonius
1388 710 1428 744 et
1466 702 1544 744 Cn.

190 763 416 813 Domitius,
445 764 513 816 qui
538 772 703 818 praetor
728 765 909 805 urbanus
937 781 1028 806 eam
1055 765 1272 806 dedicavit.
1334 773 1375 806 et
1400 765 1545 805 aedem

190 825 400 866 Fortunae
425 826 695 880 primigeniae
721 826 762 866 111
790 827 892 867 00116
908 827 1113 878 Quirinali
1138 826 1345 867 dedicavit
1360 826 1412 878 Q.
1429 827 1545 866 Mar-

193 887 280 927 cius
311 888 450 936 Ralla,
490 888 680 928 duumvir
711 889 763 928 ad
793 889 835 928 id
867 889 1003 942 ipsum
1030 896 1213 937 creatus3
1253 896 1423 929 voverat
1454 904 1545 929 eam

193 949 335 989 decem
373 949 490 989 annis
524 957 617 990 ante
648 950 808 990 Punico
846 951 953 990 bello
984 951 1033 990 P.
1069 950 1341 1003 Sempronius
1376 949 1544 1004 Sophus

193 1011 350 1059 consul,
376 1011 582 1051 locaverat
608 1012 717 1051 idem
743 1026 902 1052 censor.
963 1019 1004 1052 et
1029 1011 1069 1051 in
1100 1011 1236 1051 insula
1260 1011 1373 1051 Iovis
1400 1012 1545 1052 aedem

195 1071 243 1112 C.
274 1071 473 1112 Servilius
501 1073 691 1112 duumvir
717 1073 939 1121 dedicavit3
973 1081 1070 1112 vota
1095 1080 1181 1113 erat
1209 1088 1283 1113 sex
1308 1073 1426 1113 annis
1453 1080 1547 1113 ante

194 1133 355 1174 Gallico
382 1134 489 1173 bello
516 1135 567 1173 ab
593 1134 645 1174 L.
660 1134 788 1174 Furio
807 1134 1068 1188 Purpurione
1094 1141 1296 1188 praetore,
1325 1134 1376 1174 ab
1402 1135 1547 1175 eodem

192 1202 339 1249 postea
364 1195 531 1235 consule
555 1195 703 1236 locata.
766 1195 867 1235 haec
893 1210 942 1236 eo
969 1210 1076 1235 anno
1103 1203 1206 1236 acta.

277 1258 424 1297 LIHI.
478 1258 527 1298 P.
569 1256 710 1312 Scipio
748 1273 799 1298 ex
841 1254 1054 1313 provincia
1092 1257 1230 1298 Gallia
1267 1257 1317 1298 ad
1356 1257 1547 1297 consules

194 1319 480 1372 subrogandos
506 1320 639 1360 rediit.
672 1319 837 1360 comitia
858 1320 1075 1360 consulum
1098 1321 1225 1368 fuere,
1253 1319 1401 1372 quibus
1424 1318 1549 1359 creati

194 1390 288 1422 sunt
313 1383 366 1422 L.
396 1380 615 1423 Cornelius
640 1382 807 1423 BIerula
832 1390 872 1423 et
899 1381 952 1434 Q.
977 1381 1189 1422 BIinuffius
1216 1382 1438 1422 Thermus.
1475 1396 1548 1435 po-

194 1452 302 1484 stero
335 1444 399 1484 die
432 1444 557 1484 creati
590 1453 685 1485 sunt
715 1454 926 1499 praetores
959 1445 1012 1485 L.
1042 1443 1263 1485 Cornelius
1292 1442 1452 1497 Scipio,
1485 1444 1547 1483 M.

192 1505 365 1546 Fulvius
399 1506 604 1555 Nobilior,
644 1505 694 1547 C.
722 1506 984 1555 Scribonius,
1022 1506 1085 1546 Μ.
1111 1506 1305 1548 Valerius
1330 1505 1547 1552 BIessalla,

194 1567 248 1607 L.
279 1567 453 1607 Porcius
485 1567 659 1608 Licinus
697 1575 737 1608 et
772 1567 821 1609 C.
853 1568 1097 1608 Flaminius.
1157 1567 1393 1621 RIegalcsia
1428 1567 1547 1606 ludos

196 1629 408 1668 scaenicos
434 1629 489 1668 A.
515 1629 670 1668 Atilius
699 1627 922 1677 Serranus,
949 1630 1002 1669 L.
1032 1628 1274 1669 Scribonius
1300 1627 1410 1667 Libo
1437 1628 1549 1667 aedi-

194 1691 254 1730 les
282 1690 444 1730 curules
471 1691 593 1745 primi
618 1691 817 1731 fecerunt.
867 1691 1014 1731 horum
1040 1690 1234 1730 aedilium
1259 1690 1378 1730 ludos
1394 1690 1549 1730 Roma-

195 1768 270 1792 nos
308 1751 486 1805 primum
526 1759 692 1792 senatus
726 1768 749 1792 a
780 1752 934 1807 populo
972 1762 1154 1792 secretus
1194 1751 1396 1805 spectavit
1430 1766 1549 1805 prae-

197 1813 363 1866 buitque
392 1828 616 1862 sermones,
644 1814 749 1854 sicut.
774 1814 906 1855 omnis
932 1813 1094 1854 novitas
1122 1813 1238 1861 solet,
1267 1812 1355 1852 aliis
1383 1813 1549 1852 tandem

196 1875 306 1927 quod
343 1875 472 1915 multo
506 1883 600 1916 ante
638 1876 825 1916 debuerit
862 1875 1059 1915 tributum
1093 1874 1425 1914 existimantibus
1464 1889 1549 1914 am-

194 1936 382 1991 plissimo
408 1937 559 1985 ordini,
599 1937 687 1977 aliis
716 1938 930 1992 demptum
956 1952 1006 1977 cx
1033 1936 1232 1991 dignitate
1264 1936 1405 1990 populi
1432 1936 1549 1988 quid-

196 1999 294 2051 quid
319 1999 523 2039 maiestati
549 2007 712 2053 patrum
738 2000 942 2040 adiectum
969 2007 1080 2039 esset
1104 1999 1483 2052 interpretantibus,
1511 2006 1551 2038 et

196 2061 334 2101 omnia
361 2061 598 2101 discrimina
625 2062 740 2110 talia,
768 2062 916 2114 quibus
943 2061 1107 2101 ordines
1135 2060 1484 2107 discernerentur,
1511 2067 1552 2100 et

197 2122 439 2163 concordiae
466 2131 506 2162 et
530 2123 729 2163 libertatis
757 2138 911 2175 aequae
937 2122 1184 2162 minuendae
1211 2136 1321 2161 esse:
1355 2122 1407 2161 ad
1433 2121 1550 2174 quin-

197 2184 473 2237 gentesimum
509 2183 935 2239 [quinquagesimum]
973 2192 1163 2224 octavum
1196 2198 1348 2222 annum
1385 2183 1424 2222 in
1457 2197 1552 2237 pro-

197 2245 354 2285 miscuo
382 2253 612 2299 spectatum
645 2262 758 2295 esse3
793 2247 891 2299 quid
922 2252 1091 2299 repente
1124 2245 1297 2293 factum,
1330 2258 1400 2284 cur
1432 2243 1552 2284 inmi-

199 2307 303 2347 sccri
341 2308 418 2348 sibi
455 2308 495 2347 in
533 2323 660 2348 cavea
695 2316 834 2362 patres
872 2308 1038 2362 plebem
1076 2307 1256 2347 nollent?
1327 2320 1398 2345 cur
1434 2305 1549 2345 dives

198 2384 421 2423 pauperem
447 2384 733 2410 consessorem
760 2370 990 2409 fastidiret?
1038 2384 1188 2408 novam
1216 2368 1437 2422 superbam
1462 2367 1552 2407 libi-

198 2432 354 2480 dinem,
394 2432 444 2471 ab
478 2432 628 2471 nullius
656 2439 750 2472 ante
776 2431 912 2485 gentis
940 2438 1084 2471 senatu
1116 2445 1249 2483 neque
1276 2430 1550 2470 desideratam

199 2508 332 2545 neque
370 2492 612 2533 institutam.
672 2500 883 2547 postremo
920 2493 1057 2547 ipsum
1095 2507 1256 2545 quoque
1289 2491 1549 2540 Africanum,

199 2555 308 2607 quod
340 2555 482 2595 consul
519 2563 662 2596 auctor
694 2555 781 2595 eius
812 2555 871 2596 rei
907 2554 1072 2603 fuisset,
1110 2553 1363 2608 paenituisse
1399 2554 1548 2593 ferunt.

1576 2133 1593 2162 6

1578 2320 1594 2349 *¹1

1575 2503 1594 2532 8
