<?xml version="1.0" encoding="UTF-8"?>
<!DOCTYPE html PUBLIC "-//W3C//DTD XHTML 1.0 Transitional//EN"
    "http://www.w3.org/TR/xhtml1/DTD/xhtml1-transitional.dtd">
<html xmlns="http://www.w3.org/1999/xhtml" xml:lang="en" lang="en">
 <head>
  <title>
</title>
<meta http-equiv="Content-Type" content="text/html;charset=utf-8" />
  <meta name='ocr-system' content='tesseract 3.04.00' />
  <meta name='ocr-capabilities' content='ocr_page ocr_carea ocr_par ocr_line ocrx_word'/>
</head>
<body>
  <div class='ocr_page' id='page_1' title='image "./aburbeconditalib03livyuoft_0124.png"; bbox 0 0 1799 2900; ppageno 0'>
   <div class='ocr_carea' id='block_1_1' title="bbox 244 180 1296 228">
    <p class='ocr_par' dir='ltr' id='par_1_1' title="bbox 244 180 1296 228">
     <span class='ocr_line' id='line_1_1' title="bbox 244 180 1296 228; baseline -0.003 -7"><span class='ocrx_word' id='word_1_1' title='bbox 244 180 301 221; x_wconf 80' lang='lat'>44</span> <span class='ocrx_word' id='word_1_2' title='bbox 542 185 696 220; x_wconf 81' lang='lat' dir='ltr'>LIBER</span> <span class='ocrx_word' id='word_1_3' title='bbox 721 184 872 228; x_wconf 73' lang='lat' dir='ltr'>XXXI,</span> <span class='ocrx_word' id='word_1_4' title='bbox 898 183 952 218; x_wconf 80' lang='grc'>49.</span> <span class='ocrx_word' id='word_1_5' title='bbox 973 183 1027 218; x_wconf 82' lang='grc'>50.</span> <span class='ocrx_word' id='word_1_6' title='bbox 1056 186 1104 228; x_wconf 79' lang='lat' dir='ltr'>[a.</span> <span class='ocrx_word' id='word_1_7' title='bbox 1118 196 1152 218; x_wconf 88' lang='lat' dir='ltr'>u.</span> <span class='ocrx_word' id='word_1_8' title='bbox 1169 195 1198 219; x_wconf 82' lang='lat' dir='ltr'>e.</span> <span class='ocrx_word' id='word_1_9' title='bbox 1213 184 1296 227; x_wconf 72' lang='lat'>554]</span> 
     </span>
    </p>
   </div>
   <div class='ocr_carea' id='block_1_2' title="bbox 180 287 1606 2702">
    <p class='ocr_par' dir='ltr' id='par_1_2' title="bbox 243 287 1602 469">
     <span class='ocr_line' id='line_1_2' title="bbox 245 287 1602 342; baseline -0.003 -10"><span class='ocrx_word' id='word_1_10' title='bbox 245 303 332 333; x_wconf 89' lang='lat' dir='ltr'>tum</span> <span class='ocrx_word' id='word_1_11' title='bbox 360 291 446 332; x_wconf 88' lang='lat' dir='ltr'>cius</span> <span class='ocrx_word' id='word_1_12' title='bbox 474 289 705 337; x_wconf 89' lang='lat' dir='ltr'>decretum,</span> <span class='ocrx_word' id='word_1_13' title='bbox 733 295 777 327; x_wconf 90' lang='lat' dir='ltr'>ut</span> <span class='ocrx_word' id='word_1_14' title='bbox 803 295 901 340; x_wconf 86' lang='lat' dir='ltr'>quot</span> <span class='ocrx_word' id='word_1_15' title='bbox 929 287 1104 342; x_wconf 83' lang='lat' dir='ltr'>quisque</span> <span class='ocrx_word' id='word_1_16' title='bbox 1130 303 1273 329; x_wconf 88' lang='lat' dir='ltr'>eorum</span> <span class='ocrx_word' id='word_1_17' title='bbox 1300 303 1430 329; x_wconf 87' lang='lat' dir='ltr'>annos</span> <span class='ocrx_word' id='word_1_18' title='bbox 1456 287 1498 328; x_wconf 92' lang='lat' dir='ltr'>in</span> <span class='ocrx_word' id='word_1_19' title='bbox 1524 288 1602 328; x_wconf 91' lang='lat' dir='ltr'>Hi—</span> 
     </span>
     <span class='ocr_line' id='line_1_3' title="bbox 245 350 1602 408; baseline -0.002 -14"><span class='ocrx_word' id='word_1_20' title='bbox 245 354 389 408; x_wconf 79' lang='lat' dir='ltr'>spania</span> <span class='ocrx_word' id='word_1_21' title='bbox 423 360 490 392; x_wconf 89' lang='lat' dir='ltr'>aut</span> <span class='ocrx_word' id='word_1_22' title='bbox 523 351 564 390; x_wconf 90' lang='lat' dir='ltr'>in</span> <span class='ocrx_word' id='word_1_23' title='bbox 594 350 743 391; x_wconf 87' lang='lat' dir='ltr'>Africa</span> <span class='ocrx_word' id='word_1_24' title='bbox 773 350 1013 399; x_wconf 79' lang='lat' dir='ltr'>militasset,</span> <span class='ocrx_word' id='word_1_25' title='bbox 1051 350 1093 390; x_wconf 90' lang='lat' dir='ltr'>in</span> <span class='ocrx_word' id='word_1_26' title='bbox 1126 350 1311 405; x_wconf 80' lang='lat' dir='ltr'>singulos</span> <span class='ocrx_word' id='word_1_27' title='bbox 1344 366 1474 391; x_wconf 86' lang='lat' dir='ltr'>annos</span> <span class='ocrx_word' id='word_1_28' title='bbox 1505 350 1602 391; x_wconf 88' lang='lat' dir='ltr'>bina</span> 
     </span>
     <span class='ocr_line' id='line_1_4' title="bbox 243 413 1600 469; baseline 0 -14"><span class='ocrx_word' id='word_1_29' title='bbox 243 416 386 469; x_wconf 71' lang='lat' dir='ltr'>iugera</span> <span class='ocrx_word' id='word_1_30' title='bbox 413 413 502 468; x_wconf 74' lang='lat' dir='ltr'>agri</span> <span class='ocrx_word' id='word_1_31' title='bbox 528 413 750 467; x_wconf 86' lang='lat' dir='ltr'>acciperet:</span> <span class='ocrx_word' id='word_1_32' title='bbox 778 427 873 453; x_wconf 84' lang='lat' dir='ltr'>eum</span> <span class='ocrx_word' id='word_1_33' title='bbox 894 428 1039 466; x_wconf 75' lang='lat' dir='ltr'>agrum</span> <span class='ocrx_word' id='word_1_34' title='bbox 1060 413 1204 453; x_wconf 87' lang='lat' dir='ltr'>decem</span> <span class='ocrx_word' id='word_1_35' title='bbox 1224 413 1298 453; x_wconf 71' lang='lat' dir='ltr'>viri</span> <span class='ocrx_word' id='word_1_36' title='bbox 1319 413 1600 467; x_wconf 77' lang='lat' dir='ltr'>adsignarent.</span> 
     </span>
    </p>

    <p class='ocr_par' dir='ltr' id='par_1_3' title="bbox 201 475 1604 716">
     <span class='ocr_line' id='line_1_5' title="bbox 201 475 1602 529; baseline -0.001 -12"><span class='ocrx_word' id='word_1_37' title='bbox 201 491 219 521; x_wconf 78' lang='lat'>(3</span> <span class='ocrx_word' id='word_1_38' title='bbox 246 475 447 517; x_wconf 76' lang='lat' dir='ltr'>triumviri</span> <span class='ocrx_word' id='word_1_39' title='bbox 471 475 570 516; x_wconf 89' lang='lat' dir='ltr'>item</span> <span class='ocrx_word' id='word_1_40' title='bbox 591 475 717 515; x_wconf 87' lang='lat' dir='ltr'>creati</span> <span class='ocrx_word' id='word_1_41' title='bbox 743 475 796 515; x_wconf 88' lang='lat' dir='ltr'>ad</span> <span class='ocrx_word' id='word_1_42' title='bbox 822 475 1100 529; x_wconf 82' lang='lat' dir='ltr'>supplendum</span> <span class='ocrx_word' id='word_1_43' title='bbox 1115 475 1341 517; x_wconf 74' lang='lat' dir='ltr'>Venusinis</span> <span class='ocrx_word' id='word_1_44' title='bbox 1362 476 1602 517; x_wconf 90' lang='lat' dir='ltr'>colonorum</span> 
     </span>
     <span class='ocr_line' id='line_1_6' title="bbox 243 537 1601 590; baseline 0 -11"><span class='ocrx_word' id='word_1_45' title='bbox 243 553 479 587; x_wconf 88' lang='lat' dir='ltr'>numerum,</span> <span class='ocrx_word' id='word_1_46' title='bbox 518 538 630 590; x_wconf 86' lang='lat' dir='ltr'>quod</span> <span class='ocrx_word' id='word_1_47' title='bbox 665 538 774 578; x_wconf 89' lang='lat' dir='ltr'>bello</span> <span class='ocrx_word' id='word_1_48' title='bbox 806 537 1057 578; x_wconf 82' lang='lat' dir='ltr'>Hannibalis</span> <span class='ocrx_word' id='word_1_49' title='bbox 1094 537 1342 578; x_wconf 79' lang='lat' dir='ltr'>adtenuatae</span> <span class='ocrx_word' id='word_1_50' title='bbox 1373 537 1481 578; x_wconf 84' lang='lat' dir='ltr'>vires</span> <span class='ocrx_word' id='word_1_51' title='bbox 1514 538 1601 579; x_wconf 86' lang='lat' dir='ltr'>eius</span> 
     </span>
     <span class='ocr_line' id='line_1_7' title="bbox 244 598 1604 651; baseline -0.001 -10"><span class='ocrx_word' id='word_1_52' title='bbox 244 601 428 641; x_wconf 86' lang='lat' dir='ltr'>coloniae</span> <span class='ocrx_word' id='word_1_53' title='bbox 455 608 583 648; x_wconf 88' lang='lat' dir='ltr'>erant,</span> <span class='ocrx_word' id='word_1_54' title='bbox 612 598 661 640; x_wconf 88' lang='lat' dir='ltr'>C.</span> <span class='ocrx_word' id='word_1_55' title='bbox 678 599 898 640; x_wconf 83' lang='lat' dir='ltr'>Terentius</span> <span class='ocrx_word' id='word_1_56' title='bbox 913 601 1061 649; x_wconf 87' lang='lat' dir='ltr'>Varro,</span> <span class='ocrx_word' id='word_1_57' title='bbox 1088 599 1138 640; x_wconf 89' lang='lat' dir='ltr'>T.</span> <span class='ocrx_word' id='word_1_58' title='bbox 1160 599 1379 651; x_wconf 78' lang='lat' dir='ltr'>Quinctius</span> <span class='ocrx_word' id='word_1_59' title='bbox 1404 600 1604 641; x_wconf 85' lang='lat' dir='ltr'>Flamini-</span> 
     </span>
     <span class='ocr_line' id='line_1_8' title="bbox 242 660 1603 716; baseline -0.001 -13"><span class='ocrx_word' id='word_1_60' title='bbox 242 678 340 712; x_wconf 87' lang='lat' dir='ltr'>nus,</span> <span class='ocrx_word' id='word_1_61' title='bbox 377 663 427 704; x_wconf 88' lang='lat' dir='ltr'>P.</span> <span class='ocrx_word' id='word_1_62' title='bbox 457 661 678 703; x_wconf 87' lang='lat' dir='ltr'>Cornelius</span> <span class='ocrx_word' id='word_1_63' title='bbox 712 660 791 702; x_wconf 88' lang='lat' dir='ltr'>Cn.</span> <span class='ocrx_word' id='word_1_64' title='bbox 823 661 853 702; x_wconf 89' lang='lat' dir='ltr'>f.</span> <span class='ocrx_word' id='word_1_65' title='bbox 889 661 1044 716; x_wconf 83' lang='lat' dir='ltr'>Scipio.</span> <span class='ocrx_word' id='word_1_66' title='bbox 1104 661 1147 701; x_wconf 90' lang='lat' dir='ltr'>hi</span> <span class='ocrx_word' id='word_1_67' title='bbox 1179 662 1347 703; x_wconf 85' lang='lat' dir='ltr'>colonos</span> <span class='ocrx_word' id='word_1_68' title='bbox 1372 662 1603 705; x_wconf 86' lang='lat' dir='ltr'>Venusiam</span> 
     </span>
    </p>

    <p class='ocr_par' dir='ltr' id='par_1_4' title="bbox 203 725 570 779">
     <span class='ocr_line' id='line_1_9' title="bbox 203 725 570 779; baseline -0.008 -12"><span class='ocrx_word' id='word_1_69' title='bbox 203 739 217 767; x_wconf 81' lang='grc' dir='ltr'><em>ῖ</em></span> <span class='ocrx_word' id='word_1_70' title='bbox 246 725 570 779; x_wconf 86' lang='lat' dir='ltr'>adscripserunt.</span> 
     </span>
    </p>

    <p class='ocr_par' dir='ltr' id='par_1_5' title="bbox 243 783 1604 1027">
     <span class='ocr_line' id='line_1_10' title="bbox 328 783 1604 840; baseline 0 -13"><span class='ocrx_word' id='word_1_71' title='bbox 328 787 492 827; x_wconf 86' lang='lat' dir='ltr'>Eodem</span> <span class='ocrx_word' id='word_1_72' title='bbox 525 801 633 827; x_wconf 91' lang='lat' dir='ltr'>anno</span> <span class='ocrx_word' id='word_1_73' title='bbox 666 784 715 826; x_wconf 90' lang='lat' dir='ltr'>C.</span> <span class='ocrx_word' id='word_1_74' title='bbox 750 783 969 826; x_wconf 87' lang='lat' dir='ltr'>Cornelius</span> <span class='ocrx_word' id='word_1_75' title='bbox 1004 784 1238 840; x_wconf 77' lang='lat' dir='ltr'>Cethegus,</span> <span class='ocrx_word' id='word_1_76' title='bbox 1277 785 1346 838; x_wconf 90' lang='lat' dir='ltr'>qui</span> <span class='ocrx_word' id='word_1_77' title='bbox 1380 786 1604 840; x_wconf 89' lang='lat' dir='ltr'>proconsul</span> 
     </span>
     <span class='ocr_line' id='line_1_11' title="bbox 243 847 1604 904; baseline -0.001 -14"><span class='ocrx_word' id='word_1_78' title='bbox 243 849 495 904; x_wconf 82' lang='lat' dir='ltr'>Hispaniam</span> <span class='ocrx_word' id='word_1_79' title='bbox 515 848 741 903; x_wconf 65' lang='lat' dir='ltr'>opfinebat,</span> <span class='ocrx_word' id='word_1_80' title='bbox 767 863 966 902; x_wconf 79' lang='lat' dir='ltr'>magnum</span> <span class='ocrx_word' id='word_1_81' title='bbox 986 848 1169 888; x_wconf 89' lang='lat' dir='ltr'>hostium</span> <span class='ocrx_word' id='word_1_82' title='bbox 1190 847 1417 888; x_wconf 82' lang='lat' dir='ltr'>exercitum</span> <span class='ocrx_word' id='word_1_83' title='bbox 1442 848 1485 888; x_wconf 88' lang='lat' dir='ltr'>in</span> <span class='ocrx_word' id='word_1_84' title='bbox 1504 863 1604 902; x_wconf 77' lang='lat' dir='ltr'>agro</span> 
     </span>
     <span class='ocr_line' id='line_1_12' title="bbox 245 909 1604 965; baseline -0.001 -13"><span class='ocrx_word' id='word_1_85' title='bbox 245 912 455 952; x_wconf 65' lang='lat' dir='ltr'>»Sedetano</span> <span class='ocrx_word' id='word_1_86' title='bbox 481 911 599 951; x_wconf 83' lang='lat' dir='ltr'>fudit.</span> <span class='ocrx_word' id='word_1_87' title='bbox 661 910 898 963; x_wconf 88' lang='lat' dir='ltr'>quindecim</span> <span class='ocrx_word' id='word_1_88' title='bbox 922 909 1036 950; x_wconf 86' lang='lat' dir='ltr'>milia</span> <span class='ocrx_word' id='word_1_89' title='bbox 1060 910 1349 964; x_wconf 86' lang='lat' dir='ltr'>Hispanorum</span> <span class='ocrx_word' id='word_1_90' title='bbox 1374 925 1422 950; x_wconf 91' lang='lat' dir='ltr'>eo</span> <span class='ocrx_word' id='word_1_91' title='bbox 1447 909 1604 965; x_wconf 85' lang='lat' dir='ltr'>proelio</span> 
     </span>
     <span class='ocr_line' id='line_1_13' title="bbox 243 972 1603 1027; baseline -0.001 -14"><span class='ocrx_word' id='word_1_92' title='bbox 243 974 434 1014; x_wconf 88' lang='lat' dir='ltr'>dicuntur</span> <span class='ocrx_word' id='word_1_93' title='bbox 460 988 594 1021; x_wconf 89' lang='lat' dir='ltr'>caesa,</span> <span class='ocrx_word' id='word_1_94' title='bbox 623 973 743 1027; x_wconf 75' lang='lat' dir='ltr'>signa</span> <span class='ocrx_word' id='word_1_95' title='bbox 768 972 966 1012; x_wconf 87' lang='lat' dir='ltr'>militaria</span> <span class='ocrx_word' id='word_1_96' title='bbox 991 979 1113 1026; x_wconf 85' lang='lat' dir='ltr'>capta</span> <span class='ocrx_word' id='word_1_97' title='bbox 1138 979 1231 1013; x_wconf 80' lang='lat' dir='ltr'>octo</span> <span class='ocrx_word' id='word_1_98' title='bbox 1258 978 1299 1012; x_wconf 92' lang='lat' dir='ltr'>et</span> <span class='ocrx_word' id='word_1_99' title='bbox 1325 972 1603 1026; x_wconf 80' lang='lat' dir='ltr'>septuaginta.</span> 
     </span>
    </p>

    <p class='ocr_par' dir='ltr' id='par_1_6' title="bbox 199 1033 1606 1152">
     <span class='ocr_line' id='line_1_14' title="bbox 199 1033 1606 1089; baseline -0.001 -14"><span class='ocrx_word' id='word_1_100' title='bbox 199 1046 218 1075; x_wconf 79' lang='grc'>8</span> <span class='ocrx_word' id='word_1_101' title='bbox 331 1035 380 1077; x_wconf 87' lang='lat' dir='ltr'>C.</span> <span class='ocrx_word' id='word_1_102' title='bbox 408 1036 605 1076; x_wconf 81' lang='lat' dir='ltr'>Aurelius</span> <span class='ocrx_word' id='word_1_103' title='bbox 638 1035 783 1076; x_wconf 85' lang='lat' dir='ltr'>consul</span> <span class='ocrx_word' id='word_1_104' title='bbox 817 1049 909 1075; x_wconf 92' lang='lat' dir='ltr'>cum</span> <span class='ocrx_word' id='word_1_105' title='bbox 942 1050 992 1076; x_wconf 85' lang='lat' dir='ltr'>cx</span> <span class='ocrx_word' id='word_1_106' title='bbox 1023 1034 1237 1089; x_wconf 75' lang='lat' dir='ltr'>provincia</span> <span class='ocrx_word' id='word_1_107' title='bbox 1266 1034 1446 1075; x_wconf 84' lang='lat' dir='ltr'>Romam</span> <span class='ocrx_word' id='word_1_108' title='bbox 1479 1033 1606 1075; x_wconf 89' lang='lat' dir='ltr'>eomi-</span> 
     </span>
     <span class='ocr_line' id='line_1_15' title="bbox 246 1097 1604 1152; baseline -0.001 -14"><span class='ocrx_word' id='word_1_109' title='bbox 246 1099 395 1139; x_wconf 89' lang='lat' dir='ltr'>tiorum</span> <span class='ocrx_word' id='word_1_110' title='bbox 421 1113 546 1138; x_wconf 87' lang='lat' dir='ltr'>eausa</span> <span class='ocrx_word' id='word_1_111' title='bbox 571 1097 766 1146; x_wconf 75' lang='lat' dir='ltr'>venisset,</span> <span class='ocrx_word' id='word_1_112' title='bbox 794 1113 877 1138; x_wconf 92' lang='lat' dir='ltr'>non</span> <span class='ocrx_word' id='word_1_113' title='bbox 903 1097 957 1146; x_wconf 85' lang='lat' dir='ltr'>id,</span> <span class='ocrx_word' id='word_1_114' title='bbox 984 1098 1095 1150; x_wconf 88' lang='lat' dir='ltr'>quod</span> <span class='ocrx_word' id='word_1_115' title='bbox 1121 1097 1268 1137; x_wconf 88' lang='lat' dir='ltr'>animis</span> <span class='ocrx_word' id='word_1_116' title='bbox 1294 1106 1604 1152; x_wconf 82' lang='lat' dir='ltr'>praeceperant,</span> 
     </span>
    </p>

    <p class='ocr_par' dir='ltr' id='par_1_7' title="bbox 201 1159 1605 1401">
     <span class='ocr_line' id='line_1_16' title="bbox 201 1159 1605 1214; baseline -0.002 -12"><span class='ocrx_word' id='word_1_117' title='bbox 201 1173 218 1202; x_wconf 81' lang='grc'><strong>9</strong></span> <span class='ocrx_word' id='word_1_118' title='bbox 246 1170 415 1214; x_wconf 86' lang='lat' dir='ltr'>questus</span> <span class='ocrx_word' id='word_1_119' title='bbox 443 1168 524 1208; x_wconf 89' lang='lat' dir='ltr'>est,</span> <span class='ocrx_word' id='word_1_120' title='bbox 561 1176 646 1201; x_wconf 91' lang='lat' dir='ltr'>non</span> <span class='ocrx_word' id='word_1_121' title='bbox 671 1168 934 1214; x_wconf 79' lang='lat' dir='ltr'>expectatum</span> <span class='ocrx_word' id='word_1_122' title='bbox 968 1175 1011 1200; x_wconf 90' lang='lat' dir='ltr'>se</span> <span class='ocrx_word' id='word_1_123' title='bbox 1044 1161 1095 1200; x_wconf 85' lang='lat' dir='ltr'>ab</span> <span class='ocrx_word' id='word_1_124' title='bbox 1128 1166 1275 1200; x_wconf 90' lang='lat' dir='ltr'>senatu</span> <span class='ocrx_word' id='word_1_125' title='bbox 1305 1174 1438 1212; x_wconf 89' lang='lat' dir='ltr'>neque</span> <span class='ocrx_word' id='word_1_126' title='bbox 1472 1159 1605 1200; x_wconf 88' lang='lat' dir='ltr'>disce-</span> 
     </span>
     <span class='ocr_line' id='line_1_17' title="bbox 243 1221 1605 1277; baseline 0 -15"><span class='ocrx_word' id='word_1_127' title='bbox 243 1222 388 1277; x_wconf 89' lang='lat' dir='ltr'>ptandi</span> <span class='ocrx_word' id='word_1_128' title='bbox 422 1236 514 1262; x_wconf 86' lang='lat' dir='ltr'>cum</span> <span class='ocrx_word' id='word_1_129' title='bbox 539 1229 728 1276; x_wconf 88' lang='lat' dir='ltr'>praetore</span> <span class='ocrx_word' id='word_1_130' title='bbox 761 1221 921 1262; x_wconf 85' lang='lat' dir='ltr'>consuli</span> <span class='ocrx_word' id='word_1_131' title='bbox 947 1228 1196 1276; x_wconf 87' lang='lat' dir='ltr'>potestatem</span> <span class='ocrx_word' id='word_1_132' title='bbox 1234 1221 1407 1269; x_wconf 87' lang='lat' dir='ltr'>factam,</span> <span class='ocrx_word' id='word_1_133' title='bbox 1446 1221 1520 1261; x_wconf 89' lang='lat' dir='ltr'>sed</span> <span class='ocrx_word' id='word_1_134' title='bbox 1548 1221 1605 1262; x_wconf 87' lang='lat' dir='ltr'>ita</span> 
     </span>
     <span class='ocr_line' id='line_1_18' title="bbox 245 1282 1604 1338; baseline 0 -15"><span class='ocrx_word' id='word_1_135' title='bbox 245 1284 498 1338; x_wconf 82' lang='lat' dir='ltr'>triumphum</span> <span class='ocrx_word' id='word_1_136' title='bbox 531 1284 723 1324; x_wconf 79' lang='lat' dir='ltr'>decresse</span> <span class='ocrx_word' id='word_1_137' title='bbox 761 1293 970 1331; x_wconf 86' lang='lat' dir='ltr'>senatum,</span> <span class='ocrx_word' id='word_1_138' title='bbox 1007 1290 1052 1323; x_wconf 90' lang='lat' dir='ltr'>ut</span> <span class='ocrx_word' id='word_1_139' title='bbox 1088 1283 1258 1331; x_wconf 87' lang='lat' dir='ltr'>nullius,</span> <span class='ocrx_word' id='word_1_140' title='bbox 1297 1282 1376 1323; x_wconf 84' lang='lat' dir='ltr'>nisi</span> <span class='ocrx_word' id='word_1_141' title='bbox 1414 1283 1502 1323; x_wconf 89' lang='lat' dir='ltr'>eius</span> <span class='ocrx_word' id='word_1_142' title='bbox 1534 1283 1604 1336; x_wconf 88' lang='lat' dir='ltr'>qui</span> 
     </span>
     <span class='ocr_line' id='line_1_19' title="bbox 244 1344 1602 1401; baseline -0.001 -15"><span class='ocrx_word' id='word_1_143' title='bbox 244 1346 569 1401; x_wconf 88' lang='lat' dir='ltr'>triumphaturus</span> <span class='ocrx_word' id='word_1_144' title='bbox 609 1354 737 1394; x_wconf 90' lang='lat' dir='ltr'>esset,</span> <span class='ocrx_word' id='word_1_145' title='bbox 777 1346 852 1397; x_wconf 88' lang='lat' dir='ltr'>(et)</span> <span class='ocrx_word' id='word_1_146' title='bbox 885 1360 1026 1386; x_wconf 87' lang='lat' dir='ltr'>corum</span> <span class='ocrx_word' id='word_1_147' title='bbox 1059 1345 1129 1397; x_wconf 85' lang='lat' dir='ltr'>qui</span> <span class='ocrx_word' id='word_1_148' title='bbox 1164 1344 1273 1385; x_wconf 88' lang='lat' dir='ltr'>bello</span> <span class='ocrx_word' id='word_1_149' title='bbox 1304 1345 1602 1394; x_wconf 84' lang='lat' dir='ltr'>interfuissent,</span> 
     </span>
    </p>

    <p class='ocr_par' dir='ltr' id='par_1_8' title="bbox 182 1406 1603 1587">
     <span class='ocr_line' id='line_1_20' title="bbox 182 1406 1602 1460; baseline 0 -14"><span class='ocrx_word' id='word_1_150' title='bbox 182 1418 220 1447; x_wconf 86' lang='lat'>10</span> <span class='ocrx_word' id='word_1_151' title='bbox 246 1409 372 1449; x_wconf 71' lang='lat' dir='ltr'>verba</span> <span class='ocrx_word' id='word_1_152' title='bbox 398 1408 577 1448; x_wconf 84' lang='lat' dir='ltr'>audiret:</span> <span class='ocrx_word' id='word_1_153' title='bbox 610 1407 787 1448; x_wconf 89' lang='lat' dir='ltr'>maiores</span> <span class='ocrx_word' id='word_1_154' title='bbox 814 1407 907 1448; x_wconf 88' lang='lat' dir='ltr'>ideo</span> <span class='ocrx_word' id='word_1_155' title='bbox 933 1407 1175 1455; x_wconf 84' lang='lat' dir='ltr'>instituisse,</span> <span class='ocrx_word' id='word_1_156' title='bbox 1202 1416 1247 1446; x_wconf 92' lang='lat' dir='ltr'>ut</span> <span class='ocrx_word' id='word_1_157' title='bbox 1271 1406 1410 1460; x_wconf 78' lang='lat' dir='ltr'>legati,</span> <span class='ocrx_word' id='word_1_158' title='bbox 1438 1407 1602 1455; x_wconf 87' lang='lat' dir='ltr'>tribuni,</span> 
     </span>
     <span class='ocr_line' id='line_1_21' title="bbox 245 1469 1601 1523; baseline -0.001 -12"><span class='ocrx_word' id='word_1_159' title='bbox 245 1470 521 1519; x_wconf 82' lang='lat' dir='ltr'>centuriones,</span> <span class='ocrx_word' id='word_1_160' title='bbox 547 1470 698 1510; x_wconf 85' lang='lat' dir='ltr'>milites</span> <span class='ocrx_word' id='word_1_161' title='bbox 727 1469 903 1522; x_wconf 79' lang='lat' dir='ltr'>denique</span> <span class='ocrx_word' id='word_1_162' title='bbox 931 1469 1138 1523; x_wconf 88' lang='lat' dir='ltr'>triumpho</span> <span class='ocrx_word' id='word_1_163' title='bbox 1164 1469 1377 1516; x_wconf 87' lang='lat' dir='ltr'>adessent,</span> <span class='ocrx_word' id='word_1_164' title='bbox 1404 1478 1448 1509; x_wconf 89' lang='lat' dir='ltr'>ut</span> <span class='ocrx_word' id='word_1_165' title='bbox 1474 1476 1601 1510; x_wconf 85' lang='lat' dir='ltr'>testes</span> 
     </span>
     <span class='ocr_line' id='line_1_22' title="bbox 246 1530 1603 1587; baseline -0.001 -14"><span class='ocrx_word' id='word_1_166' title='bbox 246 1547 384 1573; x_wconf 87' lang='lat' dir='ltr'>rerum</span> <span class='ocrx_word' id='word_1_167' title='bbox 410 1544 623 1587; x_wconf 79' lang='lat' dir='ltr'>gestarum</span> <span class='ocrx_word' id='word_1_168' title='bbox 649 1532 736 1572; x_wconf 89' lang='lat' dir='ltr'>eius</span> <span class='ocrx_word' id='word_1_169' title='bbox 764 1532 829 1571; x_wconf 90' lang='lat' dir='ltr'>eui</span> <span class='ocrx_word' id='word_1_170' title='bbox 855 1538 993 1571; x_wconf 89' lang='lat' dir='ltr'>tantus</span> <span class='ocrx_word' id='word_1_171' title='bbox 1019 1530 1151 1571; x_wconf 85' lang='lat' dir='ltr'>honos</span> <span class='ocrx_word' id='word_1_172' title='bbox 1179 1530 1400 1570; x_wconf 84' lang='lat' dir='ltr'>haberetur</span> <span class='ocrx_word' id='word_1_173' title='bbox 1425 1531 1603 1584; x_wconf 85' lang='lat' dir='ltr'>populus</span> 
     </span>
    </p>

    <p class='ocr_par' dir='ltr' id='par_1_9' title="bbox 181 1591 1604 1772">
     <span class='ocr_line' id='line_1_23' title="bbox 181 1591 1603 1646; baseline 0 -13"><span class='ocrx_word' id='word_1_174' title='bbox 181 1604 217 1633; x_wconf 91' lang='grc'>11</span> <span class='ocrx_word' id='word_1_175' title='bbox 244 1594 460 1635; x_wconf 81' lang='lat' dir='ltr'>Romanus</span> <span class='ocrx_word' id='word_1_176' title='bbox 487 1594 658 1634; x_wconf 65' lang='lat' dir='ltr'>videret.</span> <span class='ocrx_word' id='word_1_177' title='bbox 696 1608 869 1646; x_wconf 82' lang='lat' dir='ltr'>ecquem</span> <span class='ocrx_word' id='word_1_178' title='bbox 894 1608 945 1633; x_wconf 83' lang='lat' dir='ltr'>cx</span> <span class='ocrx_word' id='word_1_179' title='bbox 971 1608 1019 1633; x_wconf 90' lang='lat' dir='ltr'>eo</span> <span class='ocrx_word' id='word_1_180' title='bbox 1041 1592 1237 1641; x_wconf 74' lang='lat' dir='ltr'>exercitii,</span> <span class='ocrx_word' id='word_1_181' title='bbox 1264 1591 1333 1645; x_wconf 83' lang='lat' dir='ltr'>qui</span> <span class='ocrx_word' id='word_1_182' title='bbox 1359 1606 1453 1632; x_wconf 91' lang='lat' dir='ltr'>cum</span> <span class='ocrx_word' id='word_1_183' title='bbox 1469 1591 1603 1633; x_wconf 81' lang='lat' dir='ltr'>Gallis</span> 
     </span>
     <span class='ocr_line' id='line_1_24' title="bbox 243 1653 1604 1711; baseline -0.001 -15"><span class='ocrx_word' id='word_1_184' title='bbox 243 1656 510 1711; x_wconf 73' lang='lat' dir='ltr'>pugnaverit,</span> <span class='ocrx_word' id='word_1_185' title='bbox 550 1656 585 1696; x_wconf 89' lang='lat' dir='ltr'>si</span> <span class='ocrx_word' id='word_1_186' title='bbox 615 1671 700 1696; x_wconf 85' lang='lat' dir='ltr'>non</span> <span class='ocrx_word' id='word_1_187' title='bbox 730 1654 922 1703; x_wconf 84' lang='lat' dir='ltr'>militem,</span> <span class='ocrx_word' id='word_1_188' title='bbox 960 1654 1088 1694; x_wconf 75' lang='lat' dir='ltr'>lixam</span> <span class='ocrx_word' id='word_1_189' title='bbox 1120 1654 1267 1694; x_wconf 84' lang='lat' dir='ltr'>saltem</span> <span class='ocrx_word' id='word_1_190' title='bbox 1292 1653 1442 1702; x_wconf 87' lang='lat' dir='ltr'>fuisse,</span> <span class='ocrx_word' id='word_1_191' title='bbox 1481 1668 1604 1707; x_wconf 90' lang='lat' dir='ltr'>quem</span> 
     </span>
     <span class='ocr_line' id='line_1_25' title="bbox 243 1715 1604 1772; baseline -0.001 -14"><span class='ocrx_word' id='word_1_192' title='bbox 243 1718 502 1772; x_wconf 85' lang='lat' dir='ltr'>percunctari</span> <span class='ocrx_word' id='word_1_193' title='bbox 527 1724 672 1771; x_wconf 89' lang='lat' dir='ltr'>posset</span> <span class='ocrx_word' id='word_1_194' title='bbox 699 1724 886 1764; x_wconf 85' lang='lat' dir='ltr'>senatus,</span> <span class='ocrx_word' id='word_1_195' title='bbox 925 1716 1023 1768; x_wconf 86' lang='lat' dir='ltr'>quid</span> <span class='ocrx_word' id='word_1_196' title='bbox 1049 1715 1137 1756; x_wconf 70' lang='lat' dir='ltr'>veri</span> <span class='ocrx_word' id='word_1_197' title='bbox 1164 1723 1331 1770; x_wconf 88' lang='lat' dir='ltr'>praetor</span> <span class='ocrx_word' id='word_1_198' title='bbox 1356 1715 1505 1757; x_wconf 63' lang='lat' dir='ltr'>vanive</span> <span class='ocrx_word' id='word_1_199' title='bbox 1532 1716 1604 1756; x_wconf 88' lang='lat' dir='ltr'>ad-</span> 
     </span>
    </p>

    <p class='ocr_par' dir='ltr' id='par_1_10' title="bbox 180 1777 1603 2020">
     <span class='ocr_line' id='line_1_26' title="bbox 180 1777 1603 1831; baseline 0 -13"><span class='ocrx_word' id='word_1_200' title='bbox 180 1789 217 1818; x_wconf 79' lang='grc'>12</span> <span class='ocrx_word' id='word_1_201' title='bbox 244 1781 394 1820; x_wconf 81' lang='lat' dir='ltr'>ferret?</span> <span class='ocrx_word' id='word_1_202' title='bbox 443 1779 620 1820; x_wconf 88' lang='lat' dir='ltr'>comitiis</span> <span class='ocrx_word' id='word_1_203' title='bbox 654 1779 803 1819; x_wconf 86' lang='lat' dir='ltr'>deinde</span> <span class='ocrx_word' id='word_1_204' title='bbox 836 1778 946 1819; x_wconf 91' lang='lat' dir='ltr'>diem</span> <span class='ocrx_word' id='word_1_205' title='bbox 977 1777 1123 1827; x_wconf 75' lang='lat' dir='ltr'>edixit,</span> <span class='ocrx_word' id='word_1_206' title='bbox 1163 1777 1312 1831; x_wconf 83' lang='lat' dir='ltr'>quibus</span> <span class='ocrx_word' id='word_1_207' title='bbox 1345 1777 1472 1818; x_wconf 89' lang='lat' dir='ltr'>creati</span> <span class='ocrx_word' id='word_1_208' title='bbox 1508 1785 1603 1819; x_wconf 87' lang='lat' dir='ltr'>sunt</span> 
     </span>
     <span class='ocr_line' id='line_1_27' title="bbox 244 1840 1601 1895; baseline 0 -13"><span class='ocrx_word' id='word_1_209' title='bbox 244 1841 436 1883; x_wconf 86' lang='lat' dir='ltr'>eonsules</span> <span class='ocrx_word' id='word_1_210' title='bbox 474 1842 528 1882; x_wconf 87' lang='lat' dir='ltr'>L.</span> <span class='ocrx_word' id='word_1_211' title='bbox 569 1840 789 1882; x_wconf 85' lang='lat' dir='ltr'>Cornelius</span> <span class='ocrx_word' id='word_1_212' title='bbox 828 1841 1056 1889; x_wconf 87' lang='lat' dir='ltr'>Lentulus,</span> <span class='ocrx_word' id='word_1_213' title='bbox 1099 1841 1150 1881; x_wconf 90' lang='lat' dir='ltr'>P.</span> <span class='ocrx_word' id='word_1_214' title='bbox 1182 1840 1333 1883; x_wconf 79' lang='lat' dir='ltr'>Villius</span> <span class='ocrx_word' id='word_1_215' title='bbox 1371 1841 1601 1895; x_wconf 86' lang='lat' dir='ltr'>Tappulus.</span> 
     </span>
     <span class='ocr_line' id='line_1_28' title="bbox 243 1902 1602 1958; baseline 0 -14"><span class='ocrx_word' id='word_1_216' title='bbox 243 1914 454 1958; x_wconf 86' lang='lat' dir='ltr'>praetores</span> <span class='ocrx_word' id='word_1_217' title='bbox 480 1904 577 1944; x_wconf 90' lang='lat' dir='ltr'>inde</span> <span class='ocrx_word' id='word_1_218' title='bbox 604 1904 702 1944; x_wconf 85' lang='lat' dir='ltr'>faeti</span> <span class='ocrx_word' id='word_1_219' title='bbox 728 1904 780 1944; x_wconf 89' lang='lat' dir='ltr'>L.</span> <span class='ocrx_word' id='word_1_220' title='bbox 797 1902 1018 1954; x_wconf 78' lang='lat' dir='ltr'>Quinctius</span> <span class='ocrx_word' id='word_1_221' title='bbox 1040 1902 1314 1951; x_wconf 85' lang='lat' dir='ltr'>Flamininus,</span> <span class='ocrx_word' id='word_1_222' title='bbox 1341 1903 1449 1945; x_wconf 86' lang='lat' dir='ltr'>L.V</span> <span class='ocrx_word' id='word_1_223' title='bbox 1453 1903 1602 1944; x_wconf 87' lang='lat' dir='ltr'>alerius</span> 
     </span>
     <span class='ocr_line' id='line_1_29' title="bbox 241 1964 1556 2020; baseline -0.002 -13"><span class='ocrx_word' id='word_1_224' title='bbox 241 1967 433 2016; x_wconf 80' lang='lat' dir='ltr'>Flaccus,</span> <span class='ocrx_word' id='word_1_225' title='bbox 460 1967 513 2007; x_wconf 90' lang='lat' dir='ltr'>L.</span> <span class='ocrx_word' id='word_1_226' title='bbox 540 1966 691 2007; x_wconf 76' lang='lat' dir='ltr'>Villius</span> <span class='ocrx_word' id='word_1_227' title='bbox 718 1966 948 2020; x_wconf 89' lang='lat' dir='ltr'>Tappulus,</span> <span class='ocrx_word' id='word_1_228' title='bbox 977 1964 1056 2006; x_wconf 89' lang='lat' dir='ltr'>Cn.</span> <span class='ocrx_word' id='word_1_229' title='bbox 1082 1964 1267 2005; x_wconf 84' lang='lat' dir='ltr'>Baebius</span> <span class='ocrx_word' id='word_1_230' title='bbox 1295 1965 1556 2019; x_wconf 86' lang='lat' dir='ltr'>Tamphilus.</span> 
     </span>
    </p>

    <p class='ocr_par' dir='ltr' id='par_1_11' title="bbox 202 2026 1602 2194">
     <span class='ocr_line' id='line_1_30' title="bbox 202 2026 1602 2081; baseline 0 -15"><span class='ocrx_word' id='word_1_231' title='bbox 202 2038 216 2066; x_wconf 93' lang='grc'>1</span> <span class='ocrx_word' id='word_1_232' title='bbox 327 2029 381 2069; x_wconf 90' lang='lat' dir='ltr'>L.</span> <span class='ocrx_word' id='word_1_233' title='bbox 429 2029 613 2069; x_wconf 80' lang='lat' dir='ltr'>Annona</span> <span class='ocrx_word' id='word_1_234' title='bbox 644 2042 807 2081; x_wconf 86' lang='lat' dir='ltr'>quoque</span> <span class='ocrx_word' id='word_1_235' title='bbox 841 2042 888 2067; x_wconf 91' lang='lat' dir='ltr'>eo</span> <span class='ocrx_word' id='word_1_236' title='bbox 923 2042 1029 2067; x_wconf 91' lang='lat' dir='ltr'>anno</span> <span class='ocrx_word' id='word_1_237' title='bbox 1062 2026 1230 2081; x_wconf 76' lang='lat' dir='ltr'>pervilis</span> <span class='ocrx_word' id='word_1_238' title='bbox 1257 2026 1346 2067; x_wconf 89' lang='lat' dir='ltr'>fuit.</span> <span class='ocrx_word' id='word_1_239' title='bbox 1406 2026 1602 2067; x_wconf 85' lang='lat' dir='ltr'>frumenti</span> 
     </span>
     <span class='ocr_line' id='line_1_31' title="bbox 244 2087 1602 2145; baseline -0.001 -15"><span class='ocrx_word' id='word_1_240' title='bbox 244 2090 327 2130; x_wconf 75' lang='lat' dir='ltr'>vim</span> <span class='ocrx_word' id='word_1_241' title='bbox 352 2106 548 2145; x_wconf 79' lang='lat' dir='ltr'>magnam</span> <span class='ocrx_word' id='word_1_242' title='bbox 569 2105 620 2131; x_wconf 82' lang='lat' dir='ltr'>ex</span> <span class='ocrx_word' id='word_1_243' title='bbox 634 2090 781 2130; x_wconf 72' lang='lat' dir='ltr'>Africa</span> <span class='ocrx_word' id='word_1_244' title='bbox 807 2089 1023 2129; x_wconf 75' lang='lat' dir='ltr'>advectam</span> <span class='ocrx_word' id='word_1_245' title='bbox 1044 2088 1197 2129; x_wconf 85' lang='lat' dir='ltr'>aediles</span> <span class='ocrx_word' id='word_1_246' title='bbox 1220 2088 1382 2128; x_wconf 87' lang='lat' dir='ltr'>curules</span> <span class='ocrx_word' id='word_1_247' title='bbox 1396 2087 1458 2128; x_wconf 80' lang='lat' dir='ltr'>M.</span> <span class='ocrx_word' id='word_1_248' title='bbox 1476 2087 1602 2129; x_wconf 89' lang='lat' dir='ltr'>Clau-</span> 
     </span>
     <span class='ocr_line' id='line_1_32' title="bbox 244 2150 1602 2194; baseline -0.001 -2"><span class='ocrx_word' id='word_1_249' title='bbox 244 2153 336 2194; x_wconf 85' lang='lat' dir='ltr'>dius</span> <span class='ocrx_word' id='word_1_250' title='bbox 379 2153 607 2193; x_wconf 87' lang='lat' dir='ltr'>Marcellus</span> <span class='ocrx_word' id='word_1_251' title='bbox 653 2159 691 2193; x_wconf 92' lang='lat' dir='ltr'>et</span> <span class='ocrx_word' id='word_1_252' title='bbox 737 2151 836 2192; x_wconf 81' lang='lat' dir='ltr'>Sex.</span> <span class='ocrx_word' id='word_1_253' title='bbox 876 2151 1025 2192; x_wconf 79' lang='lat' dir='ltr'>Aelius</span> <span class='ocrx_word' id='word_1_254' title='bbox 1061 2150 1218 2191; x_wconf 88' lang='lat' dir='ltr'>Paetus</span> <span class='ocrx_word' id='word_1_255' title='bbox 1262 2150 1369 2191; x_wconf 86' lang='lat' dir='ltr'>binis</span> <span class='ocrx_word' id='word_1_256' title='bbox 1412 2150 1518 2191; x_wconf 87' lang='lat' dir='ltr'>aeris</span> <span class='ocrx_word' id='word_1_257' title='bbox 1560 2150 1602 2190; x_wconf 93' lang='lat' dir='ltr'>in</span> 
     </span>
    </p>

    <p class='ocr_par' dir='ltr' id='par_1_12' title="bbox 199 2212 1602 2393">
     <span class='ocr_line' id='line_1_33' title="bbox 199 2212 1601 2270; baseline 0.001 -18"><span class='ocrx_word' id='word_1_258' title='bbox 199 2224 216 2252; x_wconf 78' lang='lat'><strong>2</strong></span> <span class='ocrx_word' id='word_1_259' title='bbox 243 2215 403 2255; x_wconf 86' lang='lat' dir='ltr'>modios</span> <span class='ocrx_word' id='word_1_260' title='bbox 440 2215 594 2270; x_wconf 84' lang='lat' dir='ltr'>populo</span> <span class='ocrx_word' id='word_1_261' title='bbox 632 2213 874 2254; x_wconf 77' lang='lat' dir='ltr'>diviserunt.</span> <span class='ocrx_word' id='word_1_262' title='bbox 947 2221 988 2253; x_wconf 90' lang='lat' dir='ltr'>ct</span> <span class='ocrx_word' id='word_1_263' title='bbox 1034 2212 1153 2253; x_wconf 88' lang='lat' dir='ltr'>ludos</span> <span class='ocrx_word' id='word_1_264' title='bbox 1190 2212 1405 2253; x_wconf 85' lang='lat' dir='ltr'>Romanos</span> <span class='ocrx_word' id='word_1_265' title='bbox 1449 2227 1601 2267; x_wconf 82' lang='lat' dir='ltr'>magno</span> 
     </span>
     <span class='ocr_line' id='line_1_34' title="bbox 244 2274 1602 2331; baseline -0.001 -14"><span class='ocrx_word' id='word_1_266' title='bbox 244 2277 445 2331; x_wconf 87' lang='lat' dir='ltr'>adparatu</span> <span class='ocrx_word' id='word_1_267' title='bbox 471 2278 677 2325; x_wconf 85' lang='lat' dir='ltr'>fecerunt,</span> <span class='ocrx_word' id='word_1_268' title='bbox 705 2276 815 2316; x_wconf 87' lang='lat' dir='ltr'>diem</span> <span class='ocrx_word' id='word_1_269' title='bbox 840 2290 968 2315; x_wconf 89' lang='lat' dir='ltr'>unum</span> <span class='ocrx_word' id='word_1_270' title='bbox 993 2274 1294 2323; x_wconf 85' lang='lat' dir='ltr'>instaurarunt,</span> <span class='ocrx_word' id='word_1_271' title='bbox 1328 2274 1448 2329; x_wconf 82' lang='lat' dir='ltr'>signa</span> <span class='ocrx_word' id='word_1_272' title='bbox 1474 2289 1602 2315; x_wconf 87' lang='lat' dir='ltr'>aenea</span> 
     </span>
     <span class='ocr_line' id='line_1_35' title="bbox 244 2337 1600 2393; baseline 0 -16"><span class='ocrx_word' id='word_1_273' title='bbox 244 2339 424 2391; x_wconf 83' lang='lat' dir='ltr'>quinque</span> <span class='ocrx_word' id='word_1_274' title='bbox 473 2354 524 2379; x_wconf 85' lang='lat' dir='ltr'>ex</span> <span class='ocrx_word' id='word_1_275' title='bbox 571 2338 799 2379; x_wconf 77' lang='lat' dir='ltr'>multaticio</span> <span class='ocrx_word' id='word_1_276' title='bbox 849 2346 1022 2393; x_wconf 80' lang='lat' dir='ltr'>argento</span> <span class='ocrx_word' id='word_1_277' title='bbox 1069 2337 1113 2377; x_wconf 90' lang='lat' dir='ltr'>in</span> <span class='ocrx_word' id='word_1_278' title='bbox 1161 2337 1318 2378; x_wconf 89' lang='lat' dir='ltr'>aerario</span> <span class='ocrx_word' id='word_1_279' title='bbox 1360 2345 1600 2392; x_wconf 89' lang='lat' dir='ltr'>posuerunt.</span> 
     </span>
    </p>

    <p class='ocr_par' dir='ltr' id='par_1_13' title="bbox 201 2397 1602 2517">
     <span class='ocr_line' id='line_1_36' title="bbox 201 2397 1600 2452; baseline 0.002 -15"><span class='ocrx_word' id='word_1_280' title='bbox 201 2408 218 2437; x_wconf 82' lang='grc'>3</span> <span class='ocrx_word' id='word_1_281' title='bbox 244 2399 380 2452; x_wconf 88' lang='lat' dir='ltr'>plebei</span> <span class='ocrx_word' id='word_1_282' title='bbox 416 2400 503 2440; x_wconf 92' lang='lat' dir='ltr'>ludi</span> <span class='ocrx_word' id='word_1_283' title='bbox 526 2401 590 2452; x_wconf 51' lang='lat' dir='ltr'>¹ab</span> <span class='ocrx_word' id='word_1_284' title='bbox 627 2400 830 2441; x_wconf 87' lang='lat' dir='ltr'>aedilibus</span> <span class='ocrx_word' id='word_1_285' title='bbox 864 2400 917 2440; x_wconf 91' lang='lat' dir='ltr'>L.</span> <span class='ocrx_word' id='word_1_286' title='bbox 950 2399 1148 2440; x_wconf 90' lang='lat' dir='ltr'>Terentio</span> <span class='ocrx_word' id='word_1_287' title='bbox 1179 2399 1418 2439; x_wconf 84' lang='lat' dir='ltr'>Massiliota</span> <span class='ocrx_word' id='word_1_288' title='bbox 1449 2407 1490 2439; x_wconf 91' lang='lat' dir='ltr'>et</span> <span class='ocrx_word' id='word_1_289' title='bbox 1522 2397 1600 2440; x_wconf 86' lang='lat' dir='ltr'>Cn.</span> 
     </span>
     <span class='ocr_line' id='line_1_37' title="bbox 246 2461 1602 2517; baseline 0.002 -18"><span class='ocrx_word' id='word_1_290' title='bbox 246 2462 403 2501; x_wconf 80' lang='lat' dir='ltr'>Baebio</span> <span class='ocrx_word' id='word_1_291' title='bbox 438 2462 677 2517; x_wconf 85' lang='lat' dir='ltr'>Tamphilo,</span> <span class='ocrx_word' id='word_1_292' title='bbox 717 2463 786 2516; x_wconf 82' lang='lat' dir='ltr'>qui</span> <span class='ocrx_word' id='word_1_293' title='bbox 819 2470 983 2517; x_wconf 81' lang='lat' dir='ltr'>praetor</span> <span class='ocrx_word' id='word_1_294' title='bbox 1017 2461 1259 2516; x_wconf 79' lang='lat' dir='ltr'>designatus</span> <span class='ocrx_word' id='word_1_295' title='bbox 1292 2469 1398 2508; x_wconf 84' lang='lat' dir='ltr'>erat,</span> <span class='ocrx_word' id='word_1_296' title='bbox 1436 2469 1498 2502; x_wconf 87' lang='lat' dir='ltr'>ter</span> <span class='ocrx_word' id='word_1_297' title='bbox 1527 2462 1602 2503; x_wconf 91' lang='lat' dir='ltr'>toti</span> 
     </span>
    </p>

    <p class='ocr_par' dir='ltr' id='par_1_14' title="bbox 203 2523 1602 2702">
     <span class='ocr_line' id='line_1_38' title="bbox 203 2523 1602 2579; baseline 0.003 -19"><span class='ocrx_word' id='word_1_298' title='bbox 203 2535 220 2558; x_wconf 69' lang='lat'><strong>4</strong></span> <span class='ocrx_word' id='word_1_299' title='bbox 246 2523 474 2564; x_wconf 87' lang='lat' dir='ltr'>instaurati.</span> <span class='ocrx_word' id='word_1_300' title='bbox 535 2534 575 2565; x_wconf 86' lang='lat' dir='ltr'>et</span> <span class='ocrx_word' id='word_1_301' title='bbox 605 2525 691 2565; x_wconf 87' lang='lat' dir='ltr'>ludi</span> <span class='ocrx_word' id='word_1_302' title='bbox 724 2526 919 2565; x_wconf 79' lang='lat' dir='ltr'>funebres</span> <span class='ocrx_word' id='word_1_303' title='bbox 948 2540 996 2566; x_wconf 88' lang='lat' dir='ltr'>eo</span> <span class='ocrx_word' id='word_1_304' title='bbox 1023 2539 1130 2565; x_wconf 89' lang='lat' dir='ltr'>anno</span> <span class='ocrx_word' id='word_1_305' title='bbox 1154 2540 1228 2579; x_wconf 87' lang='lat' dir='ltr'>per</span> <span class='ocrx_word' id='word_1_306' title='bbox 1254 2524 1529 2577; x_wconf 83' lang='lat' dir='ltr'>quadriduum</span> <span class='ocrx_word' id='word_1_307' title='bbox 1560 2524 1602 2564; x_wconf 91' lang='lat' dir='ltr'>in</span> 
     </span>
     <span class='ocr_line' id='line_1_39' title="bbox 247 2584 1599 2641; baseline 0.003 -18"><span class='ocrx_word' id='word_1_308' title='bbox 247 2584 336 2624; x_wconf 87' lang='lat' dir='ltr'>foro</span> <span class='ocrx_word' id='word_1_309' title='bbox 367 2585 509 2625; x_wconf 84' lang='lat' dir='ltr'>mortis</span> <span class='ocrx_word' id='word_1_310' title='bbox 543 2600 667 2627; x_wconf 86' lang='lat' dir='ltr'>causa</span> <span class='ocrx_word' id='word_1_311' title='bbox 696 2585 797 2641; x_wconf 58' lang='lat' dir='ltr'>[AL]</span> <span class='ocrx_word' id='word_1_312' title='bbox 825 2587 968 2629; x_wconf 79' lang='lat' dir='ltr'>Valeri</span> <span class='ocrx_word' id='word_1_313' title='bbox 999 2587 1178 2627; x_wconf 75' lang='lat' dir='ltr'>Laevini</span> <span class='ocrx_word' id='word_1_314' title='bbox 1209 2602 1233 2627; x_wconf 87' lang='lat' dir='ltr'>a</span> <span class='ocrx_word' id='word_1_315' title='bbox 1263 2587 1314 2627; x_wconf 90' lang='lat' dir='ltr'>P.</span> <span class='ocrx_word' id='word_1_316' title='bbox 1347 2595 1387 2627; x_wconf 84' lang='lat' dir='ltr'>et</span> <span class='ocrx_word' id='word_1_317' title='bbox 1410 2587 1473 2627; x_wconf 87' lang='lat' dir='ltr'>M.</span> <span class='ocrx_word' id='word_1_318' title='bbox 1506 2586 1599 2627; x_wconf 84' lang='lat' dir='ltr'>filiis</span> 
     </span>
     <span class='ocr_line' id='line_1_40' title="bbox 247 2644 1601 2702; baseline 0.001 -17"><span class='ocrx_word' id='word_1_319' title='bbox 247 2644 334 2685; x_wconf 87' lang='lat' dir='ltr'>eius</span> <span class='ocrx_word' id='word_1_320' title='bbox 371 2645 468 2685; x_wconf 83' lang='lat' dir='ltr'>faeti</span> <span class='ocrx_word' id='word_1_321' title='bbox 505 2654 544 2686; x_wconf 89' lang='lat' dir='ltr'>et</span> <span class='ocrx_word' id='word_1_322' title='bbox 581 2663 730 2688; x_wconf 90' lang='lat' dir='ltr'>munus</span> <span class='ocrx_word' id='word_1_323' title='bbox 768 2648 1059 2702; x_wconf 82' lang='lat' dir='ltr'>gladiatorium</span> <span class='ocrx_word' id='word_1_324' title='bbox 1101 2648 1243 2688; x_wconf 86' lang='lat' dir='ltr'>datum</span> <span class='ocrx_word' id='word_1_325' title='bbox 1281 2649 1333 2688; x_wconf 84' lang='lat' dir='ltr'>ab</span> <span class='ocrx_word' id='word_1_326' title='bbox 1369 2647 1438 2695; x_wconf 85' lang='lat' dir='ltr'>iis3</span> <span class='ocrx_word' id='word_1_327' title='bbox 1485 2646 1601 2702; x_wconf 83' lang='lat' dir='ltr'>paria</span> 
     </span>
    </p>
   </div>
  </div>
 </body>
</html>
