1799 2900
449 162 602 195 LIBER
627 161 816 206 xxxin,
845 162 971 197 1516.
1002 162 1199 205 [a.e.197]
1449 151 1504 194 95

149 266 420 321 grederentur
450 264 597 305 locatis
628 265 719 319 ipse
746 265 965 306 confestim
992 265 1156 321 agmine
1183 265 1336 320 duplici
1367 266 1505 319 sequi-

148 337 226 369 tur.
286 334 403 383 parte
428 342 511 366 una
534 327 793 367 mercennari
824 328 974 369 milites
1006 328 1122 369 ibant
1147 342 1240 368 611111
1264 328 1346 369 levi
1371 343 1504 368 arma-

148 397 256 438 tura,
295 390 424 430 altera
462 388 645 443 clipeati3
682 389 725 428 id
759 390 801 429 in
837 390 999 430 illarum
1037 390 1222 445 gentium
1254 390 1502 430 exercitibus

147 453 272 493 robur
291 458 390 492 erat.
434 450 516 491 iam
542 451 641 491 haut
666 452 808 506 procul
835 452 979 493 castris
1007 453 1178 492 aberant
1202 452 1362 507 pedites
1389 452 1503 505 equi-

147 521 304 567 tesque,
331 522 371 554 et
384 513 595 553 Thracum
615 514 783 566 quidam
803 513 844 554 in
864 529 993 568 vagos
1018 515 1261 569 palatosque
1287 529 1360 569 per
1381 529 1502 569 agros

148 576 278 617 hostis
303 575 504 630 impetum
529 575 732 625 fecerant,
760 590 852 615 cum
878 591 1025 630 repens
1053 584 1182 617 terror
1207 577 1352 617 castris
1379 576 1504 617 infer-

147 645 224 678 tur.
286 637 491 692 trepidare
524 637 628 686 dux,
661 644 707 677 ut
738 637 805 690 qui
837 637 977 678 hostes
1004 653 1210 691 nusquam
1240 638 1320 679 nisi
1343 653 1436 678 raro
1462 638 1504 677 in

147 700 320 741 collibus
348 706 442 740 ante
470 697 695 753 Sicyonem
720 714 803 739 non
829 700 1018 740 audentis
1046 715 1197 755 agmen
1223 700 1437 741 demittere
1462 700 1503 739 in

147 776 315 816 campos
343 762 528 810 vidisset,
556 762 607 801 ab
622 760 791 802 Cleonis
819 763 985 815 quidem
1013 777 1252 803 accessuros
1279 777 1505 815 numquam

146 824 402 864 credidisset.
451 824 637 864 revocari
663 825 762 864 tuba
786 825 898 864 iubet
925 840 1054 879 vagos
1081 841 1105 865 a
1131 825 1276 865 castris
1304 825 1501 879 dilapsos.

146 885 235 940 ipse
250 886 398 940 raptim
414 899 560 940 capere
575 901 690 925 arma
709 886 833 926 iussis
849 886 1045 927 militibus
1065 886 1316 939 infrequenti
1338 886 1502 941 agmine

146 954 265 1001 porta
290 962 484 1001 egressus
507 962 630 1002 super
650 948 802 988 fiumen
821 948 987 988 instruit
1008 949 1150 997 aciem,
1178 956 1338 989 ceterae
1360 949 1502 1003 copiae

146 1010 216 1049 vix
241 1009 392 1063 conligi
419 1020 541 1062 atque
566 1009 713 1049 instrui
735 1024 827 1049 cum
852 1011 1098 1063 potuissent,
1125 1011 1303 1064 primum
1323 1010 1504 1051 hostium

146 1071 331 1125 inpetum
362 1086 445 1111 non
476 1071 670 1111 tulerunt.
745 1071 1004 1111 BIacedoncs
1038 1081 1077 1111 et
1108 1071 1288 1111 maxime
1320 1072 1503 1112 omnium

146 1133 383 1186 frequentes
421 1133 473 1172 ad
510 1133 630 1187 signa
666 1132 832 1172 fuerant
869 1140 909 1173 et
945 1133 1014 1172 diu
1053 1133 1274 1187 ancipitem
1307 1133 1503 1174 victoriae

146 1210 264 1249 spem
300 1195 507 1242 fecerunt3
546 1201 758 1248 postremo
795 1194 898 1248 fuga
935 1201 1165 1235 ceterorum
1202 1195 1365 1243 nudati,
1411 1210 1503 1235 cum

146 1257 251 1297 duae
288 1255 370 1296 iam
408 1255 516 1296 acies
549 1255 730 1296 hostium
764 1271 815 1296 cx
847 1257 1031 1305 diverso,
1070 1257 1173 1297 levis
1211 1264 1420 1298 armatura
1452 1258 1503 1298 ab

143 1318 291 1367 latere,
329 1317 493 1372 clipeati
531 1319 783 1372 caetratique
816 1334 840 1359 a
870 1319 1006 1360 fronte
1037 1327 1250 1374 urgerent,
1287 1328 1328 1361 et
1356 1320 1436 1375 ipsi
1460 1336 1504 1361 re

143 1380 339 1421 inclinata
382 1380 515 1435 primo
553 1381 747 1422 rettulere
793 1381 961 1435 pedem,
1006 1382 1154 1422 deinde
1195 1382 1351 1437 inpulsi
1387 1390 1505 1438 terga

145 1449 328 1491 vertunt,
366 1450 406 1482 et
436 1442 622 1497 plerique
648 1443 819 1483 abiectis
852 1443 996 1492 armis,
1034 1444 1149 1484 nulla
1174 1459 1248 1499 spe
1275 1452 1504 1485 castrorum

146 1505 418 1545 tenendorum
466 1505 610 1545 relicta
654 1504 902 1546 Corinthum
950 1506 1170 1560 petierunt.
1241 1507 1502 1548 Nicostratus

145 1565 438 1606 mercennariis
476 1566 676 1606 militibus
714 1567 768 1607 ad
805 1567 880 1607 hos
923 1568 1256 1621 persequendos,
1296 1569 1503 1622 equitibus

146 1627 439 1680 Thracumque
471 1627 633 1667 auxiliis
665 1628 708 1667 in
738 1629 1003 1683 populatores
1038 1631 1128 1683 agri
1155 1629 1340 1684 Sicyonii
1364 1630 1503 1670 missis

145 1705 341 1744 magnam
374 1690 527 1742 ubique
553 1690 723 1731 caedem
749 1691 895 1740 edidit,
933 1692 1133 1732 maiorem
1157 1707 1286 1747 prope
1313 1707 1437 1745 quam
1462 1692 1505 1732 in

146 1752 303 1806 proelio
340 1752 444 1806 ipso.
505 1767 558 1792 ex
592 1752 644 1792 iis
677 1767 858 1805 quoque,
897 1753 966 1806 qui
996 1754 1197 1794 Pellenen
1221 1754 1503 1807 Phliuntaque

147 1814 388 1869 depopulati
420 1822 554 1863 erant,
593 1814 856 1869 incompositi
893 1816 1044 1869 partim
1070 1817 1336 1869 omniumque
1366 1817 1502 1871 ignari

146 1877 200 1917 ad
236 1884 372 1917 castra
406 1884 661 1917 revertentes
693 1877 736 1916 in
766 1877 948 1917 hostium
982 1878 1181 1919 stationes
1214 1886 1426 1931 tamquam
1461 1880 1504 1919 in

147 1953 243 1979 suas
268 1938 385 1979 inlati
411 1945 526 1987 sunt,
563 1938 715 1993 partim
741 1953 792 1979 cx
824 1939 1015 1979 discursu
1044 1940 1087 1980 id
1113 1940 1224 1992 quod
1256 1948 1343 1981 erat
1370 1941 1504 1995 suspi-

146 2000 226 2041 cati
250 2000 307 2041 ita
332 2015 377 2041 se
402 2000 444 2040 in
470 2001 615 2054 fugam
640 2000 799 2055 passim
825 2010 1082 2055 sparserant,
1108 2010 1153 2042 ut
1178 2002 1230 2042 ab
1255 2002 1356 2056 ipsis
1384 2018 1504 2056 agre-

147 2062 278 2103 stibus
304 2070 488 2103 errantes
516 2063 923 2104 eircumvenirentur.
963 2063 1200 2104 ceciderunt
1225 2079 1273 2104 eo
1300 2064 1365 2104 die
1391 2065 1503 2105 mille

145 2131 186 2165 et
217 2124 449 2179 quingenti,
488 2125 596 2180 capti
622 2125 808 2166 trecenti.
868 2125 1032 2166 Achaia
1058 2126 1191 2167 omnis
1223 2141 1376 2181 magno
1401 2127 1503 2168 libe-

144 2193 234 2226 rata
258 2194 384 2227 metu.

229 2246 356 2290 XVI.
404 2248 657 2301 Priusquam
684 2248 947 2289 dimicaretur
973 2249 1026 2289 ad
1052 2248 1414 2304 Cynoscephalas,
1447 2250 1500 2291 L.

146 2307 368 2359 Quinctius
385 2307 614 2363 Corcyram
640 2311 784 2350 excitis
799 2311 1071 2350 Acarnanum
1095 2311 1370 2365 principibus,
1398 2327 1502 2365 quae

146 2370 235 2410 sola
250 2369 452 2411 Graeciae
478 2371 662 2425 gentium
689 2371 730 2411 in
757 2372 954 2413 societate
969 2373 1252 2413 Macedonum
1278 2382 1500 2423 manserat,

145 2431 307 2472 initium
339 2433 546 2485 quoddam
576 2433 633 2473 ibi
662 2441 799 2474 motus
830 2434 941 2474 fecit.
1009 2435 1114 2475 duae
1146 2442 1285 2476 autem
1322 2436 1501 2477 maxime

145 2507 295 2534 causae
326 2508 397 2534 eos
430 2501 648 2535 tenuerant
677 2495 720 2535 in
752 2495 932 2536 amicitia
962 2496 1092 2551 regis,
1130 2512 1212 2538 una
1241 2497 1344 2538 fides
1376 2498 1501 2539 insita

144 2555 271 2609 genti,
298 2555 427 2596 altera
451 2563 585 2597 metus
611 2557 834 2611 odiumque
848 2558 1107 2599 Aetolorum.
1148 2559 1366 2600 concilium
1385 2559 1500 2600 Leu-

145 2617 288 2658 cadem
326 2617 526 2658 indictum
557 2625 631 2660 cst.
693 2634 741 2660 eo
773 2634 906 2673 neque
939 2621 1075 2661 cuncti
1106 2635 1334 2662 convenere
1367 2622 1500 2662 Acar-

1533 1086 1572 1114 10

1535 1211 1568 1237 11

1531 1395 1571 1424 1‘)

1555 1417 1571 1424 .-

1534 1520 1571 1548 13

1533 1767 1572 1795 14

1532 1952 1571 1982 15

1531 2077 1569 2106 16

1527 2450 1544 2478 10
