1799 2900
469 98 622 132 LIBER
648 99 834 142 XXXVI,
861 99 914 133 14.
937 99 989 134 15.
1017 99 1218 144 [a.0.191]
1444 89 1529 132 233

169 202 453 244 circummisso
474 201 706 242 interclusit
732 202 784 242 ad
807 203 952 244 urbem
977 204 1054 244 iter
1079 203 1246 245 armatis
1270 217 1527 257 vacuamque

169 280 259 306 eam
291 264 412 319 cepit.
481 272 567 304 tum
599 264 779 305 clamore
811 266 863 306 ab
897 273 1013 319 tergo
1046 274 1191 321 captae
1222 265 1336 307 urbis
1369 265 1525 313 audito,
1554 278 1593 308 14

167 326 464 381 refugientium
489 326 671 378 undique
698 341 749 367 ex
775 327 890 368 silvis
922 328 1210 368 insidiatorum
1236 328 1384 369 caedes
1416 327 1528 368 facta

169 396 245 430 est.
318 389 370 429 ab
413 388 666 429 Thaumacis
713 389 841 430 altero
879 389 945 430 die
989 390 1133 430 consul
1176 390 1229 430 ad
1266 389 1527 445 Spercheum
1554 407 1592 436 15

169 466 334 492 amnem
359 451 565 506 pervenit,
593 451 689 491 inde
716 452 1032 506 Hypataeorum
1058 467 1180 507 agros
1207 453 1399 494 vastavit.

253 513 357 557 XV.
408 512 518 554 Cum
544 514 647 554 haec
673 515 914 568 agebantur,
944 513 1144 555 Chalcide
1170 523 1256 556 erat
1275 515 1525 564 Antiochus,
1554 526 1569 556 1

168 576 251 617 iam
265 583 353 616 tum
374 590 561 624 cernens,
582 576 683 616 nihil
698 591 741 617 se
763 591 813 616 ex
830 575 1007 617 Graecia
1025 584 1188 631 praeter
1203 592 1378 618 amoena
1400 576 1529 619 Chal-

169 638 260 678 cide
286 638 459 678 hiberna
484 646 525 678 et
548 638 725 679 infames
751 638 917 693 nuptias
943 639 1112 693 petisse.
1163 647 1260 679 tunc
1280 640 1527 681 Aetolorum

170 715 278 740 vana
307 700 515 755 promissa
545 700 734 741 incusare
767 709 808 741 et
833 700 1087 749 Thoantem,
1119 701 1400 742 Hannibalem
1428 717 1526 742 vcro
1554 711 1572 740 -2

170 777 253 803 11011
267 770 311 803 111.
330 763 576 817 prudentem
596 770 755 803 tantum
769 762 915 812 virum,
943 764 1016 803 sed
1036 778 1163 818 prope
1184 771 1321 804 vatem
1345 764 1528 804 omnium

171 838 276 877 quae
303 832 389 864 tum
415 824 646 873 evenirent,
680 824 885 865 admirari.
947 840 997 865 ne
1030 834 1170 866 tamen
1201 834 1354 866 temere
1381 834 1530 881 coepta

172 886 351 941 segnitia
374 886 544 941 insuper
569 894 789 935 everteret,
828 887 994 927 nuntios
1020 887 1061 927 in
1086 888 1298 928 Aetoliam
1322 888 1452 937 misit,
1483 898 1530 928 ut

172 948 283 988 omni
308 956 519 989 contracta
544 948 755 989 inventute
770 949 1039 989 convenirent
1064 949 1271 999 Lamiam,
1299 958 1339 990 61
1363 950 1452 1004 ipse
1479 965 1528 991 60
1555 961 1573 990 3

172 1011 314 1050 decem
340 1011 453 1050 milia
479 1011 564 1051 fere
589 1010 775 1064 peditum
801 1025 852 1050 ex
884 1011 947 1050 his
980 1012 1048 1063 qui
1083 1020 1229 1065 postea
1254 1020 1452 1052 venerant
1478 1028 1530 1053 cx

170 1072 278 1112 Asia
302 1072 467 1127 expleta
491 1080 531 1112 et.
563 1071 722 1124 equites
749 1071 999 1126 quingentos
1033 1073 1162 1113 duxit.
1223 1087 1305 1126 quo
1331 1088 1425 1114 cum
1457 1074 1529 1114 ali·
1553 1085 1573 1113 4

172 1142 326 1186 quanto
356 1133 571 1188 pauciores
605 1148 729 1186 quam
764 1148 961 1186 umquam
994 1146 1115 1174 antea
1147 1135 1458 1184 convenissent,
1490 1143 1531 1176 et

170 1197 377 1251 principes
400 1195 684 1236 tantummodo
704 1209 796 1235 cum
817 1196 960 1250 paucis
983 1196 1202 1237 clientibus
1224 1205 1377 1245 essent,
1405 1206 1528 1250 atque

170 1258 199 1298 ii
224 1259 420 1308 dicerent,
447 1258 586 1299 omnia
606 1257 750 1298 sedulo
765 1258 816 1298 ab
837 1273 881 1298 se
907 1259 1027 1307 facta,
1054 1266 1099 1299 ut
1118 1273 1242 1312 quam
1261 1259 1462 1314 plurimos
1478 1274 1530 1300 ex

172 1321 406 1362 civitatibus
434 1321 518 1361 suis
546 1326 786 1369 evocarent,
820 1335 897 1360 nec
922 1322 1165 1362 auctoritate
1191 1336 1268 1362 nec
1293 1323 1428 1377 gratia
1452 1336 1529 1362 nec
1556 1333 1574 1361 5

171 1384 343 1439 imperio
364 1384 563 1424 adversus
581 1383 859 1423 detractantes
878 1383 1067 1424 militiam
1089 1384 1282 1433 valuisse,
1305 1385 1528 1425 destitutus

171 1446 352 1499 undiquc
379 1454 420 1486 61
445 1446 495 1486 ab
522 1446 620 1493 suis,
648 1444 717 1498 qui
741 1446 1009 1486 morabantur
1035 1446 1076 1486 in
1100 1446 1220 1494 Asia,
1248 1455 1288 1486 et,
1312 1447 1365 1487 ab
1392 1447 1528 1495 sociis,

173 1508 242 1561 qui
267 1523 317 1548 ea
339 1509 382 1548 in
402 1522 576 1560 quorum
598 1522 714 1562 spem
736 1516 987 1548 vocaverant
1006 1523 1090 1549 11011
1114 1510 1396 1563 praestabant,
1422 1510 1530 1549 intra

174 1570 325 1610 saltum
362 1569 738 1624 Thermopylarum
776 1584 868 1609 sese
904 1570 1074 1624 recepit.
1144 1570 1187 1610 id
1223 1570 1384 1624 iugum,
1424 1572 1573 1611 5161116

174 1631 386 1686 Apennini
407 1632 530 1671 dorso
546 1631 667 1671 [talia
688 1631 896 1679 dividitur,
923 1631 979 1671 ita
999 1632 1179 1672 mediam
1195 1631 1416 1673 Graeciam
1433 1633 1530 1672 diri-

175 1694 259 1734 mit.
309 1702 403 1734 ante
430 1693 579 1734 5111111111
594 1693 969 1747 Thermopylarum
995 1693 1037 1733 in
1064 1694 1388 1748 septentrionem
1408 1709 1530 1734 versa
1557 1705 1573 1734 7

174 1756 325 1810 Epiros
341 1764 381 1796 61
392 1755 648 1796 Perrhaebia
661 1755 933 1810 etMagnesia
947 1764 985 1796 61
995 1756 1216 1796 Thessalia
1231 1764 1293 1796 est
1307 1765 1346 1796 et
1354 1756 1531 1796 Phthio-

174 1827 240 1858 tae
265 1818 428 1858 Achaei
453 1826 491 1858 et
520 1818 634 1858 sinus
660 1817 868 1858 Maliacus
878 1835 888 1867 3
926 1819 1033 1859 intra
1063 1818 1205 1858 fauces
1232 1818 1284 1858 ad
1314 1818 1530 1859 meridiem
1556 1827 1575 1857 8

174 1888 352 1934 vergunt
366 1880 558 1921 Aetoliae
582 1895 679 1934 pars
706 1880 837 1920 maior
863 1888 903 1921 et
915 1880 1156 1921 Acarnania
1181 1888 1332 1921 etcum
1348 1880 1530 1921 Locride

174 1942 327 1983 Phocis
354 1952 394 1983 et
425 1942 601 1983 Boeotia
637 1942 911 1995 adiunctaque
948 1943 1084 1983 insula
1108 1943 1283 1983 Euboea
1315 1951 1356 1983 et
1387 1956 1532 1983 excur-

173 2013 288 2045 rente
308 2005 349 2044 in
369 2005 497 2045 altum
513 2005 624 2045 velut
644 2005 928 2059 promunturio
943 2005 1086 2045 Attica
1106 2012 1226 2053 terra,
1254 2005 1333 2045 sita
1348 2005 1399 2044 ab
1413 2012 1530 2059 tergo

176 2074 216 2107 et
238 2067 568 2122 Peloponnesus.
608 2067 686 2107 hoc
710 2067 853 2121 iugum
878 2067 930 2107 ab
950 2067 1138 2107 Leucate
1164 2076 1203 2107 et
1228 2066 1331 2106 mari
1352 2066 1404 2106 ad
1424 2066 1531 2106 occi-
1556 2076 1574 2106 9

175 2128 341 2169 dentem
368 2144 486 2170 verso
512 2144 585 2183 per
600 2129 810 2169 Aetoliam
837 2129 890 2169 ad
915 2129 1092 2169 alterum
1116 2143 1229 2168 mare
1253 2127 1398 2169 orienti
1418 2127 1532 2168 obie-

175 2198 286 2229 ctum
319 2191 493 2231 tendens
526 2206 574 2231 ea
606 2198 771 2245 aspreta
802 2205 1009 2245 rupesque
1040 2190 1275 2231 interiectas
1307 2190 1449 2237 habet,
1487 2196 1531 2230 ut

174 2267 256 2292 11011
283 2253 405 2293 modo
432 2253 656 2301 exercitus,
690 2253 764 2293 sed
788 2268 840 2293 ne
866 2252 1048 2307 expediti
1079 2252 1246 2305 quidem
1272 2251 1392 2292 facile
1424 2251 1530 2291 ullas

175 2315 227 2354 ad
249 2315 466 2355 transitum
483 2315 607 2355 calles
628 2314 853 2355 inveniant.
893 2321 1100 2354 extremos
1121 2314 1174 2354 ad
1195 2314 1395 2354 orientem
1414 2328 1532 2354 mon-
1560 2324 1599 2355 10

174 2376 226 2416 tis
243 2376 397 2417 Oetam
424 2384 586 2425 vocant,
613 2391 787 2429 quorum
814 2376 925 2428 quod
950 2375 1197 2416 altissimum
1224 2382 1299 2424 cst,
1327 2374 1532 2416 Callidro-

175 2454 271 2479 mon
298 2439 541 2493 adpellatur,
574 2438 614 2478 in
647 2438 762 2478 cuius
795 2439 902 2478 valle
934 2438 984 2478 ad
1016 2438 1244 2478 hlaliacum
1278 2437 1414 2478 sinum
1441 2453 1532 2478 ver-

174 2511 298 2556 gente
329 2502 405 2543 iter
436 2511 500 2542 est
530 2517 613 2541 non
644 2501 766 2541 latius
798 2516 922 2554 quam
950 2501 1168 2555 sexaginta
1197 2516 1361 2556 passus
1428 2500 1531 2541 haec
1559 2511 1592 2541 11

176 2577 256 2604 una
282 2563 468 2604 militaris
496 2563 561 2604 via
587 2572 661 2613 est,
688 2578 769 2617 qua
794 2562 953 2604 traduci
979 2562 1197 2613 exercitus,
1225 2563 1259 2604 si
1284 2578 1366 2604 non
1392 2562 1530 2619 prohi-
