1799 2900
488 192 640 226 LIBER
666 193 816 237 xxxi,
842 193 896 227 37.
918 193 971 227 38.
1000 194 1049 236 [a.
1066 192 1104 227 0.
1120 191 1202 235 c200]
1475 180 1530 222 33

173 297 311 340 caedis
336 295 679 351 intemperantius
713 296 843 336 secuti
874 297 913 337 in
940 310 1209 352 praegressas
1236 308 1330 335 cum
1356 293 1530 334 tribunis

174 360 348 401 militum
376 359 567 400 cohortes
593 359 807 399 Romanas
833 359 1027 408 incidere,
1055 366 1094 399 et
1119 357 1284 412 fugiens
1311 371 1458 410 eques,
1485 362 1531 395 ut
1558 368 1573 395 7

174 423 306 478 primo
338 422 458 476 signa
495 436 663 461 suorum
689 420 810 470 vidit,
849 421 1050 462 convertit
1080 421 1123 461 in
1154 420 1334 461 effusum
1369 418 1530 459 hostem

175 498 324 537 equos,
362 497 565 536 versaque
602 490 812 523 momento
850 483 1047 538 temporis
1080 483 1247 523 fortuna
1277 495 1443 536 pugnae
1469 487 1533 521 est

175 553 293 600 terga
318 545 531 594 dantibus,
565 545 634 598 qui
659 545 782 585 modo
811 546 941 586 secuti
966 551 1094 586 erant.
1155 544 1275 584 multi
1300 543 1529 585 comminus
1557 553 1576 583 S

176 607 409 662 congressi,
447 606 567 647 multi
598 607 807 661 fugientes
845 607 1063 648 interfecti.
1124 621 1200 647 nec
1231 607 1340 647 ferro
1373 612 1532 646 tantum

175 669 352 725 periere,
392 669 467 709 sed
502 669 544 709 in
582 669 755 723 paludes
789 669 957 722 quidam
989 668 1163 710 coniecti
1198 667 1404 723 profundo
1436 666 1534 706 limo

177 746 270 772 cum
296 732 397 786 ipsis
425 731 541 784 equis
569 731 706 772 hausti
733 739 841 772 sunt.
875 747 948 772 rex
973 745 1136 785 quoque
1161 730 1203 770 in
1229 729 1411 785 periculo
1437 728 1532 776 fuit3
1561 738 1578 767 9

177 810 273 834 nam
303 801 449 834 ruente
482 794 621 834 saucio
649 808 754 847 equo
786 808 985 849 praeceps
1019 794 1071 834 ad
1097 801 1249 834 terram
1275 792 1395 833 datus
1422 790 1535 831 haud

178 856 353 896 multum
372 856 488 905 afuit,
516 856 614 909 quin
640 856 779 897 iacens
801 857 1114 911 obprimeretur.
1149 855 1271 896 saluti
1296 854 1374 895 fuit
1394 868 1534 907 eques,
1564 864 1604 893 10

179 919 249 972 qui
283 918 434 972 raptim
470 918 560 973 ipse
603 918 768 958 desiluit
810 919 1091 973 pavidumque
1126 932 1270 972 regem
1305 916 1348 956 in
1385 930 1538 969 equum

181 980 366 1021 subiecit.
427 980 537 1034 ipse,
577 995 670 1020 cum
700 981 828 1035 pedes
861 995 1038 1033 aequare
1065 994 1188 1020 cursu
1218 978 1428 1034 fugientes
1453 993 1538 1018 non

180 1049 323 1097 posset
358 1043 536 1095 equites,
581 1043 632 1082 ab
675 1042 864 1082 hostibus
903 1042 955 1082 ad
992 1056 1135 1082 casum
1172 1041 1283 1095 regis
1322 1039 1537 1081 concitatis

181 1105 399 1145 confossus
430 1104 550 1158 perit.
610 1119 681 1143 rex
712 1104 1013 1143 circumvectus
1045 1103 1218 1157 paludes
1251 1117 1325 1156 per
1356 1101 1444 1142 vias
1478 1101 1540 1141 in-
1568 1111 1603 1140 11

181 1168 329 1220 viaque
356 1166 517 1220 trepida
542 1166 645 1219 fuga
669 1165 712 1205 in
737 1172 874 1205 castra
898 1165 1085 1214 tandem,
1111 1165 1194 1205 iam
1220 1163 1538 1218 desperantibus

179 1229 388 1283 plerisque
413 1227 663 1268 incolumem
689 1242 924 1275 evasurum,
951 1227 1152 1282 pervenit.
1203 1226 1369 1266 ducenti
1394 1226 1540 1266 BIace-
1568 1235 1607 1264 12

181 1290 334 1330 donum
371 1289 530 1342 equites
569 1304 617 1329 eo
649 1289 806 1344 proelio
838 1288 1016 1343 periere,
1056 1296 1222 1329 centum
1253 1288 1384 1329 ferme
1416 1286 1539 1342 capti,

181 1350 392 1405 octoginta
428 1351 652 1392 admodum
689 1350 822 1392 ornati
859 1350 953 1404 equi
990 1350 1133 1406 spoliis
1172 1349 1295 1391 simul
1332 1364 1540 1390 armorum

180 1413 320 1454 relatis
346 1413 527 1454 abducti.

266 1474 539 1518 XXXVIII.
599 1477 736 1517 Fuere
774 1476 843 1529 qui
880 1475 959 1517 hoc
996 1475 1061 1515 die
1100 1490 1242 1529 regem
1284 1473 1540 1522 temeritatis,
1571 1485 1584 1513 1

183 1537 397 1577 consulem
427 1538 628 1591 segnitiae
668 1545 923 1579 accusarent.
996 1553 1093 1578 nam
1130 1545 1170 1578 et
1200 1536 1396 1592 Philippo
1429 1536 1543 1589 quie-

185 1599 384 1638 scendum
409 1599 551 1649 fuisse,
578 1616 672 1641 cum
697 1600 840 1655 paucis
863 1600 1009 1641 diebus
1037 1600 1178 1641 hostes
1205 1599 1409 1640 exhausto
1436 1599 1544 1639 circa

186 1659 297 1700 omni
322 1675 423 1714 agro
450 1661 503 1700 ad
527 1662 716 1702 ultimum
742 1661 906 1716 inopiae
932 1668 1128 1702 venturos
1157 1661 1297 1710 sciret,
1330 1668 1371 1701 ct
1396 1675 1545 1701 consu-

185 1722 280 1771 lem,
306 1736 401 1762 cum
416 1723 643 1775 equitatum
662 1724 844 1765 hostium
862 1724 1080 1776 levemque
1096 1730 1347 1763 armaturam
1368 1722 1546 1762 fudisset

187 1798 234 1824 110
270 1798 400 1838 prope
429 1800 572 1839 regem
603 1786 741 1839 ipsum
774 1785 972 1839 cepisset,
1004 1784 1193 1839 protinus
1227 1784 1279 1824 ad
1305 1792 1441 1824 castra
1472 1783 1546 1823 ho-

188 1845 312 1886 stium
338 1846 488 1887 ducere
515 1847 730 1887 debuisse:
767 1861 844 1887 nec
869 1847 978 1887 enim
1003 1861 1223 1887 mansuros
1249 1845 1307 1885 ita
1331 1845 1544 1900 perculsos
1571 1857 1590 1885 3

188 1907 318 1948 hostis
346 1907 476 1949 fuisse
503 1909 782 1962 debellarique
807 1915 1017 1949 momento
1044 1907 1240 1962 temporis
1266 1906 1467 1962 potuisse.
1505 1906 1547 1946 id

188 1970 299 2010 dictu
325 1984 449 2022 quam
474 1985 536 2019 re,
563 1978 608 2011 ut
632 1972 848 2026 pleraque,
881 1970 1044 2011 facilius
1071 1977 1170 2010 erat.
1232 1984 1329 2009 nam
1356 1968 1390 2009 si
1415 1968 1547 2009 omni-
1573 1980 1591 2008 4

190 2032 264 2072 bus
289 2032 477 2086 peditum
502 2047 667 2086 quoque
693 2033 822 2088 copiis
849 2047 1100 2087 congressus
1126 2046 1199 2072 rex
1226 2031 1392 2080 fuisset,
1425 2030 1547 2070 forsi-

189 2102 258 2134 tan
294 2094 400 2135 inter
431 2095 671 2143 tumultum,
711 2109 803 2135 011111
836 2110 980 2135 omnes
1014 2093 1111 2134 victi
1141 2100 1336 2145 metuque
1368 2091 1548 2147 perculsi

188 2171 239 2197 ex
264 2157 421 2211 proelio
442 2157 550 2198 intra
575 2158 729 2198 vallum
754 2157 942 2212 protinus
968 2157 1064 2197 inde
1086 2155 1432 2210 supervadentem
1458 2169 1548 2193 11111-

188 2219 373 2259 nimenta
402 2219 602 2261 victorem
634 2220 798 2261 hostem
824 2220 1035 2273 fugerent,
1069 2218 1165 2258 exui
1190 2217 1337 2258 castris
1368 2215 1549 2271 potuerit

188 2295 275 2321 rex.
336 2295 428 2321 cum
456 2296 554 2322 vero
585 2282 774 2336 integrae
800 2281 943 2336 copiae
975 2281 1162 2336 peditum
1192 2280 1235 2320 in
1261 2279 1406 2320 castris
1433 2293 1550 2318 man-

191 2344 369 2393 sissent,
420 2344 619 2385 stationes
669 2352 763 2385 ante
818 2352 959 2398 portas
1008 2342 1297 2397 praesidiaque
1347 2341 1550 2396 disposita

191 2412 344 2454 essent,
371 2406 487 2458 quid,
513 2406 594 2447 nisi
618 2413 663 2446 ut
689 2407 963 2446 temeritatem
988 2406 1120 2445 effuse
1146 2405 1270 2459 paulo
1296 2411 1392 2444 ante
1418 2403 1550 2444 secuti

191 2468 404 2523 perculsos
443 2468 602 2520 equites
640 2468 886 2517 imitaretur,
924 2467 1197 2522 profecisset?
1268 2481 1402 2519 neque
1440 2465 1549 2506 enim
1574 2477 1594 2508 6

191 2546 242 2571 110
267 2530 377 2584 regis
404 2530 572 2583 quidem
595 2530 774 2585 primum
800 2530 1036 2578 consilium,
1076 2543 1156 2584 quo
1186 2528 1373 2584 inpetum
1398 2528 1440 2568 in
1465 2528 1551 2568 fru—

191 2600 441 2633 mentatores
463 2592 624 2646 palatos
644 2608 717 2647 per
738 2607 859 2647 agros
880 2591 990 2640 fecit,
1016 2591 1403 2646 reprehendendum
1430 2589 1550 2639 foret,

193 2655 227 2695 si
271 2654 439 2695 modum
480 2669 704 2710 prosperae
746 2669 912 2710 pugnae
954 2653 1221 2708 inposuisset.
1294 2667 1343 2694 eo
1386 2665 1550 2706 quoque
1577 2664 1592 2690 7

264 2722 325 2748 Livi
340 2722 392 2748 vol.
410 2720 457 2747 ΙΙΙ.
1309 2719 1331 2753 3

1570 1669 1588 1698 [0

1574 2294 1593 2322 υἱ
