1799 2900
487 172 639 207 LIBER
664 173 832 215 xxxm,
859 173 912 207 38.
933 174 986 207 39.
1017 175 1065 216 [a.
1083 171 1217 216 0197]
1477 159 1530 202 81

183 279 358 320 clausae.
390 277 532 332 paucis
552 276 799 331 principium
818 277 924 316 intcr
944 277 1120 331 primum
1140 275 1361 316 tumultum
1381 273 1533 329 elapsis
1562 286 1579 317 7

182 355 325 381 eorum
349 338 584 380 absentium
609 339 793 393 direptae
825 338 1034 387 fortunae,
1072 338 1360 392 praesentibus
1393 351 1537 377 aurum

183 410 306 455 atque
343 408 562 456 argentum
598 401 800 447 ablatum,
837 400 1038 454 pecuniae
1076 400 1300 454 imperatae
1331 400 1535 453 ingentes.

184 464 253 517 qui
284 478 367 504 non
399 470 639 503 cunctanter
673 463 882 502 contulere
915 462 1002 502 sine
1034 462 1283 503 contumelia
1314 470 1354 502 et
1383 461 1538 501 lacera-
1563 472 1583 502 8

183 527 295 567 tione
320 539 539 579 corporum
566 524 746 573 dimissi,
779 539 880 577 quos
913 524 1100 565 occulere
1125 532 1196 564 aut
1225 523 1436 564 retrahere
1467 522 1540 562 ali-

185 587 283 641 quid
314 587 486 642 suspitio
521 586 597 626 fuit
627 587 669 626 in
702 586 893 626 servilem
925 586 1094 626 modum
1121 584 1289 626 lacerati
1320 592 1443 637 atque
1469 598 1539 624 ex-

185 649 292 690 torti.
354 649 544 689 contione
585 648 681 688 inde
724 647 925 688 advocata
968 648 1205 701 rogationes
1246 645 1538 701 promulgavit,
1567 658 1583 687 9

186 726 311 750 unam
336 711 387 750 de
412 710 563 751 tabulis
589 709 721 758 novis,
749 710 919 749 alteram
940 709 990 749 de
1013 724 1112 764 agro
1135 708 1284 749 viritim
1305 707 1540 754 dividendo,

186 773 288 813 duas
315 772 427 812 faces
453 771 702 813 novantibus
728 786 794 811 res
821 771 873 811 ad
900 771 1065 825 plebem
1090 770 1132 810 in
1154 770 1374 825 optimates
1396 783 1542 809 aecen-

188 835 379 876 dendam.

271 895 566 937 XXXVIIII.
609 895 840 948 Postquam
865 895 907 935 in
932 902 1138 950 potestate
1162 894 1418 948 Argivorum
1444 893 1543 933 civi-
1572 906 1584 933 1

188 966 250 998 tas
278 966 376 1006 erat,
403 957 504 997 nihil
530 957 616 997 eius
643 972 800 998 memor
820 965 1034 1010 tyrannim,
1061 972 1085 997 a
1111 970 1190 1009 quo
1217 971 1308 996 eam
1335 955 1543 995 civitatem

189 1028 227 1061 et
253 1020 295 1059 in
320 1034 444 1072 quam
476 1019 760 1059 condicionem
792 1019 1041 1072 accepisset,
1079 1018 1239 1072 legatos
1265 1018 1458 1057 Elateam
1491 1017 1544 1056 ad
1570 1029 1587 1058 2

190 1081 432 1134 Quinctium
458 1090 497 1120 et
521 1081 713 1120 Attalum
742 1080 934 1134 Aeginae
972 1080 1259 1119 hibernantem
1295 1078 1438 1127 mittit,
1477 1079 1545 1132 qui

188 1143 424 1183 nuntiarent
454 1143 594 1195 Argos
631 1142 674 1181 in
709 1149 915 1196 potestate
953 1156 1029 1180 sua
1066 1155 1178 1181 esse:
1229 1155 1277 1180 eo
1316 1140 1351 1180 si
1387 1140 1546 1180 veniret

190 1205 409 1256 Quinctius
437 1204 489 1243 ad
515 1203 796 1255 conloquium,
823 1218 906 1243 non
938 1202 1147 1251 diffidere,
1176 1201 1254 1242 sibi
1284 1202 1422 1242 omnia
1453 1216 1544 1241 cum

189 1282 237 1308 eo
270 1273 534 1306 conventura.
595 1264 835 1316 Quinctius,
862 1272 905 1304 111
939 1280 987 1305 eo
1019 1278 1182 1317 quoque
1207 1263 1413 1318 praesidio
1445 1263 1546 1303 Phi-
1573 1276 1590 1303 :3

189 1328 347 1382 lippum
377 1327 570 1375 nudaret,
609 1342 702 1367 011111
733 1327 947 1367 adnuisset
985 1341 1029 1367 se
1063 1334 1300 1374 venturum,
1339 1325 1462 1366 mittit
1495 1326 1548 1365 ad

190 1389 398 1437 Attalum,
435 1396 478 1428 ut
510 1389 561 1429 ab
586 1389 753 1443 Aegina
787 1387 1010 1442 Sicyonem
1043 1388 1121 1429 sibi
1153 1388 1409 1436 obcurreret3
1458 1387 1546 1442 ipsc
1571 1400 1589 1427 4

191 1452 242 1492 ab
266 1451 472 1505 Anticyra
497 1451 641 1491 decem
667 1451 1052 1504 quinqueremibus,
1091 1465 1193 1503 quas
1226 1450 1275 1490 iis
1308 1450 1414 1490 forte
1444 1449 1546 1504 ipsis

189 1512 336 1553 diebus
351 1513 404 1553 L.
423 1512 641 1565 Quinctius
664 1514 790 1553 frater
811 1513 897 1553 cius
920 1513 1148 1553 adduxerat
1170 1527 1221 1553 ex
1246 1512 1428 1552 hibernis
1445 1510 1549 1552 Cor-

193 1588 326 1628 cyrae,
355 1573 578 1627 Sicyonem
604 1575 793 1615 tramisit.
842 1575 926 1615 iam
950 1575 1008 1614 1111
1026 1575 1197 1614 Attalus
1224 1581 1331 1623 erat,
1359 1574 1428 1627 qui
1455 1588 1547 1613 cum
1574 1585 1593 1613 5

191 1644 367 1689 tyranno
395 1636 447 1675 ad
472 1636 709 1676 Romanum
735 1637 1046 1690 imperatorem,
1084 1651 1167 1676 non
1191 1636 1382 1676 Romano
1408 1636 1461 1675 ad
1486 1645 1550 1689 ty-

193 1712 368 1737 rannum
394 1697 575 1737 eundum
599 1697 770 1745 diceret,
808 1698 851 1737 in
883 1697 1130 1737 sententiam
1163 1712 1280 1737 suam
1306 1696 1547 1747 Quinctium

194 1758 392 1806 traduxit,
429 1772 481 1798 ne
512 1759 554 1797 in
585 1759 731 1798 urbem
767 1759 901 1812 ipsam
932 1759 1073 1812 Argos
1110 1759 1200 1798 iret.
1260 1758 1373 1797 haud
1404 1757 1548 1812 procul
1575 1768 1592 1797 6

193 1821 294 1860 urbe
308 1820 529 1874 Mycenica
555 1828 742 1869 vocatur,
768 1821 810 1860 111
836 1835 883 1861 00
904 1821 995 1861 1000
1015 1828 1060 1860 111
1081 1821 1431 1874 congrederentur
1452 1834 1549 1860 0011-

195 1882 319 1922 venit.
381 1880 601 1933 Quinctius
629 1896 722 1922 cum
749 1883 874 1922 fratre
900 1890 941 1923 et
975 1882 1150 1923 tribunis
1181 1882 1358 1921 militum
1388 1881 1546 1936 paucis,
1575 1891 1591 1919 7

194 1944 362 1984 Attalus
385 1958 479 1984 011111
498 1944 612 1998 regio
628 1944 836 1993 comitatu,
860 1945 1121 1986 Nicostratus
1137 1944 1405 1985 Achaeorum
1429 1957 1548 1998 prae-

194 2012 256 2046 tor
293 2020 386 2046 cum
423 2006 689 2047 auxiliaribus
726 2007 870 2061 paucis
908 2007 1032 2047 venit.
1105 2013 1325 2059 tyrannum
1360 2005 1419 2046 ibi
1455 2019 1547 2045 cum
1573 2014 1592 2044 8

194 2068 384 2109 omnibus
417 2068 545 2122 copiis
573 2069 855 2123 opperientem
886 2070 1144 2110 invenerunt.
1204 2084 1452 2123 progressus
1487 2083 1550 2108 ar-

193 2136 329 2170 matus
356 2144 449 2170 cum
476 2131 722 2172 satellitibus
749 2132 917 2172 armatis
945 2139 1009 2172 est
1039 2132 1081 2171 in
1106 2131 1289 2172 medium
1314 2131 1400 2171 fere
1425 2130 1550 2171 inter-

194 2192 366 2232 iacentis
399 2193 550 2246 campi3
581 2193 748 2234 inermis
782 2193 1004 2246 Quinctius
1038 2208 1131 2234 011111
1156 2193 1282 2233 fratre
1315 2201 1355 2233 ct
1387 2192 1548 2233 duobus

196 2253 370 2294 tribunis
396 2253 590 2303 militum,
617 2254 763 2295 inermi
792 2256 891 2296 item
916 2255 1004 2309 regi
1029 2263 1194 2310 praetor
1219 2254 1486 2294 Achaeorum
1511 2262 1550 2294 et

196 2329 302 2354 unus
329 2329 381 2354 cx
404 2316 640 2369 purpuratis
666 2317 774 2357 latus
803 2317 1037 2371 cingebant.
1081 2316 1243 2356 initium
1270 2315 1471 2356 sermonis
1498 2317 1549 2356 ab
1575 2323 1593 2353 9

197 2376 462 2416 excusatione
489 2378 652 2430 tyranni
677 2386 823 2426 ortum,
851 2379 962 2431 quod
982 2386 1162 2418 armatus
1188 2378 1278 2432 ipse
1300 2377 1550 2430 armatisque

198 2446 385 2491 saeptus,
423 2452 517 2478 011111
546 2438 724 2479 inermes
749 2440 987 2480 Romanum
1011 2440 1303 2494 imperatorem
1326 2454 1550 2494 regemque

198 2507 400 2547 cerneret,
438 2499 481 2539 in
518 2500 782 2553 conloquium
819 2501 1020 2542 venisset:
1059 2516 1192 2554 neque
1231 2500 1340 2541 enim
1377 2516 1420 2542 se
1458 2501 1550 2541 illos

198 2561 340 2601 timere
367 2561 488 2610 dixit,
522 2562 595 2602 sed
620 2563 762 2603 exules
787 2563 1056 2617 Argivorum.
1116 2563 1212 2603 inde
1238 2563 1309 2602 ubi
1333 2563 1383 2603 de
1410 2562 1550 2604 condi-
1583 2573 1622 2600 10

199 2622 384 2664 cionibus
412 2623 614 2665 amicitiae
635 2633 824 2679 coeptum
848 2625 914 2679 agi
940 2633 1016 2675 est,
1041 2625 1257 2666 Romanus
1279 2625 1381 2664 duas
1408 2636 1552 2680 postu-

269 2688 332 2716 Livi
346 2690 399 2716 vol.
418 2689 463 2716 ΙΙΙ.
1303 2692 1324 2724 fi
