1799 2900
468 95 619 129 LIBER
644 95 850 140 xxxvii,
877 96 929 130 56.
953 97 1006 131 57.
1034 99 1082 140 [a.
1101 95 1235 139 C.189]
1449 85 1529 126 311

180 216 272 242 eam
295 214 383 240 rem
409 198 461 239 ad
487 197 664 238 civitatis
691 213 790 239 suae
817 199 1061 253 dignitatem
1085 199 1292 254 pertinere
1318 209 1534 239 censerent.

180 261 336 309 Rhodi,
374 267 564 300 senatum
598 260 710 300 omni
742 261 866 301 modo
900 271 1234 315 expugnaturum
1265 259 1534 315 pertinaciam

180 325 422 378 legatorum.
472 330 558 361 tum
584 336 681 362 vcro
707 322 919 376 inpensius
947 337 1070 375 quam
1096 332 1190 363 ante
1215 321 1355 363 Rhodi
1380 321 1534 376 gratias

182 392 373 440 egerunt,
412 397 687 435 cessurosque
726 398 819 424 sese
856 384 993 438 potius
1032 384 1299 438 athogantiae
1324 382 1536 438 Antipatri

181 461 305 500 quam
331 460 500 485 causam
526 445 754 486 turbandae
787 446 901 500 pacis
928 446 1187 500 praebituros
1215 446 1419 486 dixerunt.
1479 444 1536 485 ita

181 508 281 548 nihil
308 508 358 547 de
387 505 496 547 Solis
523 515 726 547 mutatum
753 516 829 548 est.

266 569 407 611 LVII.
456 569 540 609 Per
572 584 642 609 eos
670 569 758 610 dies
791 570 939 623 quibus
972 569 1074 610 haec
1105 577 1224 624 gesta
1257 578 1371 618 sunt,
1408 569 1535 623 legati

180 631 510 672 Blassilicnsium
537 631 789 680 nuntiarunt,
818 632 1090 672 L.Baebium
1116 640 1349 686 praetorem
1374 633 1417 672 in
1441 647 1536 686 pro-

183 694 360 734 vinciam
386 693 638 747 Hispaniam
663 694 994 747 proficiscentem
1028 695 1079 734 ab
1106 694 1335 748 Liguribus
1363 695 1537 734 eircum-

183 767 368 803 ventum,
401 771 553 809 magna
584 766 700 810 parte
727 756 923 796 comitum
955 770 1076 796 caesa
1107 756 1367 796 vulneratum
1399 756 1534 810 ipsum

182 832 274 857 cum
299 817 441 872 paucis
470 817 557 857 sine
589 817 800 858 lictoribus
830 818 1066 858 BIassiliam
1098 818 1333 872 perfugisse
1359 826 1399 858 et
1429 818 1536 857 intra.

182 879 362 919 triduum
389 878 615 933 expirasse.
677 886 845 919 senatus
872 894 921 919 ea
944 894 988 919 re
1015 880 1156 919 audita
1181 879 1375 928 decrevit,
1402 879 1461 919 uti
1485 879 1534 919 P.

181 941 326 981 Iunius
349 941 525 989 Brutus,
554 940 623 992 qui
646 948 890 994 propraetor
914 941 956 980 in
981 941 1150 981 Etruria
1175 951 1298 990 esset,
1324 941 1537 995 provincia

182 1002 446 1054 exercituque
477 1002 626 1042 tradito
660 1002 730 1041 uni
762 1002 827 1042 cui
858 1002 1066 1043 videretur
1092 1016 1143 1042 ex
1174 1002 1342 1056 legatis,
1380 1002 1470 1057 ipse
1494 1002 1536 1041 in

182 1064 417 1104 ulteriorem
448 1063 698 1116 Hispaniam
731 1063 1062 1117 proficisceretur
1094 1078 1224 1116 eaque
1256 1063 1294 1104 ei
1326 1063 1537 1117 provincia

183 1133 305 1166 esset.
354 1125 432 1165 hoc
460 1134 627 1164 senatus
655 1125 890 1165 consultum
914 1124 1158 1176 litteraeque
1185 1140 1208 1164 a
1230 1123 1536 1178 Sp.P0stumio

182 1198 369 1242 praetore
395 1186 437 1226 ln
456 1187 666 1226 Etruriam
693 1186 845 1226 missae
873 1194 981 1235 sunt,
1006 1187 1300 1241 profectusque
1326 1186 1367 1226 in
1380 1186 1538 1241 IIispa-

181 1249 292 1289 niam
324 1257 387 1289 est
417 1249 466 1289 P.
491 1248 637 1288 Iunius
674 1256 929 1303 propraetor.
990 1249 1033 1288 in
1065 1263 1145 1301 qua
1175 1249 1388 1303 provincia
1423 1249 1536 1303 prius

182 1311 392 1363 aliquanto
430 1324 554 1363 quam
587 1324 804 1350 successor
833 1311 1010 1359 veniret,
1048 1310 1102 1351 L.
1127 1310 1334 1350 Aemilius
1363 1310 1536 1359 Paulus,

182 1372 252 1425 qui
275 1379 421 1426 postea
451 1387 593 1426 regem
618 1372 775 1412 Persea
800 1387 953 1426 magna
978 1372 1111 1426 gloria
1135 1371 1251 1420 vicit,
1283 1386 1376 1412 cum
1400 1372 1537 1426 priore

183 1450 289 1475 anno
316 1434 425 1474 haud
456 1450 653 1488 prospere
684 1449 773 1474 rem
804 1435 1024 1488 gessisset,
1057 1434 1324 1475 tumultuario
1355 1434 1537 1474 exercitu

184 1497 382 1545 conlecto,
410 1496 539 1550 signis
566 1497 739 1537 conlatis
767 1511 859 1536 cum
874 1496 1090 1536 Lusitanis
1117 1497 1339 1551 pugnavit3
1367 1496 1449 1536 fusi
1474 1496 1538 1536 fu-

183 1557 349 1611 gatique
375 1557 536 1606 hostes3
575 1571 697 1597 caesa
724 1558 868 1598 decem
892 1566 984 1598 octo
1010 1558 1123 1597 milia
1149 1566 1419 1605 armatorum,
1458 1558 1539 1597 duo

184 1619 295 1659 milia
321 1619 491 1659 trecenti
517 1619 645 1673 eapti,
673 1628 713 1660 et
738 1630 874 1660 castra
899 1627 1150 1674 expugnata.
1195 1619 1316 1659 huius
1344 1619 1537 1660 victoriae

184 1682 295 1721 fama
321 1681 624 1733 tranquilliores
651 1681 693 1720 in
718 1681 925 1736 Hispania
952 1697 1017 1722 res
1044 1681 1154 1721 fecit.

267 1743 431 1783 Eodem
457 1758 564 1783 anno
591 1751 685 1783 ante
712 1743 819 1783 diem
853 1743 1018 1783 tertium
1049 1742 1131 1782 kal.
1158 1742 1372 1782 Ianuarias
1397 1742 1538 1783 Bono-

183 1805 294 1845 niam
321 1805 518 1845 Latinam
545 1805 749 1845 coloniam
775 1820 826 1845 ex
858 1814 1025 1845 senatus
1053 1805 1240 1845 consulto
1266 1805 1318 1844 L.
1344 1804 1537 1846 Valerius

182 1867 373 1915 Flaccus,
399 1867 462 1907 M.
478 1867 633 1907 Atilius
650 1866 869 1915 Serranus,
892 1867 944 1907 L.
960 1866 1154 1909 Valerius
1170 1866 1317 1921 Tappo
1338 1865 1539 1906 triumviri

184 1929 455 1972 deduxerunt,
505 1929 581 1969 tria
608 1929 720 1969 milia
745 1929 959 1969 hominum
987 1935 1083 1968 sunt
1109 1928 1304 1976 deducta3
1331 1927 1537 1981 equitibus

185 2000 441 2045 septuagena
465 1992 621 2045 iugera,
649 1992 796 2032 ceteris
817 1991 972 2031 colonis
995 1991 1287 2045 quinquagena
1309 1998 1403 2030 sunt
1428 1990 1536 2029 data.

184 2067 283 2106 ager
320 2062 465 2107 captus
504 2054 554 2094 de
588 2052 721 2094 Gallis
747 2054 849 2094 Bois
881 2053 1036 2101 fuerat,
1077 2052 1189 2093 Galli
1215 2052 1377 2092 Tuscos
1411 2065 1539 2105 expu-

185 2114 329 2154 lerant.

269 2176 433 2217 Eodem
470 2192 577 2217 anno
610 2192 828 2218 censuram
863 2176 981 2216 multi
1012 2184 1053 2217 et
1083 2176 1181 2216 clari
1214 2176 1289 2216 viri
1319 2174 1536 2229 petierunt.

185 2251 289 2290 quae
314 2252 380 2278 res
408 2246 619 2291 tamquam
642 2239 686 2278 in
711 2253 754 2279 se
780 2254 927 2292 parum
946 2238 1087 2292 magni
1115 2237 1348 2278 certaminis
1369 2250 1536 2276 causam

185 2299 374 2348 haberet,
418 2300 540 2340 aliam
577 2300 883 2340 contentionem
924 2300 1053 2340 multo
1096 2299 1295 2339 maiorem
1332 2297 1536 2338 excitavit.

184 2362 379 2415 petebant
395 2361 444 2401 T.
461 2361 682 2412 Quinctius
697 2361 972 2409 Flamininus,
998 2362 1048 2401 P.
1067 2360 1287 2401 Cornelius
1305 2357 1383 2400 Cn.
1400 2359 1428 2399 f.
1446 2358 1537 2399 Sci-

185 2424 265 2478 pio,
292 2423 345 2463 L.
371 2424 564 2465 Valerius
591 2425 780 2471 Flaccus,
807 2424 869 2463 M.
898 2423 1070 2463 Porcius
1098 2422 1217 2470 Cato,
1243 2422 1306 2462 M.
1335 2420 1535 2462 Claudius

184 2486 424 2534 EIarcellus,
449 2486 525 2526 M’.
551 2486 713 2526 Acilius
741 2485 925 2533 Glabrio,
952 2485 1021 2538 qui
1047 2484 1302 2525 Antiochum
1328 2483 1381 2524 ad
1405 2483 1537 2523 Ther-

185 2548 372 2602 mopylas
405 2548 663 2601 Aetolosque
695 2547 916 2588 devicerat.
976 2547 1019 2586 in
1050 2546 1158 2587 hunc
1188 2546 1385 2595 maxime,
1425 2543 1536 2598 quod

1564 336 1603 366 10

1561 770 1579 798 ΙΨ

1566 2373 1602 2401 10

1571 2557 1602 2584 11
