1799 2900
231 176 285 217 83
536 180 686 215 LtssEss
710 179 898 224 XXXHI,
926 179 956 214 7.
977 180 1008 214 8.
1036 182 1084 224 [a.
1099 191 1133 214 u.
1149 191 1178 214 ο.
1193 180 1274 224 557]

187 302 207 330 4
232 295 378 329 castra.
438 285 654 326 Romanus
687 283 844 324 eisdem
876 283 928 323 ad
953 283 1202 325 Thetideum
1235 284 1380 325 castris
1413 299 1507 325 cum
1539 299 1583 326 se

186 551 205 579 5

186 799 204 828 6

188 987 203 1014 7

187 1107 206 1137 8

171 1603 209 1634 10

169 1729 204 1758 11

171 1852 207 1882 12

170 1976 209 2007 13

194 2350 210 2377 lx'.

231 349 446 396 tenuisset,
473 347 733 401 exploratum
753 352 905 393 tamen,
937 345 1007 385 ubi
1031 345 1162 386 hostis
1185 354 1309 396 esset,
1336 347 1480 387 decem
1501 356 1584 387 tur-

230 426 318 451 mas
346 409 529 463 equitum
561 416 601 449 et
631 407 743 448 mille
773 407 933 461 pedites
965 407 1077 447 misit
1101 408 1300 457 monitos,
1333 416 1378 449 ut
1403 409 1454 449 ab
1484 408 1583 449 insi-

231 473 328 521 diis,
366 486 468 525 quas
508 471 596 511 dies
628 471 830 511 obscurus
870 469 1023 524 apertis
1062 484 1225 523 quoque
1262 470 1363 512 locis
1400 479 1583 512 tecturus

231 544 354 585 esset,
380 543 690 590 praecaverent.
727 533 799 574 ubi
819 541 986 573 ventum
1013 533 1065 573 ad
1089 533 1274 574 insessos
1300 534 1480 574 tumulos
1507 541 1583 582 est,

230 612 384 653 pavore
421 605 564 637 mutuo
601 595 751 636 iniecto
789 595 903 635 velut
939 603 1149 649 torpentes
1187 595 1450 648 quieverunt3
1490 596 1585 636 dein

230 660 384 701 nuntiis
399 667 508 700 retro
522 658 564 698 in
579 668 715 699 castra
736 658 788 698 ad
802 658 928 698 duces
949 657 1102 706 missis,
1125 658 1196 698 ubi
1211 658 1367 712 primus
1387 666 1518 699 terror
1532 658 1585 698 ab

231 722 476 777 necopinato
501 721 594 761 visu
623 720 823 768 consedit,
850 735 931 760 non
953 719 1105 760 diutius
1127 719 1350 760 certamine
1376 720 1585 760 abstitere.

230 784 432 840 principio
452 799 476 824 a
500 783 643 838 paucis
669 782 1007 837 procurrentibus
1033 781 1228 822 lacessita
1251 797 1394 837 pugna
1419 790 1494 830 est,
1517 782 1587 822 de-

230 846 325 903 inde
347 845 543 886 subsidiis
564 845 767 885 tuentium
786 844 929 898 pulsos
945 852 1077 884 aucta.
1109 843 1151 883 in
1173 858 1253 896 qua
1273 857 1366 883 cum
1386 843 1588 896 hautqua-

231 923 354 961 quam
384 923 505 963 pares
530 906 712 948 Romani
745 906 846 947 alios
880 920 1004 960 super
1035 905 1136 946 alios
1169 906 1335 946 nuntios
1363 906 1415 946 ad
1441 906 1588 953 ducem

231 971 439 1011 mitterent
465 969 597 1024 premi
624 984 729 1018 sese,
756 968 971 1023 quingenti
996 968 1155 1021 equites
1177 975 1217 1008 et
1236 968 1316 1008 duo
1337 967 1449 1008 milia
1473 967 1589 1022 pedi-

232 1040 332 1081 tum,
352 1032 531 1073 maxime
545 1031 805 1079 Aetolorum,
821 1045 915 1071 cum
930 1031 1090 1071 duobus
1112 1030 1286 1070 tribunis
1306 1030 1481 1070 militum
1493 1045 1589 1084 pro-

231 1110 328 1149 pere
355 1095 483 1135 missa
509 1110 597 1135 rem
622 1094 861 1134 inclinatam
886 1093 1167 1141 restituerunt,
1196 1108 1398 1146 versaque
1423 1094 1590 1134 fortuna

232 1157 489 1197 Macedones
510 1152 746 1197 laborantes
762 1171 883 1210 opem
904 1156 1013 1210 regis
1033 1170 1107 1210 per
1126 1155 1292 1195 nuntios
1313 1155 1587 1210 inplorabant.

233 1219 319 1267 scd,
347 1226 391 1259 ut
413 1219 480 1272 qui
507 1219 608 1258 nihil
633 1219 769 1258 minus
795 1218 864 1259 illo
887 1218 951 1258 die
977 1226 1146 1272 propter
1167 1218 1343 1258 effusam
1369 1217 1589 1271 caliginem

233 1295 357 1334 quam
382 1281 584 1336 proelium
604 1288 878 1335 expectasset,
904 1295 1057 1333 magna
1077 1288 1193 1333 parte
1219 1279 1433 1320 hominum
1453 1279 1587 1320 omnis

233 1343 398 1398 generis
424 1343 668 1397 pabulatum
693 1342 823 1383 missa
850 1342 1102 1395 aliquamdiu
1133 1342 1252 1396 inops
1280 1341 1438 1382 consilii
1465 1341 1589 1395 trepi-

234 1405 365 1454 davit3
410 1405 577 1454 deinde,
615 1412 835 1459 postquam
880 1404 1011 1444 nuntii
1048 1403 1260 1444 instabant
1298 1413 1337 1444 et
1373 1403 1455 1443 iam
1490 1403 1590 1458 iuga

233 1467 435 1508 montium
472 1467 685 1507 detexerat
715 1466 868 1506 nebula
898 1475 938 1506 et
969 1466 1010 1505 in
1043 1473 1268 1519 conspectu
1299 1474 1414 1505 erant
1444 1465 1590 1506 Blacc-

234 1531 362 1571 doncs
399 1529 442 1569 in
478 1529 681 1569 tumulum
718 1528 896 1568 maxime
928 1528 1084 1568 editum
1115 1527 1220 1567 inter
1252 1527 1353 1568 alios
1387 1527 1590 1582 compulsi

234 1592 324 1633 loco
352 1606 395 1633 se
421 1591 553 1645 magis
575 1605 698 1644 quam
725 1590 848 1630 armis
871 1596 1065 1637 tutantes,
1093 1589 1432 1630 committendam
1451 1603 1591 1630 rerum

235 1669 439 1694 summam
470 1653 512 1693 in
544 1653 767 1693 discrimen
797 1661 1018 1704 utcumque
1050 1658 1183 1699 ratus,
1222 1666 1273 1691 ne
1309 1651 1438 1705 partis
1475 1650 1591 1691 inde-

234 1716 377 1756 fensae
403 1715 560 1756 iactura
584 1715 719 1762 fieret,
752 1714 1072 1767 Athenagoram
1098 1713 1245 1753 ducem
1270 1713 1461 1754 mercede
1486 1713 1591 1753 mili-

235 1778 410 1818 tantium
435 1792 529 1817 cum
551 1776 742 1818 omnibus
768 1786 931 1829 practer
945 1775 1131 1815 Thracas
1159 1775 1321 1816 auxiliis
1348 1783 1388 1816 et
1407 1774 1591 1828 equitatu

233 1839 516 1880 Macedonum
543 1853 591 1879 ac
616 1837 917 1878 Thessalorum
948 1837 1084 1877 mittit.
1147 1852 1289 1878 eorum
1315 1837 1497 1877 adventu
1521 1836 1592 1877 de-

234 1902 344 1957 pulsi
374 1902 426 1942 ab
451 1901 548 1955 iugo
573 1899 753 1942 Romani
784 1915 867 1941 non
894 1907 988 1940 ante
1013 1899 1253 1940 restiterunt
1279 1913 1404 1952 quam
1428 1899 1471 1939 in
1501 1899 1591 1953 pla-

236 1965 394 2005 niorem
427 1964 576 2004 vallem
607 1971 854 2018 perventum
891 1969 966 2002 cst.
1027 1977 1078 2002 ne
1111 1962 1244 2002 effusa
1275 1961 1591 2001 detruderentur

235 2027 348 2081 fuga,
374 2026 598 2081 plurimum
612 2025 655 2065 in
668 2024 832 2066 Aetolis
853 2024 1060 2077 equitibus
1074 2023 1270 2078 praesidii
1285 2023 1373 2063 fuit.
1412 2022 1447 2063 is
1467 2023 1591 2077 longe

234 2097 321 2129 tmn
348 2089 527 2144 optimus
554 2103 680 2141 eques
706 2087 748 2127 in
765 2086 943 2128 Graecia
968 2094 1053 2126 crat
1063 2103 1073 2135 3
1100 2086 1237 2141 pedite
1263 2085 1369 2126 inter
1394 2084 1590 2125 finitimos

235 2151 518 2192 vincebantur.

319 2214 443 2256 VIII.
492 2211 665 2253 Laetior
700 2226 766 2252 res
798 2225 922 2264 quam
957 2226 1031 2265 pro
1064 2224 1260 2250 successu
1290 2220 1458 2264 'pugnae
1488 2223 1592 2248 nun-

236 2275 347 2325 tIata,
375 2290 467 2315 cum
487 2274 556 2315 alii
577 2289 700 2329 super
720 2273 821 2314 alios
841 2279 1099 2314 recurrentes
1123 2288 1174 2312 ex
1192 2272 1348 2326 proelio
1367 2272 1592 2312 clamarent

238 2338 382 2391 fugere
414 2337 588 2391 pavidos
619 2337 854 2384 Romanos,
894 2335 1069 2375 invitum
1108 2342 1148 2375 et
1185 2334 1520 2374 cunctabundum
1552 2339 1593 2373 et

239 2398 443 2438 dicentem
479 2397 657 2453 [regem]
691 2405 846 2438 temere
878 2397 985 2445 fieri,
1022 2412 1107 2437 non
1137 2396 1274 2436 locum
1306 2395 1384 2436 sibi
1414 2395 1590 2450 placere,

236 2475 319 2499 non
345 2469 521 2514 tempus,
547 2460 739 2515 perpulit,
766 2467 810 2500 ut
836 2459 1031 2499 educeret
1050 2473 1192 2499 omnes
1214 2457 1353 2512 copias
1380 2457 1422 2497 in
1447 2456 1590 2497 aciem.

238 2520 347 2560 idem
384 2531 422 2561 et
457 2522 691 2570 Romanus,
741 2521 874 2576 magis
918 2520 1167 2561 necessitate
1210 2534 1335 2572 quam
1376 2519 1590 2559 occasione

238 2597 402 2636 pugnae
434 2583 644 2632 inductus,
683 2584 793 2624 fecit.
855 2585 1045 2624 dextrum
1077 2598 1204 2624 cornu
1235 2582 1465 2637 elephantis
1497 2588 1590 2621 ante

239 2643 359 2697 signa
383 2643 591 2685 instructis
618 2646 659 2685 in
686 2645 880 2686 subsidiis
908 2646 1089 2697 reliquit3
1116 2645 1234 2686 laevo
1255 2659 1347 2685 cum
1374 2644 1485 2684 omni
1510 2643 1588 2683 levi
