1799 2900
271 123 356 165 454
602 130 753 164 Lissssa
777 131 944 175 xxxx,
970 131 1024 166 35.
1053 134 1101 175 [a.
1116 144 1149 166 u.
1166 144 1196 167 c.
1210 133 1291 177 574]

272 236 418 276 nucius
449 234 710 283 Molliculus,
742 235 798 275 A.
824 234 1032 276 Hostilius
1063 236 1307 286 Mancinus,
1340 236 1390 278 C.
1416 237 1626 279 Maenius.

272 298 299 338 ii
325 312 468 339 omncs
495 296 785 351 magistratum
810 296 947 337 idibus
972 297 1138 338 Martiis
1165 299 1355 341 inierunt.

355 359 567 414 Principio
594 358 681 399 01115
708 359 818 407 anni,
846 373 927 412 quo
952 360 1007 400 A.
1032 360 1275 401 Postumius
1302 362 1483 402 Albinus
1510 368 1550 402 01
1577 360 1626 403 C.

273 420 524 475 Calpurnius
540 421 641 461 Piso
662 421 854 461 consules
876 420 1055 470 fuerunt,
1079 423 1130 463 ab
1149 423 1204 463 A.
1218 423 1436 465 Postumio
1458 424 1627 464 consule

270 483 312 524 in
338 490 527 524 senatum
553 483 777 524 introducti
803 483 871 536 qui
905 498 953 523 ex
982 483 1190 538 Hispania
1215 486 1402 526 citeriore
1430 494 1627 526 venerant

271 561 294 586 a
320 545 373 597 Q.
393 545 578 600 [Fulvio]
600 546 767 593 Flacco,
794 546 847 586 L.
874 546 1087 586 Minucius
1113 547 1275 601 legatus
1303 556 1342 587 ct
1368 548 1450 589 duo
1476 547 1627 588 tribuni

271 608 459 657 militum,
487 608 537 649 T.
559 607 755 648 Maenius
782 615 821 648 ct
846 607 900 648 L.
921 608 1142 649 Terentius
1168 609 1418 650 Massiliota.
1467 610 1509 649 hi
1535 624 1627 650 011111

271 671 352 711 duo
379 670 562 711 secunda
585 670 762 725 proclia,
788 669 885 710 inde
911 670 1163 712 deditionem
1190 670 1460 719 Celtiberiae,
1488 672 1628 712 confe-

271 740 379 772 ctam
410 733 668 787 provinciam
705 733 971 773 nuntiassent
1001 747 1078 773 nec
1110 733 1336 787 stipendio,
1375 732 1486 785 quod
1522 733 1629 773 mitti

271 795 433 844 soleret,
460 809 536 835 nec
557 795 763 835 frumento
789 803 952 849 portato
973 795 1026 835 ad
1047 795 1273 836 exercitum
1298 795 1340 835 in
1361 810 1455 835 eum
1475 810 1629 835 annum

271 872 375 912 opus
396 872 508 906 esse,
535 857 741 912 petierunt
767 858 818 897 ab
845 864 991 897 senatu
1022 857 1221 912 primum,
1260 858 1313 897 ob
1337 872 1403 898 res
1429 872 1628 912 prospere

226 935 242 964 6
270 927 411 974 gestas
438 928 482 960 ut
502 920 578 960 diis
606 919 892 961 inmortalibus
920 920 1051 960 honos
1080 920 1313 966 haberetur,
1341 919 1489 960 deinde
1514 928 1559 961 ut
1573 919 1628 972 Q.

203 1993 238 2021 11

268 982 418 1023 Fulvio
445 983 662 1023 decedenti
694 983 745 1023 de
777 982 991 1037 provincia
1016 982 1233 1036 deportare
1265 982 1361 1022 inde
1387 982 1628 1030 exercitum,

270 1044 385 1085 0111115
413 1044 508 1085 forti
534 1060 661 1099 opera
686 1053 726 1085 et
757 1045 847 1099 ipse
873 1051 914 1085 ct
940 1044 1059 1084 multi
1084 1052 1178 1085 ante
1205 1059 1300 1085 011111
1325 1053 1538 1099 praetores
1564 1043 1629 1085 usi

270 1114 424 1155 essent,
450 1107 612 1148 liceret:
645 1107 757 1160 quod
782 1106 888 1155 fieri,
916 1115 1207 1161 praeterquam
1228 1107 1339 1160 quod
1363 1106 1421 1147 ita
1447 1106 1628 1155 deberet,

270 1169 393 1209 etiarn
424 1184 553 1224 prope
584 1169 867 1210 necessarium
900 1184 1012 1217 055ος
1051 1169 1107 1209 1111
1134 1169 1243 1210 0111111
1271 1169 1501 1210 obstinatos
1536 1183 1628 1209 esse

269 1231 434 1280 milites,
461 1239 504 1271 ut
525 1246 607 1272 non
627 1232 733 1271 ultra
749 1231 915 1271 retineri
937 1246 1061 1285 posse
1082 1231 1122 1271 in
1144 1232 1358 1286 provincia
1378 1231 1627 1280 viderentur,

268 1293 510 1346 iniussuque
537 1293 686 1333 abituri
711 1293 806 1333 inde
833 1300 992 1341 essent,
1031 1293 1065 1333 si
1096 1309 1178 1333 non
1206 1293 1526 1341 dimitterentur,
1559 1299 1629 1332 aut

268 1355 310 1395 in
348 1354 643 1410 perniciosam,
695 1355 729 1395 si
773 1355 863 1408 quis
908 1355 1082 1409 inpense
1119 1355 1332 1404 retineret,
1383 1355 1628 1395 seditionem

270 1417 468 1458 exarsuri.
525 1417 765 1458 consulibus
798 1418 1000 1458 ambobus
1033 1417 1288 1472 provinciam
1320 1432 1412 1458 esse
1445 1418 1627 1472 Ligures

269 1487 438 1520 senatus
464 1480 597 1520 iussit.
635 1488 848 1534 praetores
875 1479 970 1519 inde
992 1480 1124 1520 sortiti
1146 1488 1259 1519 sunt:
1287 1480 1342 1520 A.
1357 1480 1540 1520 Hostilio
1561 1495 1628 1520 ur-

268 1542 394 1589 bana,
422 1541 487 1582 Ti.
509 1541 698 1581 Minucio
720 1541 940 1595 peregrina
966 1541 1147 1590 obvenit,
1173 1541 1223 1582 P.
1247 1540 1443 1582 Cornelio
1471 1540 1627 1590 Sicilia,

269 1602 318 1644 C.
334 1603 506 1644 Maenio
529 1603 741 1652 Sardinia3
768 1602 999 1657 Hispanias
1026 1603 1161 1643 sortiti
1187 1603 1498 1644 L.Postumius
1523 1603 1628 1644 ulte-

267 1666 436 1714 riorem,
463 1666 528 1706 Ti.
558 1666 831 1721 Sempronius
859 1665 1105 1707 citeriorem.
1166 1665 1201 1706 is
1235 1666 1332 1718 quia
1357 1680 1627 1707 successurus

268 1727 322 1779 Q.
347 1728 498 1768 Fulvio
525 1736 630 1778 erat,
662 1744 714 1769 110
746 1736 886 1769 vetere
913 1729 1098 1769 exercitu
1128 1728 1343 1783 provincia
1369 1729 1626 1783 spoliaretur,

269 1790 460 1843 ‘quaero'
492 1790 626 1844 inquit
657 1791 726 1832 ‘de
758 1797 817 1839 te,
843 1791 897 1832 L.
924 1790 1106 1837 Minuci,
1145 1805 1239 1831 cum
1271 1792 1502 1832 confectam
1533 1806 1628 1845 pro-

268 1853 448 1893 vinciam
473 1853 656 1902 nunties,
691 1853 959 1894 existimesne
987 1851 1221 1894 Celtiberos
1253 1860 1454 1908 perpetuo
1480 1853 1522 1893 in
1546 1853 1627 1893 fide

267 1930 505 1963 mansuros,
539 1916 596 1956 ita
621 1924 666 1956 ut
691 1916 779 1956 sine
807 1915 987 1956 exercitu
1013 1931 1061 1956 ea
1086 1915 1301 1970 provincia
1326 1915 1504 1956 obtineri
1529 1930 1627 1969 pos-

269 1977 346 2017 sit?
384 1977 419 2018 si
449 1992 583 2031 neque
610 1977 660 2018 (le
686 1978 767 2018 fide
799 1978 1070 2018 barbarorum
1096 1977 1317 2031 quiequam
1348 1977 1532 2031 recipcre
1558 1984 1627 2017 aut

267 2039 485 2081 adfirmare
505 2040 625 2081 nobis
645 2048 778 2095 poteS,
806 2048 846 2081 et
871 2040 1109 2081 habendum
1134 2040 1218 2080 illic
1238 2039 1379 2092 utique
1402 2039 1627 2080 exercitum

267 2116 427 2151 censes,
453 2111 591 2143 utrum
611 2102 780 2143 tandem
799 2110 941 2143 auctor
964 2102 1126 2142 senatui
1152 2102 1208 2142 sis
1230 2101 1565 2156 supplementum
1586 2101 1627 2141 in

267 2165 519 2219 Hispaniam
543 2165 748 2214 mittendi,
774 2171 819 2204 ut
844 2165 871 2204 ii
897 2165 1020 2205 modo
1047 2165 1197 2217 quibus
1225 2164 1396 2204 emerita
1421 2163 1628 2218 stipendia

269 2227 349 2267 sint
374 2227 527 2268 milites
555 2227 833 2275 dimittantur,
861 2227 1072 2268 veteribus
1100 2227 1298 2267 militibus
1325 2226 1480 2267 tirones
1506 2225 1627 2266 inmi-

268 2300 478 2338 sceantur,
518 2305 570 2330 an
602 2289 791 2330 deductis
824 2289 874 2330 de
906 2289 1121 2344 provincia
1152 2289 1360 2330 veteribus
1391 2288 1626 2343 legionibus

267 2367 397 2392 novas
430 2352 718 2393 conscribendi
745 2360 784 2393 et
808 2353 1019 2402 mittendi,
1053 2367 1147 2393 cum
1173 2359 1456 2407 contemptum
1489 2351 1626 2391 tiroci-

266 2413 380 2453 nium
413 2414 538 2455 ctiam
574 2415 758 2455 mitiores
796 2415 996 2455 barbaros
1035 2415 1215 2456 excitare
1253 2415 1306 2455 ad
1341 2413 1627 2455 rebellandum

268 2476 423 2529 possit?
473 2477 585 2517 dictu
624 2492 750 2530 quam
786 2492 830 2518 re
863 2477 1026 2518 facilius
1064 2485 1127 2518 est
1164 2477 1421 2532 provinciam
1458 2475 1626 2530 ingenio

268 2538 468 2584 ferocem,
505 2539 808 2581 rebellatricem
840 2540 1084 2581 confecisse.
1145 2554 1302 2594 paucae
1336 2539 1544 2586 civitates,
1581 2544 1625 2577 ut

270 2598 436 2651 quidem
468 2615 547 2654 ego
580 2601 721 2650 audio,
760 2616 863 2654 quas
890 2601 1025 2642 vicina
1050 2602 1229 2642 maxime
1261 2601 1434 2642 hiberna
1463 2612 1625 2654 preme-
