1799 2900
243 89 325 131 388
498 96 652 131 L1BER
678 96 921 142 XXXVnu,
948 98 1000 133 18.
1024 99 1075 133 19.
1103 101 1199 143 [au.
1216 100 1342 144 0568]

241 202 381 249 batur,
407 214 484 241 1166
509 214 652 241 earum
675 215 813 241 rerum
838 200 985 251 ullam,
1012 201 1052 242 in
1071 215 1172 254 quas
1192 203 1471 245 iureiurando
1496 203 1598 246 obli-

241 263 325 317 ²‹gati
351 269 480 310 erant,
507 261 549 302 in
575 277 620 303 se
646 270 717 303 aut
742 262 844 304 alios
871 263 1137 314 admiserant,
1165 280 1236 306 eos
1263 266 1305 306 111
1333 266 1506 307 vinculis
1532 282 1597 308 re—

195 341 215 369 4
240 325 502 377 linquebant3
541 324 611 378 qui
648 324 801 380 stupris
841 334 910 365 aut
942 326 1139 367 caedibus
1180 327 1320 367 violati
1353 337 1489 377 crant,
1528 329 1596 382 qui

238 387 355 427 salsis
376 386 637 436 testimoniis,
660 387 790 441 signis
811 387 1069 437 adulterinis,
1097 389 1351 431 subiectione
1373 400 1596 431 testamen-

239 458 387 497 torum,
413 448 630 489 fraudibus
657 448 747 489 aliis
768 448 1051 499 contaminati,
1078 465 1148 491 eos
1176 452 1340 506 capitali
1364 468 1500 507 poena
1525 452 1599 493 ad—

237 510 444 551 ficiebant.
504 510 645 564 plures
677 510 814 551 necati
846 524 972 564 quam
1001 511 1043 552 in
1079 512 1244 554 vincula
1275 514 1449 555 coniecti
1487 523 1593 555 sunt.

236 587 390 626 magna
423 572 486 613 vis
518 572 562 613 in
592 582 767 626 utraque
801 586 927 613 causa
957 573 1139 614 virorum
1171 575 1472 629 mulierumque
1505 576 1594 617 fuit.

193 649 210 678 6
238 634 430 675 mulieres
463 634 681 675 damnatas
713 634 903 689 cognatis
929 642 1000 676 aut
1030 635 1073 675 in
1099 650 1273 689 quorum
1298 652 1425 677 manu
1457 646 1596 678 essent

236 696 475 745 tradebant,
513 704 558 736 ut
581 696 662 751 ipsi
692 696 735 736 in
765 696 928 751 privato
955 696 1335 739 animadverterent
1365 699 1408 738 in
1434 714 1523 748 eas3
1562 700 1596 740 si

236 773 358 799 nemo
385 767 473 799 erat
503 758 679 800 idoneus
714 758 907 813 supplicii
932 766 1118 809 exactor,
1150 760 1192 800 in
1217 761 1383 816 publico
1410 761 1595 802 animad-

193 836 209 864 7
236 821 486 862 vertebatur.
549 820 692 861 datum
723 820 872 862 deinde
910 821 1150 863 consulibus
1186 823 1402 877 negotium
1433 830 1514 872 est,
1552 831 1597 864 ut

236 882 374 923 omnia
410 882 694 924 Bacchanalia
729 883 890 924 Romae
927 884 1125 938 primum,
1170 884 1320 925 deinde
1356 899 1431 939 per
1466 892 1596 926 totam

234 944 399 985 Italiam
426 945 654 995 diruerent,
687 952 804 986 extra
829 960 953 999 quam
985 946 1020 986 si
1047 961 1128 999 qua
1158 946 1215 986 ibi
1240 954 1405 987 vetusta
1431 962 1502 988 ara
1527 956 1598 988 aut

190 1020 209 1049 8
236 1006 403 1061 signum
434 1016 725 1048 consecratum
757 1016 881 1049 esset.
941 1007 984 1048 in
1014 1008 1220 1062 reliquum
1245 1008 1394 1049 deinde
1426 1018 1595 1051 senatus

235 1069 423 1110 consulto
450 1079 618 1110 cautum
644 1078 726 1119 est,
753 1085 805 1111 ne
831 1084 913 1123 qua
930 1069 1214 1111 Bacchanalia
1237 1070 1399 1111 Romae
1424 1085 1529 1112 neve
1554 1071 1595 1112 in

233 1130 355 1171 Italia
380 1139 539 1172 essent:
566 1131 601 1172 si
621 1132 712 1185 quis
739 1131 820 1172 tale
842 1146 1005 1172 sacrum
1026 1132 1226 1173 sollemne
1248 1140 1288 1173 et
1312 1133 1594 1173 necessarium

234 1192 401 1234 duceret
421 1208 498 1234 nec
518 1193 606 1234 sine
626 1193 826 1247 religione
848 1201 888 1234 et
912 1193 1076 1248 piaculo
1098 1209 1142 1235 se
1162 1194 1205 1234 id
1225 1194 1429 1234 dimittere
1454 1209 1592 1248 posse,

234 1254 345 1309 apud
381 1262 615 1310 praetorem
646 1256 850 1296 urbanum
887 1256 1165 1310 profiteretur,
1202 1266 1367 1311 praetor
1404 1265 1594 1297 senatum

188 1329 206 1358 9
234 1316 480 1358 consuleret.
531 1317 566 1358 si
585 1317 621 1358 ei
647 1318 898 1372 permissum
923 1325 1047 1366 esset,
1074 1332 1168 1358 cum
1193 1317 1234 1358 in
1260 1327 1407 1359 senatu
1428 1326 1593 1358 centum

232 1393 317 1419 non
352 1379 489 1420 minus
522 1391 679 1427 essent,
717 1379 774 1419 ita
803 1379 847 1419 id
878 1393 1043 1420 sacrum
1074 1380 1247 1428 faceret,
1287 1380 1386 1420 dum
1416 1395 1467 1421 ne
1499 1380 1591 1435 plus

233 1440 414 1494 quinque
441 1441 642 1482 sacrificio
668 1441 918 1482 interessent
942 1456 1023 1482 neu
1049 1456 1130 1495 qua
1160 1442 1335 1496 pecunia
1361 1442 1590 1483 communis

231 1517 313 1543 neu
338 1502 429 1555 quis
456 1503 655 1558 magister
681 1518 892 1544 sac-rorum
919 1512 987 1544 aut
1015 1504 1208 1544 sacerdos
1236 1512 1359 1545 esset.

188 1577 201 1606 1
316 1564 514 1607 XVIIII.
562 1565 694 1606 Aliud
720 1566 868 1606 deinde
894 1565 990 1606 huic
1016 1566 1281 1607 coniunctum
1305 1566 1511 1607 referente
1538 1566 1590 1619 Q.

229 1626 395 1668 *Marcio
422 1627 591 1669 consule
619 1636 787 1669 senatus
814 1628 1050 1669 consultum
1081 1628 1238 1668 factum
1269 1635 1350 1677 est,
1382 1636 1427 1669 ut
1453 1629 1503 1669 de
1527 1628 1591 1677 iis,

232 1703 336 1742 quos
367 1682 451 1744 pro*
472 1689 680 1731 indicibus
714 1690 906 1731 consules
944 1690 1207 1739 habuissent,
1246 1690 1409 1745 integra
1440 1705 1506 1731 res
1540 1691 1592 1731 ad

232 1760 422 1792 senatum
459 1752 702 1802 referretur,
745 1767 840 1793 cum
877 1751 951 1807 Sp.
989 1752 1232 1794 Postumius
1279 1752 1590 1806 quaestionibus

186 1825 202 1853 2
229 1814 426 1869 perfectis
451 1814 633 1855 Romam
657 1814 847 1856 redisset.
878 1814 1060 1855 Minium
1076 1813 1311 1856 Cerrinium
1327 1813 1590 1869 Campanum

229 1875 417 1916 Ardeam
442 1876 483 1916 in
509 1876 674 1917 vincula
705 1877 954 1918 mittendum
979 1883 1228 1918 censuerunt
1258 1876 1590 1931 magistratibus-

229 1952 309 1991 que
328 1938 577 1979 Ardeatium
602 1939 940 1994 praedieendum,
965 1946 1011 1979 ut
1034 1938 1253 1980 intentiore
1279 1954 1373 1980 eum
1400 1938 1589 1979 custodia

229 2000 518 2049 adservarent,
550 2015 634 2042 non
659 2001 794 2042 solum
818 2016 870 2041 ne
896 2001 1118 2055 effugeret,
1146 2001 1220 2042 sed
1244 2016 1296 2041 116
1322 2001 1465 2042 mortis
1492 2014 1589 2041 con-

184 2073 204 2104 3
229 2063 470 2103 sciscendae
494 2062 633 2104 locum
658 2063 841 2104 haberet.
888 2062 962 2118 Sp.
987 2063 1231 2104 Postumius
1259 2063 1468 2116 aliquanto
1493 2070 1588 2117 post

227 2124 406 2166 Romam
444 2125 575 2174 venit3
614 2140 663 2166 eo
699 2125 906 2166 referente
944 2125 994 2166 de
1025 2125 1076 2165 P.
1102 2124 1276 2165 Aebutii
1313 2132 1354 2165 et
1384 2124 1588 2179 Hispalae

226 2187 432 2228 Feceniae
470 2187 674 2242 praemio,
713 2187 824 2241 quod
855 2202 998 2228 eorum
1029 2202 1155 2242 opera
1190 2187 1371 2227 iudicata
1400 2186 1589 2227 Baccha-

186 2259 205 2287 4
228 2249 338 2289 nalia
363 2259 522 2298 essent,
561 2258 729 2291 senatus
764 2249 999 2291 consultum
1030 2249 1187 2290 factum
1218 2257 1299 2298 est,
1337 2256 1382 2289 ut
1414 2248 1587 2303 singulis

228 2309 291 2351 his
319 2319 493 2352 centena
523 2312 636 2352 milia.
668 2311 774 2353 aeris
802 2322 1044 2364 quaestores
1075 2311 1223 2352 urbani
1248 2326 1300 2352 ex
1333 2311 1491 2352 aerario
1516 2310 1587 2351 da-

228 2382 338 2422 rent3
376 2374 517 2427 utique
549 2374 695 2415 consul
732 2388 825 2414 cum
859 2373 1033 2414 tribunis
1070 2373 1203 2428 plebis
1241 2381 1401 2427 ageret,
1438 2372 1499 2412 uti
1535 2371 1588 2412 ad

228 2433 393 2488 plebem
429 2436 561 2490 primo
601 2451 764 2490 quoque
803 2444 989 2491 tempore
1027 2436 1201 2485 ferrent,
1240 2445 1285 2476 ut
1319 2435 1370 2476 P.
1402 2434 1586 2476 Aebutio

229 2497 399 2536 emerita
431 2497 638 2551 stipendia
669 2506 829 2547 essent,
867 2513 919 2538 116
952 2497 1105 2538 invitus
1137 2497 1330 2538 militaret
1361 2511 1466 2538 neve
1492 2510 1586 2536 cen-

187 2566 204 2593 -3
232 2572 298 2599 sor
324 2559 361 2599 ei
387 2558 516 2600 inscio
535 2574 685 2613 equum
707 2560 916 2614 publicum
937 2559 1194 2614 adsignaret3
1222 2559 1361 2612 utique
1380 2557 1584 2599 Feceniae

193 525 211 554 (Jv
