1799 2900
455 189 608 223 LIBER
633 189 824 233 XXXIII,
851 189 1005 222 18—20.
1034 187 1233 231 [a.C.197]
1472 178 1526 219 99

172 301 281 342 sunt,
340 307 438 334 mox
468 300 508 333 et
536 291 787 333 Dinocrates
821 305 914 332 cum
938 291 987 331 iis
1014 305 1118 344 quae
1148 290 1304 345 proelio
1337 289 1527 344 superfu-

171 362 287 396 erant
325 354 454 409 copiis
498 354 668 394 intravit
710 369 863 394 muros.
934 352 1186 405 nequiquam
1220 351 1316 392 inde
1352 352 1525 392 obsessa
1550 365 1592 395 ‘22

171 418 494 472 obpugnataque
519 417 617 457 urbs
645 424 720 465 est,
747 430 823 456 nec
842 415 970 470 recipi
994 415 1073 455 nisi
1099 414 1308 467 aliquanto
1334 421 1427 469 post
1452 428 1526 468 per

170 479 428 521 Antiochum
460 478 606 533 potuit.
667 478 770 518 haec
807 478 849 517 in
874 477 1112 526 Thessalia,
1149 476 1252 517 haec
1282 475 1324 516 in
1349 475 1524 524 Achaia,

170 541 274 582 haec
298 541 341 580 111
364 541 472 581 Asia
496 556 570 595 per
595 541 765 581 eosdem
791 540 878 580 dies
905 540 1034 579 ferme
1060 547 1191 593 gesta.

255 603 452 644 XVIIII.
501 602 722 656 Philippus
761 616 853 641 cum
891 601 1076 641 audisset
1109 599 1353 648 Dardanos,
1392 606 1565 643 trans-1

170 680 338 720 gressos
363 665 457 706 finis
484 666 535 705 ab
562 672 801 719 contemptu
827 663 1017 704 concussi
1042 670 1129 703 tum
1152 662 1284 718 regni,
1313 661 1526 715 superiora

170 727 444 768 Macedoniae
477 734 687 775 evastare,
726 740 975 779 quamquam
1001 732 1086 765 toto
1118 738 1246 779 prope
1273 723 1370 763 orbe
1398 730 1525 763 terra·
1550 737 1569 765 ‘2

170 804 273 837 rum,
298 789 480 841 undique
506 803 550 828 se
577 802 756 840 suosque
778 787 969 841 exigente
995 786 1172 833 fortuna,
1198 785 1436 839 urgebatur,
1464 791 1524 824 ta-
1551 797 1570 826 3

171 866 265 890 men
296 858 427 891 morte
459 850 614 890 tristius
652 860 765 890 ratus
796 847 1072 889 Macedoniae
1104 847 1226 888 etiam
1261 845 1525 901 possessione

171 912 287 966 pelli,
327 912 479 952 dilectu
508 911 657 966 raptim
688 926 762 965 per
791 912 915 951 urbes
942 910 1224 950 Macedonum
1257 908 1396 948 habito
1431 922 1523 947 011111

172 988 246 1013 sex
271 973 435 1013 milibus
461 974 648 1028 peditum
673 981 713 1013 et
738 971 974 1026 quingentis
1001 971 1207 1023 equitibus
1234 970 1342 1010 circa
1369 968 1522 1010 Stobos

169 1035 379 1076 Paeoniae
410 1035 620 1090 inproviso
653 1034 794 1074 hostes
826 1032 1045 1086 obpressit.
1118 1047 1269 1085 magna
1303 1030 1523 1070 multitudo
1550 1046 1571 1073 4

172 1096 384 1136 hominum
403 1097 445 1136 in
470 1096 639 1150 proelio,
665 1095 796 1135 maior
817 1094 1008 1148 cupidine
1034 1092 1262 1147 praedandi
1288 1092 1427 1146 palata
1451 1106 1524 1145 per

171 1173 293 1212 agros
326 1172 449 1198 caesa-
478 1166 554 1198 est.
615 1157 764 1209 quibus
796 1156 897 1210 fuga
928 1155 970 1195 in
1003 1154 1196 1209 expedito
1229 1154 1306 1193 fuit
1338 1168 1389 1192 ne
1422 1161 1525 1192 tem-

169 1227 284 1273 ptato
316 1220 483 1272 quidem
514 1232 613 1258 casu
644 1233 809 1272 pugnae
840 1217 882 1257 111
918 1216 1011 1256 finis
1050 1231 1147 1256 suos
1185 1215 1409 1255 redierunt.
1477 1228 1525 1254 ea
1552 1229 1570 1257 5

169 1295 251 1320 una
276 1280 538 1334 expeditione
564 1295 647 1320 non
677 1294 752 1333 pro
783 1279 942 1331 reliquo
969 1284 1079 1318 statu
1104 1277 1294 1318 fortunae
1325 1276 1436 1316 facta
1459 1289 1524 1315 re-

170 1343 289 1384 fectis
316 1357 487 1383 suorum
512 1341 657 1382 animis
684 1340 1029 1382 Thessalonicam
1055 1354 1149 1380 sese
1173 1338 1341 1393 recepit.

251 1405 347 1445 Non
382 1412 467 1444 tam
508 1404 550 1444 111
593 1411 778 1458 tempore
813 1402 1022 1443 Punicum
1062 1401 1218 1441 bellum
1259 1398 1524 1440 terminatum
1552 1414 1569 1444 c,

170 1472 277 1514 erat,
314 1480 366 1506 ne
404 1465 526 1505 simul
558 1473 599 1506 et
629 1480 722 1505 cum
746 1463 943 1518 Philippo
969 1463 1077 1503 foret
1106 1461 1364 1509 bellandum,
1400 1475 1524 1513 quam

170 1534 371 1582 oportune
396 1527 477 1567 iam
504 1526 714 1567 Antiocho
741 1541 792 1566 ex
819 1525 942 1579 Syria
965 1531 1159 1565 movente
1184 1523 1340 1564 bellum
1365 1522 1525 1576 Philip-

171 1604 247 1642 pus
279 1596 342 1628 est
373 1596 609 1642 superatus3
646 1603 743 1628 nam
772 1596 1062 1642 praeterquam
1093 1585 1204 1639 quod
1236 1585 1398 1625 facilius
1431 1598 1525 1624 011111
1553 1598 1568 1626 7

171 1649 343 1703 singulis
370 1664 493 1702 quam
525 1649 560 1689 si
589 1649 632 1689 in
656 1664 784 1689 unum
816 1649 937 1689 ambo
965 1647 1087 1688 simul
1112 1646 1385 1688 contulissent
1417 1646 1524 1685 vires

172 1711 368 1752 bellatum
395 1719 475 1759 est,
508 1711 716 1764 Hispania
747 1725 910 1763 quoque
937 1710 1014 1750 sub
1040 1709 1150 1749 idem
1182 1716 1345 1763 tempus
1371 1721 1524 1761 magno

171 1774 348 1813 tumultu
373 1773 426 1813 ad
449 1773 604 1813 bellum
631 1771 901 1812 consuirexit.

254 1835 488 1875 Antiochus
511 1848 604 1874 cum
629 1833 765 1888 priore
791 1840 947 1873 aestate
968 1831 1175 1878 omnibus,
1203 1845 1307 1883 quae
1332 1830 1375 1870 in
1396 1828 1524 1870 Coele
1551 1842 1570 1871 S

172 1888 295 1944 Syiia
320 1900 434 1939 sunt,
461 1890 697 1930 civitatibus
725 1905 775 1929 ex
799 1888 1030 1929 Ptolemaei
1057 1886 1251 1927 dicione
1241 1902 1284 1926 In
1310 1901 1428 1926 suam
1453 1901 1526 1940 po-

169 1959 362 1993 testatem
404 1952 581 1993 redactis
624 1952 668 1992 111
704 1951 876 1991 hiberna
911 1949 1191 1990 Antiocheam
1233 1947 1522 1995 concessisset,

169 2014 297 2055 nihilo
330 2014 530 2067 quietiora
561 2029 610 2054 ea
640 2013 741 2068 ipsis
772 2012 941 2053 aestivis
974 2012 1129 2052 habuit.
1191 2009 1382 2051 omnibus
1415 2009 1524 2050 enim
1551 2022 1568 2051 9

168 2076 287 2131 Iegni
312 2076 467 2117 111111115
489 2077 660 2117 conixus
685 2090 779 2116 eum
803 2075 983 2129 ingentis
1005 2074 1144 2144 copias
1171 2072 1376 2113 terrestris
1402 2071 1526 2111 mari-

169 2139 372 2191 timasque
409 2145 710 2192 compar-Isset,
754 2137 956 2192 principio
993 2135 1101 2176 10115
1138 2134 1378 2189 praemissis
1417 2142 1525 2174 terra

170 2214 264 2240 cum
289 2200 471 2240 exercitu
494 2200 588 2240 filiis
616 2200 777 2240 duobus
804 2199 948 2239 Ardxe
974 2212 1020 2238 ac
1046 2196 1325 2237 Mithridate·
1315 2194 1522 2248 Iussisque

172 2260 373 2301 Sardibus
406 2276 450 2301 se
481 2261 677 2316 opperiri,
714 2261 804 2314 ipse
836 2274 930 2299 cum
963 2259 1095 2299 classe
1127 2266 1293 2298 centum
1322 2264 1525 2297 tectarum
1552 2269 1592 2298 10

171 2322 338 2362 navium
363 2323 416 2362 ad
446 2322 524 2363 hoc
554 2322 777 2362 levioribus
804 2320 982 2375 navigiis
1009 2319 1270 2373 cercyrisque
1296 2332 1344 2359 ac
1376 2317 1522 2358 lembis

171 2385 357 2424 ducentis
394 2384 685 2438 proficiscitur,
729 2383 852 2423 simul
887 2397 961 2436 per
997 2396 1163 2422 omnem
1200 2395 1314 2421 oram
1352 2378 1524 2421 Ciliciae
1552 2392 1589 2422 11

170 2446 410 2499 Lyciaeque
442 2453 482 2486 et
508 2444 656 2486 Cariae
690 2451 962 2498 temptaturus
988 2444 1131 2491 urbes,
1165 2456 1272 2495 quae
1296 2442 1338 2481 in
1364 2440 1523 2481 dicione

169 2507 400 2548 Ptolemaei
425 2514 582 2556 essent,
616 2507 738 2547 simul
762 2506 1007 2560 Philippum
1031 2529 1087 2534 —-
1111 2504 1293 2545 necdum
1318 2503 1427 2544 enim
1453 2502 1524 2543 de-

169 2569 364 2610 bellatum
392 2576 480 2609 erat
504 2593 560 2597 ——
585 2568 768 2609 exercitu
792 2568 1053 2620 navibusque
1079 2567 1307 2607 adiuturus.

253 2630 361 2671 XX.
410 2630 546 2671 Multa
578 2629 745 2685 egregie
775 2629 930 2671 Rhodii
966 2644 1041 2683 pro
1070 2629 1151 2669 fide
1183 2643 1283 2682 erga
1317 2627 1518 2682 populum
1548 2640 1561 2670 1

1252 2694 1296 2727 7*
