1799 2900
210 1242 228 1271 [ὗ

257 73 338 113 378
490 78 641 112 LIBER
666 78 910 122 xxxvnn,
937 79 967 112 6.
991 79 1021 112 7.
1050 80 1144 121 [a.u.
1162 90 1191 113 c.
1209 79 1285 113 567.
1301 79 1382 122 568]

255 182 402 236 magis,
424 195 528 233 quae
549 181 590 220 in
612 180 810 221 militibus
833 180 920 220 eius
942 182 1122 234 quotidIe
1143 182 1460 236 aspiciebantur.
1491 183 1609 224 luxu-

255 244 338 283 riae
370 242 478 282 enim
516 241 759 296 peregrinae
792 242 908 296 origo
940 243 991 283 ab
1022 243 1204 284 exercitu
1228 245 1417 285 Asiatico
1448 245 1610 286 invecta

254 306 295 345 in
314 304 457 344 urbem
477 313 552 343 est.
600 303 629 342 ii
647 303 826 357 primum
845 303 973 344 lectos
1000 312 1179 355 aeratos,
1206 314 1364 346 vestem
1385 307 1608 360 stragulam

255 366 495 421 pretiosam,
521 366 710 420 plagulas
737 373 777 406 et
802 366 881 406 alia
906 366 1064 408 textilia
1088 376 1146 416 et,
1179 383 1283 421 quae
1308 376 1396 408 tum
1421 369 1609 422 magnifi-

255 445 326 471 cae
348 429 614 484 supellectilis
636 429 914 478 habebantur,
940 431 1189 485 monopodia
1208 439 1248 472 et
1268 432 1417 472 abacos
1432 432 1609 472 Romam

255 493 524 532 advexerunt.
562 499 659 531 tunc
679 490 874 545 psaltriae
897 492 1290 545 sambucistriaeque
1316 500 1355 534 et
1381 493 1609 533 convivalia

255 553 335 593 alia
359 553 551 594 ludorum
582 552 887 593 oblectamenta
918 553 1058 594 addita
1088 554 1237 608 epulis,
1276 554 1421 608 epulae
1447 568 1609 607 quoque

255 616 369 669 ipsae
401 622 441 655 et
473 629 570 654 cura
601 622 641 655 et
673 622 839 668 sumptu
871 614 1024 655 maiore
1057 615 1246 669 adparari
1282 622 1464 669 coeptae.
1523 623 1610 655 tum

254 692 429 730 coquus,
468 677 714 718 vilissimum
752 677 930 730 antiquis
968 677 1218 731 mancipium
1256 683 1296 716 et
1327 677 1610 718 aestimatione

254 749 293 780 et
319 755 415 788 usu,
447 740 489 779 in
513 739 645 794 pretio
671 754 764 780 esse
790 749 830 780 et
855 740 965 792 quod
990 739 1262 779 ministerium
1288 739 1421 779 fuerat
1448 755 1513 780 ars
1539 740 1612 780 ha-

253 802 341 843 beri
377 809 535 856 coepta.
596 801 666 842 vix
705 810 844 842 tamen
880 801 950 842 illa
987 816 1091 854 quae
1130 808 1216 841 tum
1254 800 1612 855 conspiciebantur

255 863 413 904 semina
438 871 552 904 erant
579 863 742 904 futurae
767 863 967 903 luxuriae.

336 926 436 968 VH.
497 926 548 966 In
580 925 787 980 triumpho
820 925 911 965 tulit
938 924 1016 966 Cn.
1042 924 1228 964 Manlius
1262 939 1434 965 coronas
1466 938 1610 964 aureas

255 988 432 1028 ducenta
465 987 681 1028 duodecim
713 988 872 1042 pondo,
910 987 1070 1042 argenti
1101 987 1239 1041 pondo
1266 986 1442 1026 ducenta
1466 985 1611 1039 viginti

253 1049 384 1097 milia,
412 1049 500 1089 auri
524 1049 662 1103 pondo
689 1049 769 1090 duo
794 1049 908 1089 milia
933 1057 1097 1089 centum
1118 1048 1213 1097 tria,
1240 1047 1514 1088 tetrachmum
1532 1047 1612 1086 At-

255 1110 381 1150 ticum
407 1118 571 1150 eentum
596 1110 742 1164 viginti
768 1120 927 1164 septem
952 1110 1083 1159 milia,
1123 1109 1404 1163 cistophorum
1436 1109 1611 1148 ducenta

255 1171 573 1224 quinquaginta,
610 1171 927 1225 Philippeorum
959 1186 1175 1211 aureorum
1206 1184 1468 1210 nummorum
1493 1169 1611 1210 sede-

257 1233 336 1272 cim
361 1233 473 1273 milia
498 1240 703 1273 trecentos
730 1232 894 1287 viginti3
921 1241 959 1272 et
987 1247 1099 1272 arma
1127 1232 1339 1286 spoliaque
1366 1230 1611 1271 multarGal-

253 1293 332 1334 lica
367 1293 572 1348 carpentis
611 1302 811 1343 travecta,
850 1294 974 1334 duces
1008 1293 1189 1333 hostium
1221 1293 1301 1333 duo
1339 1300 1378 1332 et
1409 1292 1610 1345 quinqua-

254 1355 369 1409 ginta
406 1355 515 1395 ducti
554 1364 648 1396 ante
685 1370 861 1396 currum.
929 1356 1127 1395 militibus
1165 1355 1453 1408 quadragenos
1490 1354 1609 1394 binos

254 1417 444 1458 denarios
471 1417 629 1465 divisit,
663 1417 816 1471 duplex
842 1416 1088 1463 centurioni,
1119 1416 1268 1470 triplex
1293 1415 1335 1455 in
1360 1415 1537 1467 equites,
1570 1424 1608 1456 et

256 1479 507 1533 stipendium
532 1478 685 1532 duplex
718 1479 784 1530 (in
813 1478 999 1533 pedites)
1027 1477 1137 1518 dedit
1147 1494 1157 1525 ;
1195 1476 1313 1516 multi
1338 1476 1522 1516 omnium
1546 1491 1611 1517 or-

254 1540 397 1580 dinum
422 1540 561 1580 donati
586 1540 833 1581 militaribus
860 1540 979 1581 donis
1007 1554 1171 1580 currum
1198 1538 1327 1579 secuti
1353 1546 1461 1579 sunt.
1522 1553 1610 1579 car-

253 1602 446 1654 minaque
479 1617 501 1642 a
531 1602 730 1642 militibus
768 1617 816 1643 ea
852 1602 894 1642 in
930 1602 1221 1656 imperatorem
1253 1600 1379 1649 dicta,
1416 1609 1461 1640 ut
1490 1600 1610 1641 facile

254 1664 472 1717 adpareret
496 1663 537 1702 in
571 1664 719 1703 ducem
748 1663 1032 1718 indulgentem
1065 1663 1410 1715 ambitiosumque
1443 1677 1491 1702 ea
1517 1662 1609 1711 dici,

253 1725 507 1779 triumphum
533 1740 625 1766 esse
650 1725 817 1766 militari
847 1725 980 1779 magis
1007 1726 1149 1766 favore
1183 1739 1306 1777 quam
1330 1723 1519 1778 populari
1545 1738 1611 1764 ce-

253 1786 423 1827 lebrem,
462 1787 536 1827 sed
556 1786 608 1827 ad
626 1787 768 1841 populi
789 1802 952 1840 quoque
973 1787 1149 1840 gratiam
1169 1785 1469 1826 conciliandam
1490 1785 1610 1826 amici

252 1847 404 1888 Manlii
428 1848 662 1898 valuerunt,
700 1848 848 1901 quibus
875 1848 1155 1888 adnitentibus
1182 1854 1350 1887 senatus
1377 1847 1609 1887 consultum

254 1910 410 1950 factum
447 1917 528 1958 est,
566 1919 611 1950 ut
647 1925 699 1950 ex
734 1910 910 1965 pecunia
946 1924 1050 1963 quae
1085 1909 1127 1948 in
1166 1908 1372 1962 triumpho
1409 1907 1609 1948 translata

254 1978 384 2019 esset,
423 1971 674 2025 stipendium
700 1971 907 2012 conlatum
933 1987 956 2012 a
979 1970 1133 2025 populo
1158 1969 1199 2009 in
1224 1969 1454 2024 publicum,
1498 1969 1609 2022 quod

253 2033 340 2073 eius
368 2032 547 2073 solutum
573 2041 694 2073 antea
718 2048 802 2073 non
827 2040 951 2081 esset,
978 2032 1218 2072 solveretur.
1268 2030 1435 2071 vicenos
1461 2030 1608 2083 quinos

254 2102 293 2134 et
319 2094 513 2135 semisses
539 2094 581 2134 in
606 2094 719 2135 milia
750 2094 855 2135 aeris
882 2101 1121 2147 quaestores
1147 2092 1293 2133 urbani
1324 2106 1418 2132 cum
1448 2106 1546 2132 cura
1570 2099 1608 2132 et

252 2156 333 2196 fide
360 2156 584 2197 solverunt.

336 2217 421 2257 Per
443 2217 554 2257 idem
579 2224 742 2272 tempus
768 2216 921 2258 tribuni
951 2216 1127 2257 militum
1153 2216 1234 2256 duo
1268 2230 1320 2256 ex
1345 2214 1505 2256 duabus
1530 2214 1608 2254 Hi-

254 2279 408 2332 spaniis
442 2293 536 2319 cum
560 2279 706 2319 litteris
734 2277 784 2319 C.
810 2278 943 2319 Atinii
969 2286 1009 2319 et
1033 2278 1087 2318 L.
1114 2276 1281 2325 Manlii,
1319 2276 1389 2329 qui
1420 2291 1490 2317 eas
1515 2291 1608 2330 pro-

253 2340 408 2381 vincias
435 2341 694 2389 obtinebant,
721 2349 934 2380 venerunt.
984 2355 1035 2380 ex
1059 2339 1108 2380 iis
1136 2339 1281 2379 litteris
1302 2338 1513 2391 cognitum
1533 2343 1608 2385 est,

255 2401 487 2442 Celtiberos
513 2403 824 2455 Lusitanosque
855 2402 896 2442 in
923 2402 1046 2442 armis
1073 2416 1165 2442 esse
1191 2408 1232 2441 et
1256 2400 1460 2441 sociorum
1486 2413 1607 2453 agros

257 2464 453 2517 populari.
515 2465 564 2505 de
596 2479 644 2505 ea
674 2479 718 2505 re
750 2464 1092 2505 consultationem
1122 2463 1326 2516 integram
1358 2469 1525 2502 senatus
1556 2459 1608 2499 ad

255 2538 384 2564 novos
410 2526 677 2578 magistratus
702 2525 856 2566 reiecit.
