1799 2900
187 996 205 1025 [Ο

187 1184 205 1213 02

187 2540 203 2568 9

233 130 316 172 310
506 137 658 171 LIBER
683 137 889 182 xxxva,
916 137 970 171 55.
990 138 1044 172 56.
1074 141 1171 182 [a.u.
1188 138 1313 182 0565]

233 240 412 282 Eumeni
437 240 769 280 adtribuerentur
793 247 956 295 praeter
980 241 1157 294 Lyciam
1179 242 1428 296 Cariamque
1454 258 1585 298 usquc

233 303 285 343 ad
309 301 586 342 BIacandrum
612 317 787 350 amnem,
814 316 863 342 ca
887 310 929 342 ut
957 303 1132 343 civitatis
1147 304 1405 346 Rhodiorum
1431 315 1583 356 essent,

233 372 391 406 ceterae
418 364 605 405 civitates
621 365 764 413 Asiae,
792 379 897 418 quac
919 365 1051 405 Attali
1078 366 1368 420 stipendiariae
1394 368 1583 416 fuissent,

232 427 402 467 eaedem
426 426 606 467 Eumeni
633 427 809 480 vectigal
835 427 1083 481 penderent,
1111 443 1216 481 quae
1243 430 1468 484 vectigales
1494 432 1585 471 An-

233 488 357 529 tiochi
382 489 572 537 fuissent,
599 504 672 529 cac
698 488 852 529 liberae
879 496 1001 542 atquc
1026 489 1216 531 inmunes
1243 500 1395 532 essent.
1441 492 1584 533 decem

231 552 390 606 legatos
418 551 492 592 hos
520 551 809 592 decreverunt:
837 552 890 603 Q.
905 551 1139 592 Minucium
1153 553 1323 602 Rufum,
1346 554 1584 594 L.Furi111n

231 613 552 668 Purpurionem,
591 612 644 664 Q.
683 613 930 653 Minucium'
952 613 1199 662 Thermum,
1237 615 1320 668 Ap.
1359 614 1583 655 Claudium

230 675 456 723 Neronem,
486 673 564 716 Cn.
593 673 835 715 Cornelium
859 675 1088 723 BIerulam,
1114 675 1176 715 M.
1203 676 1368 715 Iunium
1392 677 1583 726 Brutum,

231 735 284 776 L.
311 736 660 784 Aurunculeium,
699 736 752 776 L.
779 736 1007 776 Aemilium
1031 736 1227 785 Paulum,
1267 737 1316 777 P.
1344 736 1584 779 Cornelium

230 797 471 847 Lentulum,
496 798 546 838 P.
573 798 741 839 Aelium
768 798 1046 839 Tuberonem.

316 860 435 902 LVI.
498 860 598 909 His,
643 874 747 913 quac
790 860 1021 914 praesentis
1072 859 1382 914 disceptationis
1431 870 1583 908 essent,

230 921 359 961 libera
406 922 619 970 mandata3
669 922 720 962 de
765 937 926 962 summa
968 937 1105 962 rerum
1148 931 1315 963 senatus
1359 923 1583 965 constituit.

232 983 491 1036 Lycaoniam
529 998 693 1023 omnem
730 991 770 1023 ct
800 983 1030 1037 Phrygiam
1066 991 1282 1036 utramque
1316 991 1353 1024 ct
1385 985 1583 1038 BIysiam,

230 1045 366 1098 regias
395 1045 539 1094 silvas,
567 1053 607 1085 et
632 1045 795 1099 Lydiae
822 1045 1046 1098 Ioniaeque
1073 1055 1189 1085 extra
1214 1060 1261 1086 ea
1287 1046 1451 1100 oppida,
1480 1061 1583 1100 quae

230 1107 360 1147 libera
395 1107 573 1148 fuissent.
610 1122 690 1161 quo
734 1108 799 1148 die
842 1122 936 1148 cum
971 1122 1070 1162 rege
1106 1108 1317 1149 Antiocho
1354 1117 1582 1163 pugnatum

232 1176 307 1217 est,
334 1177 374 1208 et
398 1169 640 1209 nominatim
654 1169 920 1223 BIagnesiam
947 1170 999 1209 ad
1015 1169 1206 1223 Sipylum
1233 1178 1273 1210 ct
1289 1169 1455 1211 Cariam
1477 1186 1582 1224 quac

230 1230 420 1283 Hydrela
443 1231 672 1285 adpellatur
692 1245 920 1285 agrumque
935 1232 974 1270 H
980 1232 1267 1284 ydrelatanmn
1289 1232 1341 1271 ad
1353 1233 1582 1288 Phrygiam

232 1301 472 1346 vergentem
499 1301 538 1332 ct
564 1292 733 1332 castella
759 1293 953 1345 vicosque
980 1292 1031 1332 ad
1050 1292 1329 1332 Blacandrum
1355 1309 1516 1335 anmem
1543 1303 1583 1336 ct

233 1354 404 1408 oppida,
430 1353 511 1393 nisi
537 1368 641 1406 quae
666 1354 795 1394 libera
821 1363 914 1394 ante
940 1354 1094 1394 bellum
1120 1354 1308 1403 fuissent,
1336 1355 1582 1397 Telmesson

231 1415 330 1455 item
355 1416 597 1456 nominatim
622 1425 660 1456 ct
686 1416 1126 1464 castraTclmessium,
1153 1427 1316 1469 praeter
1342 1432 1487 1471 agrum
1513 1419 1582 1471 qui

229 1476 460 1517 Ptolemaei
486 1477 706 1517 Telmessii
739 1477 899 1525 fuisset,
923 1500 980 1505 —
1004 1476 1107 1517 hacc
1133 1477 1288 1525 omnia,
1321 1492 1425 1530 quac
1458 1495 1582 1534 supra

232 1538 384 1592 scripta
410 1546 517 1587 sunt,
543 1539 631 1593 regi
656 1538 836 1579 Eumeni
861 1539 975 1579 iussa
1001 1538 1101 1578 dari.
1139 1539 1300 1579 Rhodis
1327 1539 1462 1593 Lycia
1487 1542 1582 1582 data

230 1608 346 1639 extra
371 1600 549 1640 eundem
564 1600 828 1640 Telmessum
853 1607 893 1640 ct
919 1606 1055 1640 castra
1068 1599 1346 1640 Telmessium
1372 1608 1411 1641 et
1437 1617 1581 1656 agrum

231 1661 298 1713 qui
323 1661 553 1702 Ptolemaei
578 1662 784 1703 Tehnessi
815 1661 976 1702 fuisset.
1037 1661 1140 1702 hacc
1172 1669 1213 1702 ct
1246 1662 1297 1702 ab
1320 1663 1510 1704 Eumene
1542 1671 1582 1705 et

229 1723 404 1764 Rhodiis
432 1731 618 1778 excepta.
680 1739 729 1765 ea
754 1738 918 1777 quoque
949 1723 998 1764 iis
1024 1738 1121 1777 pars
1148 1724 1243 1764 data
1270 1723 1438 1773 Cariae,
1476 1739 1580 1778 quac

228 1785 394 1840 propior
419 1785 615 1827 Rhodum
646 1785 825 1827 insulam
856 1794 969 1826 trans
1002 1786 1278 1826 Maeandrum
1309 1801 1473 1826 amnem
1504 1794 1579 1835 est,

229 1848 393 1902 oppida,
421 1848 513 1897 vici,
541 1848 722 1897 castella,
749 1848 851 1902 agri,
879 1848 950 1901 qui
975 1848 1027 1888 ad
1051 1848 1254 1888 Pisidiam
1281 1857 1475 1903 vergunt,
1502 1849 1581 1890 nisi

229 1924 333 1962 quac
359 1926 500 1951 corum
526 1912 678 1966 oppida
702 1911 743 1951 in
769 1911 957 1952 libertate
982 1911 1159 1951 fuissent
1184 1911 1314 1965 pridie
1340 1926 1463 1965 quam
1489 1926 1580 1952 cum

228 1973 437 2015 Antiocho
463 1989 560 2029 rege
585 1974 627 2014 in
652 1974 759 2014 Asia
783 1982 1012 2028 pugnatum
1038 1980 1113 2014 est.

312 2035 396 2076 Pro
429 2035 491 2076 his
524 2050 618 2076 cum
649 2036 804 2090 gratias
831 2036 1016 2090 egissent
1040 2035 1213 2083 Rhodii,
1247 2036 1297 2076 de
1326 2035 1436 2076 Solis
1462 2036 1576 2085 urbe,

229 2111 333 2149 quae
363 2096 404 2137 in
432 2096 579 2138 Cicilia
609 2105 690 2147 est,
729 2105 921 2152 egerunt:
959 2097 1088 2152 Argis
1115 2105 1155 2137 et
1186 2097 1296 2145 illos,
1336 2098 1441 2138 sicut
1474 2111 1578 2146 sese,

228 2159 423 2200 oriundos
450 2175 560 2210 esse3
594 2161 645 2201 ab
672 2175 720 2201 ca
749 2159 1022 2215 germanitate
1053 2160 1278 2199 fraternam
1305 2159 1383 2200 sibi
1410 2174 1503 2199 cum
1527 2159 1577 2200 iis

229 2221 439 2262 caritatem
477 2236 587 2271 esse3
624 2231 766 2277 petere
803 2222 881 2262 hoc
918 2221 1290 2262 extraordinarium
1326 2237 1496 2271 munus,
1534 2228 1580 2262 ut

229 2298 320 2323 eam
345 2283 552 2323 civitatem
578 2298 629 2324 ex
656 2284 854 2324 servitute
880 2283 996 2338 regia
1022 2283 1263 2324 eximerent.
1324 2283 1460 2324 vocati
1486 2291 1581 2324 sunt

228 2344 353 2398 legati
378 2344 488 2399 regis
504 2345 702 2386 Antiochi
728 2353 947 2398 actumque
968 2359 1061 2385 cum
1086 2345 1135 2385 iis
1163 2353 1238 2393 est,
1265 2359 1341 2385 nec
1361 2345 1579 2398 quicquam

229 2404 492 2459 impetratum
517 2414 695 2447 testante
722 2408 891 2448 foedera
907 2407 1143 2461 Antipatro,
1171 2407 1370 2447 adversus
1397 2421 1501 2459 quae
1528 2407 1579 2446 ab

228 2465 387 2507 Rhodis
413 2483 496 2508 non
522 2467 658 2518 Solos,
685 2469 759 2509 sed
785 2468 974 2509 Ciliciam
999 2468 1084 2523 peti
1110 2476 1150 2508 et
1174 2468 1272 2522 iuga
1293 2468 1421 2508 Tauri
1447 2475 1579 2508 trans-

232 2528 384 2568 scendi.
445 2530 647 2571 revocatis
680 2531 722 2570 in
755 2537 944 2571 senatum
974 2530 1170 2579 Rhodiis,
1202 2544 1294 2570 cum
1325 2537 1577 2583 quantopere

230 2588 413 2629 tenderet
432 2590 593 2643 legatus
613 2592 751 2646 regius
772 2591 1075 2646 exposuissent,
1103 2592 1352 2640 adiecerunt,
1380 2591 1413 2631 si
1439 2590 1577 2643 utique
