1799 2900
194 151 277 194 356
456 157 606 192 LIBER
632 156 857 201 xxxvm,
881 157 937 190 43.
958 155 1012 190 44.
1040 158 1088 200 [a.
1103 167 1137 190 u.
1155 166 1184 190 c.
1199 155 1281 198 567]

130 279 170 309 10
194 265 284 306 tur?
333 260 622 302 ‘Ambraciam
655 260 938 314 obpugnatam
969 266 1009 300 et
1041 266 1203 314 captam
1235 266 1274 299 et
1308 258 1428 312 signa
1459 256 1553 298 inde

196 333 518 376 ornamentaque
545 322 683 363 ablata
708 329 747 362 ct
774 329 909 362 cetera-
933 321 1061 370 facta,
1094 336 1199 374 quae
1225 320 1355 375 captis
1382 319 1553 360 urbibus

196 389 374 434 soleant,
411 392 658 439 negaturum
685 391 756 424 aut
781 398 845 424 me
871 398 946 438 pro
970 383 1032 423 M.
1057 383 1206 423 Fulvio
1234 391 1302 423 aut
1330 383 1465 437 ipsum
1492 381 1553 420 M.

130 466 167 494 11
194 448 390 491 Fulvium
416 447 614 494 censetis,
640 454 779 501 patres
807 445 1042 500 conscripti,
1069 445 1137 498 qui
1158 446 1211 486 ob
1232 445 1306 485 has
1326 460 1393 485 res
1413 452 1555 499 gestas

195 510 451 565 triumphum
476 525 499 549 a
524 508 642 549 vobis
668 508 952 562 postulaturus
984 507 1055 556 sit,
1092 507 1361 548 Ambraciam
1395 515 1557 560 captam

197 575 398 627 signaque
435 586 540 624 quae
577 571 716 611 ablata
754 569 1021 610 criminantur
1057 576 1098 609 et
1133 577 1269 609 cetera
1301 569 1433 623 spolia
1469 567 1556 607 eius

197 635 309 676 urbis
349 641 443 674 ante
480 647 645 673 currum
681 632 839 672 laturus
877 639 919 672 et
954 631 1110 671 fixurus
1148 631 1187 671 in
1221 632 1409 685 postibus
1447 631 1558 671 suis?

132 713 170 743 12
196 697 296 737 nihil
323 703 386 737 est.
412 696 523 749 quod
550 710 593 736 se
620 695 672 735 ab
692 694 855 735 Aetolis
883 701 1094 748 separent3
1122 693 1266 733 eadem
1286 693 1560 734 Ambracien-

133 775 171 803 13
200 760 306 801 sium
332 766 371 799 et
386 758 630 798 Aetolorum
658 771 785 797 eausa
810 763 885 796 est.
934 756 1072 808 itaque
1099 755 1259 810 collega
1284 770 1400 795 meus
1428 756 1493 796 vel
1518 755 1560 795 in

198 822 279 862 alia
304 835 430 862 eausa
460 819 694 860 inimicitias
728 825 919 860 exerceat
950 818 1034 866 vel,
1073 817 1107 857 si
1137 817 1179 857 in
1204 817 1283 857 hae
1307 818 1562 871 utiquewna-

197 884 303 933 vult,
335 883 511 924 retineat
536 880 852 922 Ambraciensis
881 895 978 921 suos
1004 880 1047 920 in
1073 879 1296 920 adventum
1321 879 1384 920 M.
1409 879 1560 921 Fulvii.

134 959 172 989 14
199 961 277 1000 ego
303 959 380 985 nee
405 945 455 985 de
481 942 855 984 Ambraciensibus
887 956 964 983 nec
991 942 1041 983 de
1067 941 1232 982 Aetolis
1259 941 1425 983 decerni
1451 942 1564 995 quic-

200 1023 322 1061 quam
349 1007 521 1047 absente
547 1006 610 1046 M.
635 1005 786 1046 Fulvio
810 1004 972 1059 patiar.’

158 1085 172 1113 1
285 1069 590 1109 XXXXHH.
654 1067 763 1109 Cum
795 1067 1002 1108 Aemilius
1036 1066 1227 1107 callidam
1257 1065 1458 1106 malitiam
1488 1065 1565 1105 ini-

199 1132 296 1173 mici
333 1132 447 1172 velut
486 1139 628 1171 notam
664 1130 857 1171 omnibus
895 1129 1154 1170 insimularet
1192 1136 1232 1169 et
1267 1136 1432 1183 tempus
1471 1143 1564 1168 eum

200 1195 400 1237 morando
426 1201 705 1235 extracturum
731 1193 905 1241 diceret,
932 1207 983 1233 ne
1010 1192 1179 1233 consule
1199 1191 1365 1232 inimico
1384 1191 1563 1231 Romam

156 1270 174 1300 ‘2
202 1257 380 1305 veniret,
406 1255 629 1297 certamine
657 1255 874 1295 consulum
895 1255 1066 1295 biduum
1086 1255 1353 1308 absumptum
1375 1260 1450 1293 est.
1488 1266 1566 1293 nee

201 1327 419 1375 praesente
455 1317 663 1359 Flaminio
701 1316 866 1357 decerni
909 1316 1129 1369 quicquam
1172 1316 1389 1356 videbatur
1426 1329 1564 1369 posse.

157 1393 176 1422 3
203 1388 368 1436 captata
399 1380 561 1421 occasio
593 1386 674 1427 est,
713 1393 807 1420 eum
838 1393 962 1433 aeger
992 1378 1097 1418 forte
1122 1377 1353 1418 Flaminius
1386 1378 1565 1424 abesset,

203 1452 244 1485 et
279 1443 485 1483 referente
516 1441 700 1482 Aemilio
738 1449 908 1481 senatus
947 1440 1183 1481 consultum
1215 1439 1371 1479 factum
1403 1446 1485 1487 est,
1523 1446 1567 1478 ut.

157 1515 178 1544 4
205 1504 576 1545 Ambraciensibus
604 1518 703 1543 suae
728 1518 794 1542 res
822 1517 965 1542 omnes
990 1501 1280 1550 redderentur3
1312 1501 1353 1540 in
1378 1501 1568 1541 libertate

203 1574 345 1607 essent
381 1580 429 1606 ae
464 1565 627 1619 legibus
662 1565 747 1605 suis
778 1572 1010 1612 uterentur3
1060 1563 1242 1617 portoria
1273 1577 1377 1615 quae
1415 1562 1569 1602 vellent

202 1638 313 1669 terra
337 1626 523 1680 marique
551 1633 765 1681 caperent,
804 1626 903 1666 dum
929 1640 1072 1666 eorum
1098 1624 1289 1665 inmunes
1314 1623 1495 1665 Romani
1520 1638 1569 1663 ae

160 1703 179 1733 5
206 1690 306 1731 socii
326 1689 504 1730 nominis
520 1688 663 1729 Latini
686 1696 839 1729 essent.
879 1687 1000 1742 signa
1019 1687 1181 1740 aliaque
1202 1694 1444 1728 ornamenta
1464 1700 1570 1739 quae

205 1760 473 1806 quererentur
505 1766 556 1791 ex
588 1751 759 1792 aedibus
793 1750 921 1791 sacris
956 1749 1119 1790 sublata
1150 1764 1261 1797 esse,
1300 1749 1350 1789 de
1381 1751 1436 1797 is,
1475 1762 1570 1788 eum

203 1815 266 1856 M.
281 1815 455 1855 Fulvius
472 1814 650 1855 Romam
675 1812 934 1861 revertisset,
960 1813 1125 1867 plaeere
1152 1812 1205 1852 ad
1225 1811 1445 1865 collegium
1467 1825 1572 1865 pon-

160 1889 178 1918 6
206 1876 361 1917 tificum
385 1875 529 1916 referri
556 1884 595 1916 et
621 1875 733 1928 quod
757 1875 785 1915 ii
812 1874 1073 1915 censuissent
1095 1873 1196 1914 fieri.
1233 1887 1368 1926 neque
1389 1872 1452 1912 his
1475 1887 1572 1912 con-

205 1947 342 1980 tentus
376 1938 521 1979 consul
552 1938 649 1987 fuit,
688 1938 762 1979 sed
792 1945 939 1992 postea
970 1952 1043 1991 per
1073 1936 1394 1989 infrequentiam
1421 1935 1570 1975 adiecit

208 2009 376 2042 senatus
414 2000 674 2049 consultum,
721 1999 993 2040 Ambraciam
1036 2014 1121 2039 non
1157 1998 1288 2038 videri
1325 1997 1365 2038 vi
1409 2004 1570 2051 captam

208 2078 317 2104 esse.

163 2140 180 2168 7
218 2117 227 2122 ¹
295 2123 555 2179 Supplicatio
591 2123 688 2164 inde
721 2138 772 2164 ex
805 2122 1134 2164 decemvirorum
1168 2122 1333 2163 decreto
1364 2136 1439 2176 pro
1473 2120 1574 2160 vali-

207 2187 349 2228 tudine
385 2186 528 2241 populi
564 2201 638 2241 per
675 2185 856 2226 triduum
894 2185 989 2234 fuit,
1028 2185 1124 2238 quia
1160 2184 1299 2239 gravis
1337 2182 1574 2238 pestilentia

164 2262 183 2292 S
210 2250 353 2290 urbem
380 2257 503 2301 atque
530 2263 652 2303 agros
679 2249 884 2288 vastabat.
934 2247 1113 2288 Latinae
1139 2246 1235 2287 inde
1257 2246 1436 2286 suerunt.
1486 2245 1574 2297 qui-

208 2312 285 2351 bus
322 2310 592 2365 religionibus
629 2310 793 2351 liberati
825 2310 1017 2351 consules
1050 2319 1090 2350 et
1122 2309 1274 2350 dilectu
1309 2307 1493 2363 perfeeto
1518 2330 1575 2335 —

209 2373 327 2413 novis
355 2373 463 2413 enim
489 2381 662 2425 uterque
688 2372 833 2412 maluit
857 2372 917 2412 uti
942 2371 1140 2412 militibus
1166 2396 1222 2399 —
1246 2371 1287 2410 in
1319 2368 1574 2425 provinciam

210 2435 385 2489 profecti
411 2443 507 2475 sunt
533 2443 777 2488 veteresque
804 2449 947 2475 omnes
975 2434 1233 2474 dimiserunt.

167 2508 184 2536 9
296 2497 401 2536 Post
437 2497 655 2537 consulum
689 2497 991 2552 profectionem
1023 2495 1102 2537 Cn.
1128 2494 1315 2535 Blanlius
1352 2491 1573 2548 proconsul

211 2557 390 2597 Romam
415 2559 547 2607 venit,
579 2559 645 2599 cui
670 2573 765 2600 eum
790 2560 842 2600 ab
865 2558 955 2599 Ser.
979 2558 1164 2613 Sulpicio
1189 2564 1378 2612 praetore
1404 2561 1572 2595 senatus

148 2631 187 2661 10
213 2619 265 2659 ad
291 2619 437 2659 aedem
461 2620 662 2661 Bellonae
688 2621 808 2662 datus
835 2627 947 2662 esset
973 2627 1012 2661 et
1036 2620 1126 2674 ipse
1153 2616 1483 2660 commemoratis
1508 2629 1572 2655 re-
