1799 2900
471 142 625 176 LIBER
648 141 873 185 xxxvm,
898 142 951 176 28.
980 141 1032 175 29.
1061 139 1258 184 [a.e.189]
1460 130 1542 172 341

280 244 501 289 XXVIII.
539 245 655 285 Dum
680 244 783 285 haec
803 244 843 284 in
858 245 964 285 Asia
989 251 1200 299 geruntur,
1225 243 1267 282 in
1287 242 1432 283 ceteris
1452 257 1546 296 pro-

197 309 339 351 vinciis
367 307 611 360 tranquillae
637 321 702 347 res
728 307 906 347 fuerunt.
956 321 1148 346 censores
1169 306 1329 346 Romae
1348 304 1399 344 T.
1415 303 1547 356 Quin-

196 371 299 412 ctius
324 369 584 411 Flamininus
611 376 652 409 et
674 368 737 408 M.
762 367 962 409 Claudius
988 368 1214 408 INIarcellus
1242 374 1430 408 senatum
1454 381 1547 421 per-

194 434 396 488 legerunt.
455 431 649 486 princeps
686 430 728 470 in
765 438 911 470 senatu
947 430 1112 470 tertium
1148 430 1280 470 lectus
1316 429 1367 470 P.
1406 427 1546 482 Scipio

194 494 441 541 At'ricanus3
469 499 661 545 quattuor
682 491 758 532 soli
784 491 994 546 praeteriti
1023 499 1130 540 sunt,
1157 506 1278 532 nemo
1301 490 1428 531 curuli
1447 505 1547 530 usus

196 557 363 597 honore.
396 563 435 596 et
456 555 498 595 in
518 555 701 607 equitatu
719 554 974 595 recensendo
994 554 1105 594 mitis
1128 553 1353 594 admodum
1375 567 1550 593 censura

196 618 285 658 fuit.
336 616 684 658 substructionem
710 631 834 670 super
859 615 1195 668 Aequimaelium
1219 614 1261 654 in
1276 613 1484 668 Capitolio
1509 620 1549 653 et.

196 680 305 720 viam
332 679 444 720 silice
471 678 735 718 sternendam
761 693 785 718 a
810 685 929 732 porta
945 676 1118 731 Capena
1144 676 1196 716 ad
1209 675 1361 716 BIartis
1387 675 1551 716 locave-

196 750 302 782 runt.
365 739 569 794 Campani
594 740 664 780 ubi
697 748 979 788 censerentur,
1014 747 1205 779 senatum
1236 737 1548 785 consuluerunt3

198 804 421 850 decretum,
442 802 500 841 uti
515 802 674 842 Romae
696 809 974 841 censerentur.
1013 815 1143 853 aquae
1165 800 1356 854 ingentes
1379 814 1426 840 eo
1442 813 1549 838 anno

197 866 381 912 fuerunt;
408 863 571 903 Tiberis
605 863 856 904 duodeciens
890 877 1082 916 campum
1112 861 1312 902 BIartiun]
1344 860 1550 914 planaque

198 926 313 966 urbis
339 925 566 964 inundavit.

283 987 354 1027 Ab
375 985 452 1027 Cn.
472 986 633 1026 Bianlio
660 986 829 1025 consule
856 985 964 1026 bello
989 985 1030 1025 in
1055 985 1161 1025 Asia
1187 998 1279 1024 cum
1307 982 1439 1023 Gallis
1458 997 1551 1037 per-

199 1049 326 1093 fecto,
366 1048 467 1088 alter
505 1047 649 1087 consul
680 1047 742 1087 M.
774 1047 948 1087 Fulvius
986 1045 1227 1101 perdomitis
1258 1044 1420 1085 Aetolis
1459 1058 1552 1083 cum

198 1107 428 1150 traiecisset
459 1109 501 1148 in
529 1107 862 1162 Cephalleniam,
895 1108 1004 1147 eirea
1037 1107 1224 1147 civitates
1257 1106 1417 1146 insulae
1442 1104 1554 1145 misit

199 1179 527 1225 percunctatum,
559 1178 696 1209 utrum
728 1184 772 1209 sc
804 1169 954 1209 dedere
979 1168 1181 1209 Romanis
1213 1183 1265 1207 an
1295 1167 1394 1207 belli
1424 1167 1553 1207 fortu-

198 1247 294 1272 nam
320 1231 498 1286 experiri
527 1231 708 1270 mallent.
769 1240 902 1270 metus
934 1230 987 1270 ad
1013 1244 1155 1270 omnes
1182 1229 1329 1277 valuit,
1361 1243 1412 1268 ne
1439 1227 1553 1268 dedi-

198 1294 352 1335 tionem
384 1300 637 1334 recusarent.
700 1293 867 1333 obsides
902 1293 998 1333 inde
1034 1292 1258 1347 imperatos
1290 1305 1364 1345 pro
1397 1289 1552 1330 viribus

199 1357 343 1410 inopes
387 1355 548 1409 populi,
590 1353 882 1409 [quadraginta
917 1352 1166 1408 Pronnaei]‚
1206 1353 1372 1393 vicenos
1417 1361 1554 1392 autem

202 1417 344 1459 Cranii
378 1425 417 1458 et
446 1417 648 1457 Palenses
681 1424 720 1458 et
756 1417 923 1458 Samaei
955 1417 1169 1458 dederunt.
1230 1417 1440 1470 insperata
1470 1429 1552 1468 pax

202 1478 497 1534 Cephalleniae
530 1480 761 1529 affulserat,
789 1494 882 1519 cum
912 1486 1081 1534 repente
1112 1494 1195 1519 una
1228 1478 1391 1525 civitas,
1424 1477 1556 1517 incer-

200 1549 289 1582 tum
320 1556 444 1594 quam
476 1541 528 1582 ol)
561 1556 747 1590 causam,
782 1540 949 1582 Samaei
975 1541 1251 1581 desciverunt.
1313 1539 1409 1592 quia
1434 1553 1555 1592 opor—

203 1611 301 1643 tuno
326 1603 416 1643 loco
442 1603 538 1643 urbs
563 1603 699 1656 posita
725 1612 848 1651 esset,
876 1603 1063 1643 timuisse
1084 1616 1127 1642 se
1150 1602 1327 1649 aiebant,
1354 1614 1406 1640 ne
1428 1600 1556 1640 demi-

203 1680 322 1719 grare
349 1673 594 1719 cogerentur
625 1666 675 1705 ab
701 1665 916 1705 Romanis.
978 1675 1160 1704 ceterum
1190 1662 1324 1717 ipsine
1357 1661 1436 1702 sibi
1461 1675 1556 1701 eum

202 1727 396 1766 finxerint
440 1734 595 1766 metum
641 1735 681 1767 et
723 1727 868 1767 timore
912 1741 1018 1767 vano
1057 1725 1236 1778 quietem
1281 1723 1469 1765 exuerint
1505 1738 1556 1762 an

203 1789 355 1829 iactata
397 1788 655 1828 sermonibus
708 1803 775 1829 res
814 1797 913 1843 aput
948 1788 1161 1829 Romanos
1204 1786 1362 1841 perlata
1397 1785 1450 1825 ad
1485 1799 1555 1824 eos

205 1851 274 1900 sit,
306 1850 407 1890 nihil
433 1851 631 1904 comperti
657 1858 740 1899 est,
773 1850 851 1891 nisi
879 1850 989 1903 quod
1014 1849 1120 1889 datis
1146 1849 1228 1888 iam
1253 1847 1467 1888 obsidibus
1492 1860 1557 1886 re-

202 1920 325 1967 pente
358 1920 497 1966 portas
532 1912 787 1961 clauserunt,
826 1921 865 1952 et
895 1927 946 1952 ne
979 1925 1146 1952 suorum
1172 1909 1339 1963 quidem
1363 1907 1554 1963 precibus

202 1973 441 2014 ——miserat
465 1974 574 2015 enim
595 1975 670 2014 sub
696 1989 835 2014 muros
856 1973 999 2014 consul
1019 1973 1071 2013 ad
1095 1971 1379 2026 temptandam
1399 1969 1558 2009 miseri-

205 2035 385 2076 cordiam
409 2035 642 2090 parentium
666 2034 1293 2091 populariumque—desistere
1314 2033 1366 2073 ab
1392 2031 1556 2085 incepto

207 2097 434 2137 voluerunt.
494 2098 726 2152 obpugnari
752 2098 919 2146 deinde,
956 2104 1177 2151 postquam
1201 2094 1302 2135 nihil
1333 2092 1470 2148 pacati
1494 2106 1557 2132 re-

207 2159 504 2212 spondebatur,
543 2168 688 2214 coepta
724 2160 822 2199 urbs
862 2166 937 2199 est.
998 2159 1239 2212 adparatum
1280 2169 1444 2196 ornnem
1476 2161 1557 2194 tor-

206 2226 436 2260 mentorum
467 2221 833 2273 machinarumque
865 2228 1094 2260 travectum
1126 2219 1177 2259 ab
1203 2216 1454 2257 Ambraciae
1485 2215 1558 2255 ob-

205 2282 459 2336 pugnatione
479 2283 678 2332 habebat3
706 2291 745 2323 et
760 2298 885 2337 opera
906 2297 1010 2335 quae
1031 2280 1222 2321 facienda
1241 2286 1369 2326 erant,
1395 2276 1557 2332 inpigre

206 2343 356 2384 milites
388 2344 660 2398 perfecerunt.
726 2345 886 2384 duobus
923 2343 1048 2397 igitur
1085 2343 1186 2383 locis
1220 2340 1374 2382 admoti
1410 2340 1558 2380 arietes

207 2405 446 2458 quatiebant
470 2420 623 2447 muros.

290 2466 536 2509 XXVIIII.
579 2468 666 2508 Nec
693 2468 744 2507 ab
772 2465 960 2507 Samaeis
987 2465 1206 2519 quicquam
1231 2479 1310 2517 quo
1338 2470 1408 2504 aut
1432 2477 1557 2518 opera

208 2536 277 2568 aut
302 2528 431 2569 hostis
454 2529 582 2569 arceri
601 2529 746 2583 possit,
772 2528 1111 2584 praetermissum
1131 2534 1206 2567 est.
1239 2526 1399 2566 duabus
1421 2532 1559 2565 tamen

206 2590 384 2631 maxime
411 2591 658 2631 resistebant
682 2591 825 2640 rebus,
857 2605 958 2640 una,
990 2589 1224 2630 interiorem
1251 2602 1414 2642 semper
1444 2586 1556 2627 iuxta

1575 257 1586 285 1

1573 441 1590 461 ⁵)

1573 460 1590 469 .ι

1575 627 1593 656 3

1576 749 1594 776 >t

1581 1426 1596 1454 7

1580 1549 1598 1578 8

1587 2103 1624 2132 10

1585 2289 1622 2318 11

1584 2475 1598 2503 l

1583 2598 1601 2627 2
