1799 2900
163 755 202 785 10

164 1004 199 1033 11

164 1066 201 1096 12

166 1190 204 1220 13

187 1622 204 1651 to

191 2491 207 2519 7

223 72 307 115 392
474 80 627 115 LtssER
654 79 899 124 xxxvlm,
924 80 978 114 23.
1000 79 1053 114 24.
1081 83 1129 124 [a.
1145 92 1179 115 u.
1196 92 1226 116 e.
1242 80 1324 124 560]

222 185 331 226 vieto
356 184 470 239 leges
497 183 804 238 imponerentur,
831 183 1010 224 maxime
1038 185 1230 238 angebat,
1257 184 1368 238 quod
1393 184 1463 237 qui
1483 183 1578 225 Ma-

223 247 427 288 cedonum
458 246 511 286 ab
543 260 587 286 se
614 245 852 286 defecerant
877 245 917 286 in
942 246 1072 296 bello,
1103 247 1145 287 in
1171 262 1241 287 eos
1274 247 1338 288 ius
1366 246 1577 288 saeviendi

224 310 463 363 ademptum
477 308 515 348 ei
535 309 586 348 ab
601 315 747 348 senatu
763 315 862 356 erat,
890 322 984 348 cum
1004 308 1100 361 quia
1119 324 1205 349 rem
1227 309 1429 364 integram
1447 309 1579 361 Quin-

224 371 328 411 ctius
361 370 402 410 in
433 369 743 411 condicionibus
782 369 896 424 pacis
929 370 1163 420 distulerat,
1201 386 1284 411 non
1316 372 1579 426 desperasset

223 431 435 488 impetrari
459 446 598 487 posse.
637 430 848 472 Antiocho
873 447 972 487 rege
999 432 1146 474 deinde
1170 433 1280 474 bello
1307 442 1499 488 superato
1527 433 1579 473 ad

224 494 543 549 Thermopylas,
570 493 714 534 divisis
740 493 942 548 partibus,
970 507 1062 534 eum
1088 510 1161 550 per
1180 496 1349 536 eosdem
1375 495 1462 536 dies
1483 509 1581 535 con-

226 557 290 597 sul
316 556 476 597 Acilius
503 556 774 605 Heracleam,
805 556 1027 611 Philippus
1054 557 1249 598 Lamiam
1281 559 1579 612 obpugnasset,

226 627 347 674 capta
360 619 568 659 Heraclea
592 618 689 672 quia
712 618 852 659 iussus
879 619 1102 659 abscedere
1129 634 1152 659 a
1177 620 1392 660 moenibus
1406 619 1582 660 Lamiae

226 689 314 722 erat
337 681 624 734 Romanisque
657 680 856 735 oppidum
888 680 1071 721 deditum
1098 689 1179 730 est,
1219 696 1341 735 aegre
1374 695 1466 721 eam
1495 696 1582 721 rem

227 743 388 784 tulerat.
437 743 655 798 permulsit
679 744 783 784 iram
809 742 897 784 eius
924 743 1081 791 consul,
1106 743 1217 796 quod
1242 743 1295 783 ad
1318 743 1582 797 Naupactum

226 805 316 860 ipse
337 805 554 854 festinans,
581 819 661 858 quo
677 820 721 845 se
742 820 794 845 ex
813 804 915 859 fuga
927 804 1069 845 Aetoli
1090 805 1362 853 contulerant,
1387 804 1584 859 Philippo

226 867 431 923 permisit,
463 867 743 908 Athamaniae
775 874 815 908 et
844 867 1120 921 Amynandro
1158 866 1313 908 bellum
1345 866 1515 907 inferret
1545 873 1586 907 et

227 930 351 970 urbes
391 944 493 982 quas
525 929 742 970 Thessalis
768 929 911 970 Aetoli
947 929 1188 969 ademerant
1223 944 1353 983 regno
1391 928 1584 969 adiceret.

229 991 340 1032 haud
371 1007 523 1046 magno
557 991 780 1032 certamine
813 999 852 1032 et
884 991 1205 1045 Amynandrum
1230 990 1486 1031 Athamania
1516 1006 1587 1031 ex-

227 1053 390 1108 pulerat
414 1062 452 1094 et
479 1054 603 1094 urbes
629 1060 841 1108 receperat
868 1053 1036 1106 aliquot.
1068 1052 1382 1094 Demetriadem
1409 1067 1585 1106 quoque,

228 1116 374 1155 urbem
407 1114 588 1155 validam
614 1122 654 1155 et.
685 1115 738 1155 ad
769 1115 908 1156 omnia
939 1123 1234 1170 opportunam,
1267 1122 1308 1155 et
1336 1114 1586 1168 Magnetum

230 1188 398 1232 gentem
425 1192 523 1217 suae
551 1177 725 1217 dicionis
752 1176 862 1217 fecit.
923 1177 1019 1217 inde
1046 1184 1085 1217 et
1111 1177 1153 1216 in
1179 1176 1359 1217 Thracia
1384 1177 1586 1229 quasdam

229 1239 373 1287 urbes,
410 1252 543 1278 novae
575 1246 698 1291 atque
730 1238 918 1279 insuetae
949 1238 1149 1279 libertatis
1183 1238 1282 1278 vitio
1316 1238 1586 1279 seditionibus

229 1301 462 1356 principum
499 1302 704 1349 turbatas,
742 1300 929 1355 partibus
966 1315 1071 1354 quae
1103 1301 1330 1342 domestico
1364 1301 1587 1341 certamine

230 1362 493 1402 vincerentur
517 1362 782 1416 adiungendo
809 1377 901 1402 sese
927 1362 1048 1417 cepit.

317 1424 522 1464 XXIIII.
572 1423 653 1464 His
687 1424 830 1464 sedata
866 1424 908 1464 in
939 1424 1175 1478 praesentia
1204 1423 1314 1477 regis
1346 1424 1406 1464 ira
1436 1423 1478 1464 in
1502 1424 1588 1465 Ro-

230 1501 376 1527 manos
414 1493 489 1526 est.
562 1500 789 1539 numquam
825 1493 964 1526 tamen
998 1485 1157 1526 remisit
1197 1486 1380 1526 animum
1415 1500 1439 1526 a
1475 1486 1588 1527 colli-

230 1548 377 1603 gendis
414 1547 456 1588 in
493 1561 595 1602 pace
626 1548 801 1597 viribus,
841 1547 990 1601 quibus
1017 1547 1264 1601 quandoque
1298 1547 1394 1588 data
1424 1547 1590 1588 fortuna

233 1617 343 1651 esset
370 1609 423 1650 ad
447 1609 604 1649 bellum
629 1617 825 1650 uteretur.
887 1609 1108 1664 vectigalia
1132 1609 1251 1663 regni
1276 1624 1359 1650 non
1386 1609 1588 1650 fructibus

232 1681 394 1713 tantum
415 1687 609 1726 agrorum
634 1671 910 1726 portoriisque
930 1671 1147 1712 maritimis
1170 1671 1295 1720 auxit,
1324 1671 1398 1712 sed
1423 1671 1591 1712 metalla

232 1735 357 1776 etiam
388 1741 429 1775 et
460 1742 601 1775 vetera
631 1734 870 1775 intermissa
899 1734 1074 1776 recoluit
1105 1743 1145 1775 et
1176 1750 1286 1775 nova
1316 1734 1456 1774 multis
1487 1734 1590 1775 loeis

232 1797 424 1838 instituit.
468 1804 513 1837 ut
538 1812 635 1838 vero
662 1797 874 1850 antiquam
900 1797 1206 1838 multitudinem
1232 1797 1459 1846 hominum,
1485 1813 1591 1851 quae

232 1859 328 1900 belli
354 1859 540 1899 cladibus
574 1859 729 1900 amissa
754 1867 859 1909 erat,
891 1860 1145 1909 restitueret,
1176 1875 1260 1900 non
1287 1859 1475 1900 subolem
1501 1867 1592 1900 tan-

231 1928 319 1961 tum
357 1920 495 1975 stirpis
537 1922 711 1976 parabat
747 1922 946 1976 cogendis
984 1922 1176 1963 omnibus
1212 1936 1431 1976 procreare
1469 1928 1591 1974 atque

232 1984 408 2024 educare
439 1983 612 2032 liberos,
648 1983 722 2024 sed
747 1983 959 2024 Thracum
986 1984 1110 2024 etiam
1141 1999 1336 2038 magnam
1362 1983 1592 2024 multitudi-

232 2061 327 2086 nem
352 2046 395 2086 in
418 2045 715 2086 BIaeedoniam
740 2046 982 2087 traduxerat
1013 2046 1257 2099 quietusque
1291 2046 1544 2098 aliquamdiu
1568 2061 1593 2086 a

231 2108 351 2149 bellis
378 2107 489 2149 omni
521 2122 620 2148 cura
650 2108 693 2148 in
719 2109 932 2163 augendas
958 2109 1078 2163 regni
1103 2123 1203 2163 opes
1235 2108 1418 2148 intentus
1444 2108 1592 2149 fuerat.

232 2170 391 2211 rediere
418 2170 568 2210 deinde
595 2185 759 2220 causae,
786 2185 892 2224 quac
918 2171 969 2211 de
995 2171 1157 2226 integro
1183 2171 1286 2211 iram
1312 2179 1526 2211 moverent
1550 2170 1592 2211 in

232 2232 460 2273 Romanos.
520 2232 821 2274 Thessalorum
852 2241 893 2274 et
922 2233 1258 2274 Perrhaeborum
1297 2232 1504 2286 querellae
1541 2232 1592 2274 de

231 2294 402 2333 urbibus
430 2294 514 2335 suis
541 2295 594 2335 ab
620 2309 668 2336 eo
694 2295 902 2349 possessis
930 2303 970 2336 et
995 2295 1228 2349 legatorum
1252 2294 1454 2336 Eumenis
1481 2294 1592 2349 regis

233 2355 284 2395 de
316 2355 532 2397 Thraeciis
565 2357 729 2412 oppidis
767 2373 841 2412 per
872 2358 957 2398 vim
995 2359 1207 2413 occupatis
1245 2358 1516 2410 traductaque
1551 2357 1594 2397 in

233 2417 528 2458 Macedoniam
561 2419 842 2469 multitudine,
880 2420 938 2460 ita
962 2421 1128 2462 auditae
1160 2428 1296 2469 erant,
1334 2428 1379 2460 ut
1409 2435 1479 2460 eas
1511 2434 1594 2460 non

234 2478 401 2531 neglegi
427 2479 528 2519 satis
554 2480 786 2534 adpareret.
846 2482 1027 2523 maxime
1053 2489 1240 2523 moverat
1266 2490 1457 2522 senatum
1483 2481 1594 2534 quod

234 2538 314 2578 iam
341 2539 453 2580 Aeni
479 2548 519 2581 et
538 2541 768 2583 Maroneae
794 2544 992 2585 adfectari
1019 2544 1331 2599 possessionem
1357 2543 1572 2583 audierant
1582 2557 1592 2591 3
