1799 2900
277 139 360 180 4⁶22
526 144 677 179 LIBER
702 143 944 186 xxxvnn,
969 144 1114 180 54-56.
1142 145 1378 189 [maman]

276 249 503 305 per-abilem
540 247 665 288 finem
701 247 742 288 in
779 247 916 288 medio
953 262 1065 297 esse3
1103 263 1186 289 non
1223 248 1363 302 utique
1400 249 1449 289 iis
1482 248 1629 290 melius

212 327 250 357 13
277 313 364 352 fore
390 310 459 363 qui
485 325 555 351 eas
581 308 701 364 primi
727 309 893 364 pervias
919 308 1128 351 fecissent.
1178 311 1304 365 legati
1330 311 1446 351 missi
1472 311 1525 352 L.
1545 312 1630 352 Fu-

274 373 358 414 rius
383 372 609 427 Purpurio,
637 370 690 423 Q.
712 371 943 420 Minucius,
969 371 1021 411 L.
1043 372 1227 413 BIanlius
1254 373 1470 414 Acidinus.
1505 372 1629 422 Galli,

273 434 444 476 redditis
477 433 669 474 omnibus
704 447 809 487 quac
841 433 929 473 sine
955 433 1197 487 cuiusquam
1229 434 1377 476 iniuria
1406 435 1629 484 habebant,

274 497 396 537 Italia
422 504 703 537 excesserunt.

237 575 247 602 1
361 559 457 600 LV.
512 558 689 613 Legatis
727 557 929 599 Romanis
967 557 1235 613 Transalpini
1270 559 1411 614 populi
1448 559 1629 613 benigne

275 621 590 676 responderunt.
653 620 837 661 seniores
870 635 1010 661 eorum
1043 620 1212 661 nimiam
1243 620 1452 662 lenitatem
1490 621 1631 676 populi

232 698 250 727 ρ
276 682 455 724 Romani
477 682 746 737 castigarum,
774 682 884 735 quod
911 697 980 723 eos
1008 682 1194 723 homines
1216 683 1285 736 qui
1310 683 1445 736 gentis
1471 683 1631 724 iniussu

275 744 450 800 profecti
475 758 678 799 occupare
704 759 850 799 agrum
876 744 1035 799 imperii
1050 745 1229 786 Romani
1251 753 1291 786 et
1314 745 1354 784 in
1382 745 1516 786 alieno
1542 745 1630 787 solo

230 822 248 851 3
275 806 492 847 aedificare
519 807 718 862 oppidum
744 806 880 847 conati
907 807 1005 855 sint,
1038 806 1249 861 inpunitos
1277 806 1525 848 dimiserint:
1559 807 1630 848 de-

277 868 415 909 buisse
446 884 618 923 gravem
650 868 894 909 temeritatis
926 869 1160 909 mercedem
1193 868 1329 909 statui.
1389 869 1501 922 quod
1533 884 1630 910 vero

273 931 396 972 etiam
423 947 498 972 sua
522 932 794 980 reddiderint,
827 932 960 972 vereri
985 947 1036 973 ne
1061 940 1175 972 tanta
1207 932 1466 986 indulgentia
1490 933 1630 987 plures

228 1009 248 1036 4
274 994 326 1034 ad
351 994 449 1034 talia
474 994 665 1035 audenda.
689 994 952 1049 inpellantur.
1013 1002 1054 1036 et
1079 1003 1331 1049 exceperunt
1357 1002 1397 1036 et
1421 995 1631 1050 prosecuti

272 1070 366 1097 cum
393 1056 512 1097 donis
538 1056 699 1111 legatos
728 1064 836 1098 sunt.

359 1119 422 1159 Μ.
451 1118 653 1159 Claudius
687 1119 831 1160 consul
867 1118 1001 1160 Gallis
1040 1134 1090 1160 ex
1121 1119 1334 1174 provincia
1365 1119 1520 1161 exactis
1551 1119 1631 1161 Hi-

273 1180 441 1221 stricum
473 1181 628 1221 bellum
661 1181 796 1222 moliri
827 1182 961 1236 coepit
992 1181 1138 1222 litteris
1172 1182 1223 1222 ad
1256 1190 1444 1223 senatum
1476 1181 1628 1231 missis,

227 1254 245 1283 5
270 1250 317 1282 ut
349 1242 426 1282 sibi
456 1241 499 1282 in
529 1242 734 1283 Histriam
766 1243 980 1283 traducere
1012 1243 1197 1297 legiones
1229 1243 1382 1284 liceret.
1443 1243 1484 1283 id
1511 1259 1631 1284 sena-

273 1304 330 1344 tui
359 1301 494 1357 [haut]
523 1304 690 1358 placuit.
751 1304 852 1344 illud
883 1304 1115 1358 agitabant,
1152 1304 1211 1344 uti
1244 1305 1404 1345 colonia
1435 1305 1630 1358 Aquileia

271 1366 556 1415 deduceretur,
578 1381 654 1406 nec
675 1366 774 1406 satIs
791 1367 1020 1415 constabat,
1042 1376 1178 1407 utrum
1194 1367 1390 1407 Latinam
1412 1383 1463 1407 an
1479 1368 1630 1408 civium

270 1427 555 1468 Romanorum
587 1428 734 1469 deduci
766 1428 961 1483 placeret.
1022 1437 1231 1483 postremo
1264 1430 1460 1469 Latinam
1491 1430 1628 1484 potius

226 1503 244 1532 6
271 1490 474 1530 coloniam
496 1490 780 1530 deducendam
806 1500 944 1544 patres
966 1499 1226 1531 censuerunt.
1277 1491 1477 1531 triumviri
1504 1493 1630 1533 creati

270 1559 365 1592 sunt
386 1552 435 1592 P.
454 1551 595 1606 Scipio
610 1552 774 1600 Nasica,
799 1552 848 1593 C.
862 1552 1108 1601 Flaminius,
1136 1553 1188 1593 L.
1204 1553 1390 1593 Manlius
1406 1554 1625 1595 Acidinus.

356 1615 521 1655 Eodem
547 1629 655 1655 anno
669 1614 836 1655 Mutina
862 1622 901 1655 et
919 1615 1074 1655 Parma
1101 1615 1284 1656 coloniae
1311 1616 1462 1656 civium
1475 1616 1630 1657 Roma-

225 1691 241 1719 7
268 1692 416 1717 norum
448 1683 544 1717 sunt
575 1677 791 1717 deductae.
854 1677 950 1718 bina
975 1677 1089 1718 milia
1121 1677 1333 1718 hominum
1367 1678 1408 1718 in
1435 1694 1534 1733 agro
1559 1679 1628 1732 qui

268 1738 456 1794 proxime
482 1739 702 1788 Boiorum,
737 1746 831 1780 ante
858 1739 1092 1780 Tuscorum
1118 1740 1271 1789 fuerat,
1304 1748 1454 1781 octona
1483 1741 1629 1795 iugera

223 1813 242 1842 8
266 1802 458 1850 Parmae,
485 1801 611 1854 quina
628 1801 821 1842 hlutinae
840 1810 1104 1856 acceperunt.
1144 1802 1406 1843 deduxerunt
1425 1802 1627 1843 triumviri

267 1864 329 1904 M.
356 1863 562 1904 Aemilius
589 1863 798 1918 Lepidus,
825 1864 875 1905 T.
902 1864 1111 1905 Aebutius
1141 1863 1296 1913 Carus,
1323 1865 1376 1905 L.
1404 1864 1626 1916 Quinctius

224 1937 241 1967 9
271 1925 504 1981 Crispinus.
572 1934 613 1967 et
651 1926 848 1967 Saturnia
885 1927 1046 1967 colonia
1083 1926 1234 1967 civium
1264 1927 1550 1968 Romanorum
1586 1927 1627 1967 in

268 2003 415 2043 agrum
453 1987 723 2029 Caletranum
761 1996 826 2029 est
863 1988 1053 2029 deducta.
1126 1989 1388 2029 deduxerunt
1425 1989 1626 2029 triumviri

268 2049 322 2101 Q.
347 2049 505 2090 Fabius
538 2049 704 2099 Labeo,
740 2049 789 2091 C.
816 2050 1019 2090 Afranius
1054 2050 1220 2099 Stellio,
1253 2050 1318 2091 Ti.
1352 2050 1626 2105 Sempronius

269 2111 502 2153 Gracchus.
563 2111 606 2151 in
632 2111 818 2166 singulos
844 2112 988 2167 iugera
1014 2113 1109 2153 data
1136 2113 1291 2153 decem.

226 2187 240 2216 1
356 2175 477 2217 LVI.
515 2174 679 2215 Eodem
705 2190 811 2215 anno
831 2175 887 2216 A.
903 2175 1124 2216 Terentius
1152 2174 1374 2229 proconsul
1401 2175 1511 2215 baud
1531 2190 1626 2229 pro-

268 2236 334 2276 cul
365 2237 534 2277 flumine
560 2236 722 2277 Hibero
748 2236 790 2277 in
817 2252 917 2292 agro
941 2237 1163 2278 Ausetano
1190 2245 1230 2277 et
1263 2237 1418 2291 proelia
1445 2237 1627 2277 secunda

268 2313 362 2339 cum
395 2298 616 2340 Celtiberis
648 2299 764 2348 fecit,
802 2307 842 2339 et
873 2299 1027 2354 oppida
1064 2313 1169 2352 quae
1206 2299 1262 2339 ibi
1299 2299 1626 2340 communierant

223 2373 241 2402 2
269 2361 425 2414 aliquot
459 2361 728 2415 expugnavit.
789 2361 959 2402 ulterior
984 2361 1195 2416 HispanIa
1226 2376 1274 2402 eo
1307 2376 1415 2402 anno
1446 2361 1488 2400 in
1523 2375 1625 2415 paee

267 2422 357 2471 fuit,
384 2423 480 2475 quia
505 2430 545 2463 et
569 2423 619 2464 P.
648 2421 921 2478 Sempronius
952 2423 1175 2478 proconsul
1208 2423 1365 2464 diutino
1390 2423 1535 2463 morbo
1561 2432 1625 2462 est

268 2484 475 2537 inplicitus
514 2492 554 2526 et
594 2485 708 2527 nullo
752 2486 983 2527 lacessente
1025 2494 1333 2540 peropportune
1379 2486 1624 2538 quieverunt

225 2558 243 2586 :3
268 2545 474 2586 Lusitani.
535 2561 612 2587 nec
641 2547 683 2587 in
708 2547 938 2602 Liguribus
970 2548 1239 2589 memorabile
1273 2547 1493 2601 quicquam
1519 2561 1543 2586 a
1567 2544 1620 2595 Q.

267 2607 398 2647 Fabio
425 2608 594 2648 consule
619 2617 796 2662 gestum.
