1799 2900
503 146 658 180 LIBER
683 147 850 190 XXXX,
876 147 931 181 29.
958 149 1006 191 [a.
1022 145 1157 190 0151]
1427 134 1512 175 449

157 258 198 293 et
221 251 361 306 inopia
385 250 551 305 frugum
582 249 758 304 insignis
789 266 922 291 annus
948 250 1038 291 fuit.
1099 264 1171 290 sex
1203 263 1367 289 menses
1393 262 1513 288 num-

158 328 281 367 quam
306 312 491 367 pluvisse
516 312 716 353 memoria
740 312 962 367 proditum.

240 375 403 415 Eodem
430 389 537 414 anno
569 373 611 413 111
638 389 738 427 agro
764 375 816 414 L.
842 374 998 414 Petillii
1024 373 1183 414 scribae
1209 373 1286 413 sub
1311 371 1511 420 Ianiculo,

157 438 253 478 dum
280 437 456 477 cultores
484 436 572 491 agri
598 436 718 477 altius
745 436 969 476 moliuntur
994 444 1162 484 terram,
1197 436 1302 475 duae
1327 434 1514 489 lapideae

157 514 295 548 areae,
328 507 499 540 octonos
526 499 655 538 ferme
681 499 809 553 pedes
835 499 1003 553 longae,
1043 508 1264 551 quaternos
1290 497 1416 545 latae,
1454 496 1515 535 in-

156 570 303 602 ventae
331 568 445 610 sunt,
478 561 681 615 opereulis
707 561 877 615 plumbo
904 560 1119 600 devinctis.
1178 559 1323 599 litteris
1350 558 1514 599 Latinis

158 623 414 676 Graecisque
446 631 620 675 utraque
652 637 747 663 area
778 623 932 677 scripta
963 629 1069 671 erat,
1106 622 1150 661 in
1181 621 1308 662 altera
1337 621 1516 661 Numam

155 685 408 740 Pompilium
427 685 656 739 Pomponis
682 685 811 724 filium
835 699 979 739 regem
997 684 1283 724 Romanorum
1310 681 1517 736 sepultum

158 762 268 796 esse,
306 747 347 787 in
374 747 502 787 altera
526 747 652 787 libros
678 747 839 787 Numae
865 745 1061 800 Pompilii
1085 746 1236 786 inesse.
1297 760 1366 785 eas
1400 757 1516 784 areas

157 823 249 848 011111
287 824 339 849 ex
375 808 603 849 amicorum
642 809 847 849 sententia
884 808 1075 848 dominus
1114 806 1363 861 aperuisset,
1412 819 1517 858 quae

156 870 319 910 titulum
346 870 496 925 sepulti
521 870 630 924 regis
658 870 877 918 habuerat,
903 869 1036 909 inanis
1062 870 1250 917 inventa,
1278 868 1366 908 sine
1391 866 1518 908 vesti-

156 932 225 986 gio
252 932 334 972 ullo
361 932 543 986 eorporis
570 932 739 972 humani
764 940 834 972 aut
860 931 981 972 ullius
1007 931 1084 979 rei,
1110 945 1183 985 per
1202 930 1341 970 tabem
1366 936 1427 969 tot.
1447 944 1518 968 an-

156 1009 304 1035 norum
331 994 521 1034 omnibus
549 995 793 1048 absumptis.
842 994 885 1033 111
910 994 1039 1034 altera
1064 993 1145 1033 duo
1169 992 1306 1032 fasces
1332 990 1515 1031 candelis

156 1055 330 1096 involuti
358 1064 551 1110 septenos
578 1056 760 1096 habuere
785 1056 932 1104 libros,
958 1070 1041 1095 11011
1066 1054 1250 1108 integros
1276 1053 1418 1100 modo,
1446 1051 1520 1092 sed

156 1118 443 1158 recentissima
482 1118 632 1172 specie.
705 1125 865 1172 septem
902 1116 1046 1157 Latini
1088 1116 1138 1156 de
1176 1115 1264 1155 iure
1306 1113 1518 1169 pontificio

158 1187 293 1227 erant,
321 1187 480 1233 septem
503 1179 655 1220 Graeci
680 1179 730 1218 de
757 1179 975 1233 disciplina
1000 1177 1246 1232 sapientiae,
1281 1191 1385 1229 quae
1411 1175 1519 1215 illius

158 1241 305 1281 aetatis
332 1256 425 1280 esse
450 1240 595 1294 potuit.
651 1240 774 1280 adicit
798 1240 950 1280 Antias
976 1238 1189 1286 Valerius,
1215 1237 1520 1291 Pythagoricos

158 1302 307 1350 fuisse,
346 1302 539 1355 vulgatae
566 1301 768 1355 opinioni,
803 1315 884 1354 qua
909 1300 1088 1341 ereditur
1112 1299 1380 1353 Pythagorae
1406 1297 1522 1338 audi-

158 1372 290 1404 torem
326 1363 456 1404 fuisse
482 1364 680 1411 Numam,
718 1363 935 1403 mendacio
965 1362 1171 1417 probabili
1206 1360 1523 1401 adcommodata

158 1426 251 1466 fide.
311 1425 444 1480 primo
471 1426 522 1465 ab
548 1425 712 1474 amieis,
745 1425 814 1478 qui
838 1425 881 1465 in
904 1440 948 1465 re
973 1423 1182 1479 praesenti
1208 1424 1391 1472 fuerunt,
1428 1421 1522 1463 libri

158 1488 272 1537 leeti3
299 1503 396 1529 mox
420 1488 607 1542 pluribus
634 1488 869 1541 legentibus
896 1501 990 1527 oum
1010 1487 1296 1541 volgarentur,
1323 1484 1376 1537 Q.
1393 1485 1523 1525 Petil-

160 1549 239 1589 11115
277 1557 443 1603 praetor
479 1550 661 1589 urbanus
700 1549 912 1590 studiosus
949 1549 1117 1602 legendi
1146 1548 1272 1588 libros
1304 1562 1375 1588 eos
1413 1562 1437 1587 a
1468 1546 1521 1586 L.

160 1611 327 1652 Petillio
359 1611 554 1666 sumpsit:
599 1619 639 1652 et
676 1619 763 1652 erat
793 1611 1008 1651 familiaris
1035 1625 1160 1659 rusus,
1203 1609 1314 1663 quod
1345 1609 1523 1649 scribam

162 1688 256 1713 eum
283 1681 477 1726 quaestor
502 1673 556 1725 Q.
576 1674 768 1714 Petillius
794 1673 836 1713 in
863 1673 1072 1713 decuriam
1097 1672 1268 1726 legerat.
1317 1670 1434 1711 lectis
1460 1685 1524 1710 re-

163 1750 254 1775 rum
293 1736 464 1776 summis
504 1750 597 1775 011111
635 1735 1015 1783 animadvertisset,
1058 1734 1254 1788 pleraque
1293 1733 1525 1773 dissolven-

164 1797 309 1836 darum
334 1797 582 1852 religionum
608 1812 720 1846 esse‚
753 1797 806 1838 L.
832 1797 999 1837 Petillio
1026 1797 1145 1844 dixit,
1182 1810 1274 1836 sese
1300 1795 1426 1835 libros
1453 1809 1523 1835 eos

163 1859 207 1898 in
230 1858 371 1913 ignem
397 1860 678 1899 coniecturum
709 1874 820 1900 esse:
859 1859 1101 1914 priusquam
1133 1858 1175 1898 id
1200 1858 1373 1905 faceret,
1412 1871 1457 1896 se
1489 1855 1526 1896 ei

164 1920 422 1974 permittere,
461 1921 538 1970 uti,
579 1921 613 1961 si
639 1922 750 1974 quod
776 1936 849 1962 seu
880 1921 944 1961 ius
971 1936 1044 1961 seu
1076 1920 1275 1960 auxilium
1302 1934 1346 1960 se
1372 1919 1526 1959 habere

166 1984 218 2023 ad
244 1998 314 2024 eos
339 1984 466 2024 libros
493 1984 740 2038 repetendos
762 1983 1036 2031 existimaret,
1063 1982 1335 2037 experiretur3
1365 1980 1444 2036 [id]
1466 1981 1528 2021 in-

167 2053 284 2099 tegra
315 2061 390 2086 sua
426 2046 560 2099 gratia
590 2061 685 2086 eum
716 2046 935 2087 facturum.
996 2045 1132 2086 scriba
1167 2045 1354 2086 tribunos
1392 2043 1527 2098 plebis

168 2108 270 2156 adit,
309 2108 360 2148 ab
387 2109 561 2149 tribunis
589 2109 641 2148 ad
667 2116 856 2149 senatum
887 2123 953 2148 res
981 2116 1044 2148 est
1067 2107 1232 2148 reiecta.
1292 2115 1457 2161 praetor
1483 2120 1526 2146 se

167 2170 230 2210 ius
256 2170 474 2210 iurandum
507 2172 604 2211 dare
641 2179 832 2225 paratum
864 2185 957 2211 esse
991 2170 1145 2217 aiebat,
1184 2169 1310 2209 libros
1343 2183 1414 2208 eos
1445 2167 1528 2221 legi

169 2232 406 2285 servarique
432 2248 515 2273 non
535 2242 737 2287 oportere.
787 2240 954 2273 senatus
977 2232 1136 2272 censuit
1157 2231 1256 2271 satis
1276 2229 1527 2278 habendum,

169 2294 279 2347 quod
300 2302 465 2348 praetor
485 2295 547 2335 ius
568 2295 789 2335 iurandum
814 2294 1076 2348 polliceretur
1085 2309 1094 2341 3
1121 2293 1247 2333 libros
1273 2292 1406 2347 primo
1428 2305 1529 2344 quo-

170 2370 250 2408 que
288 2364 472 2411 tempore
509 2357 551 2396 in
588 2357 754 2397 comitio
792 2356 1036 2397 cremandos
1079 2370 1191 2404 esse3
1240 2353 1418 2409 pretium
1454 2368 1528 2407 pro

169 2419 284 2459 libris
311 2426 510 2471 quantum
536 2418 590 2471 Q.
616 2419 782 2459 Petillio
808 2418 987 2473 praetori
1012 2418 1238 2470 maiorique
1270 2417 1377 2472 parti
1403 2416 1530 2456 tribu-

171 2496 315 2521 norum
342 2481 475 2535 plebis
496 2481 704 2521 videretur
725 2481 891 2521 domino
914 2480 1159 2520 solvendum
1179 2494 1285 2520 esse.
1333 2479 1376 2518 id
1396 2478 1531 2518 scriba

171 2559 255 2584 non
280 2543 450 2598 accepit.
512 2544 605 2585 libri
636 2543 677 2583 111
709 2543 874 2584 comitio
906 2542 1002 2597 igne
1034 2557 1057 2583 a
1082 2540 1321 2582 victimariis
1353 2540 1463 2581 facto
1487 2539 1528 2579 in

173 2614 397 2660 conspectu
423 2606 566 2661 populi
592 2605 762 2647 cremati
788 2613 896 2646 sunt.

244 2672 305 2698 Livi
325 2673 380 2699 vol.
400 2672 449 2699 111.
1265 2668 1309 2701 ‘29

1548 1436 1565 1464 9

1551 1606 1624 1649 10“

1553 1683 1587 1710 11

1556 2053 1594 2082 12

1556 2240 1595 2269 13

1559 2488 1598 2516 14
