1799 2900
471 173 624 207 LiBER
648 174 872 220 xxxvm,
897 176 1041 210 58-60.
1071 178 1118 219 [a.
1133 175 1173 212 c.
1188 175 1268 218 187]
1465 162 1539 205 37]

196 277 376 320 01111111113
401 277 546 325 fidem,
581 277 655 317 sed
685 292 736 318 ne
763 279 815 318 ad
848 294 1005 320 moram
1038 278 1204 332 quidem
1235 277 1430 332 triumphi
1456 292 1546 318 eam

196 338 501 381 accusationem
526 339 720 380 valuisse.

278 401 470 443 LVIIH.
518 401 579 441 At
615 400 781 442 hercule
813 401 856 441 in
888 400 1083 457 Scipione
1120 402 1236 456 leges
1268 401 1381 456 ipsas
1417 401 1545 456 pacis,

195 470 239 504 ut
263 462 436 503 nimium
461 462 798 504 adcommodatas
812 464 1036 513 Antiocho,
1065 470 1280 519 suspectas
1308 478 1419 504 esse:
1444 463 1550 504 inte-

195 540 314 580 grum
351 524 461 565 enim
497 525 535 566 ei
570 540 745 580 regnum
781 526 987 575 relictum3
1025 526 1164 568 onmia
1204 525 1418 580 possidere
1456 540 1549 566 eum

196 588 349 628 victum
386 601 492 640 quae
531 595 625 627 ante
660 587 817 628 bellum
855 587 941 628 eius
979 587 1149 637 fuerint3
1189 587 1276 628 auri
1313 594 1351 628 et
1389 587 1549 641 argenti

195 663 288 690 cum
313 649 397 689 vim
422 664 617 703 magnam
643 648 874 697 habuisset,
912 648 1014 689 nihil
1044 649 1087 690 in
1117 649 1329 704 publicum
1360 649 1547 698 relatum,

195 726 316 752 omne
336 711 377 750 in
391 711 597 766 privatum
613 726 792 752 versum.
829 715 902 751 ‘an
922 718 1084 765 praeter
1099 711 1283 752 omnium
1298 711 1438 752 oculos
1461 719 1550 751 tan-

196 781 282 814 tum
308 773 393 813 auri
427 773 668 827 argentique
700 773 740 813 in
773 773 980 827 triumpho
1006 773 1059 813 L.
1089 772 1316 828 Scipionis,
1351 780 1551 826 quantum

196 850 279 875 11011
304 835 447 876 decem
474 835 562 875 aliis
589 834 828 889 triumphis,
866 834 901 875 si
925 849 1046 875 omne
1071 834 1114 874 in
1144 850 1273 875 unum
1299 835 1548 882 conferatur,

196 905 259 938 est
290 897 447 937 latum?
488 912 586 937 nam
617 897 716 950 quid
751 897 802 937 dc
839 896 990 937 finibus
1026 897 1146 950 regni
1177 896 1355 937 dicam?
1399 896 1549 937 Asiam

196 974 362 1000 0111110111
404 967 444 998 01
487 958 676 1012 proxima
710 959 906 1012 Europae
949 959 1132 998 tenuisse
1168 958 1439 999 Antiochum.
1501 972 1550 998 ea

196 1029 350 1074 quanta
379 1020 494 1074 regio
525 1021 636 1061 orbis
668 1031 869 1060 terrarum
902 1020 972 1069 sit,
1006 1036 1030 1060 a
1055 1020 1194 1061 Tauro
1225 1028 1365 1061 monte
1396 1021 1439 1061 in
1463 1021 1551 1060 Ae-

195 1097 345 1137 gaeum
370 1096 499 1134 usque
523 1082 761 1136 prominens
789 1097 915 1131 mare,
943 1090 1042 1135 quot
1061 1097 1143 1122 non
1164 1083 1287 1123 urbes
1312 1083 1450 1131 modo,
1477 1082 1552 1122 sed

195 1151 340 1198 gentes
368 1143 656 1196 amplectatur,
690 1157 833 1183 omnes
860 1143 977 1183 scire.
1023 1143 1130 1183 hanc
1154 1143 1367 1197 regionem
1393 1144 1551 1183 dierum

195 1205 287 1259 plus
313 1204 482 1258 triginta
505 1204 549 1244 in
573 1204 894 1258 longitudinem,
934 1205 1078 1245 decem
1109 1204 1216 1244 inter
1241 1205 1322 1245 duo
1348 1205 1478 1245 maria
1508 1204 1551 1245 in

195 1266 453 1307 latitudinem
478 1273 689 1320 patentem
713 1280 846 1319 usque
873 1266 925 1306 ad
950 1266 1078 1307 Tauri
1105 1266 1257 1307 montis
1283 1267 1382 1320 iuga
1401 1266 1552 1307 Antio-

195 1328 272 1370 cho
300 1329 556 1382 ademptam,
584 1328 754 1382 expulso
780 1328 822 1368 in
847 1328 1038 1368 ultimum
1064 1328 1262 1383 angulum
1287 1328 1397 1370 orbis
1425 1336 1552 1369 terra-

196 1407 300 1432 rum.
345 1391 456 1444 quid,
484 1390 518 1431 si
545 1391 724 1444 gratuita
749 1406 832 1445 pax
857 1398 981 1439 esset,
1007 1390 1100 1444 plus
1127 1390 1253 1430 adimi
1279 1391 1315 1431 ei
1341 1390 1552 1445 potuisse?

196 1453 391 1508 Philippo
417 1452 525 1493 victo
550 1453 864 1501 Macedoniam,
889 1452 1042 1493 Nabidi
1068 1453 1432 1494 Lacedaemonem
1457 1453 1551 1493 reli-

197 1525 318 1563 ctam,
344 1528 421 1555 nec
440 1514 636 1566 Quinctio
663 1515 819 1555 crimen
840 1515 1093 1567 quaesitum3
1119 1530 1204 1555 non
1227 1515 1336 1555 enim
1357 1514 1552 1555 habuisse

197 1592 291 1618 eum
314 1576 563 1617 Africanum
600 1576 787 1625 fratrem3
824 1577 939 1617 cuius
978 1590 1072 1616 cum
1102 1576 1234 1630 gloria
1264 1576 1464 1631 prodesse
1495 1576 1549 1616 L.

199 1637 383 1693 Scipioni
414 1638 645 1686 debuisset,
681 1638 879 1678 invidiam
911 1638 1117 1679 nocuisse.
1178 1646 1339 1678 tantum
1371 1638 1457 1678 auri
1488 1653 1551 1678 ar-

197 1700 392 1755 gentique
416 1700 642 1740 iudicatum
668 1714 759 1739 0330
790 1699 832 1739 111
857 1700 1026 1740 domum
1051 1700 1104 1740 L.
1132 1699 1338 1754 Scipionis
1365 1699 1551 1748 inlatum,

198 1770 396 1814 quantum
422 1762 598 1802 venditis
625 1761 816 1802 omnibus
850 1761 970 1801 bonis
995 1761 1128 1816 redigi
1153 1776 1236 1802 non
1266 1769 1422 1816 posset.
1483 1761 1552 1801 ubi

199 1838 297 1878 ergo
324 1838 416 1864 esse
441 1823 603 1877 regium
630 1838 786 1872 aurum,
812 1823 882 1863 ubi
908 1830 968 1863 tot
992 1823 1242 1864 hereditates
1270 1823 1487 1877 acceptas?
1511 1822 1553 1862 in

199 1886 320 1926 domo
352 1899 477 1937 quam
509 1892 700 1939 sumptus
733 1901 816 1926 non
848 1885 1133 1934 exhauserint,
1167 1892 1331 1926 exstare
1357 1885 1552 1926 debuisse

198 1962 330 1988 novae
356 1948 545 1988 fortunae
572 1947 796 1987 cumulum.
857 1954 898 1988 at
923 1947 1033 1987 enim
1058 1947 1169 2000 quod
1194 1962 1245 1987 ex
1276 1947 1395 1988 bonis
1420 1947 1554 2001 redigi

198 2024 280 2049 non
304 2009 450 2063 possit,
477 2024 527 2049 ex
554 2023 724 2063 corpore
751 2016 791 2049 01
817 2017 932 2063 tergo
958 2024 1032 2063 per
1058 2009 1319 2049 vexationem
1344 2015 1385 2049 et
1410 2016 1554 2049 contu-

199 2070 341 2111 melias
361 2071 415 2111 L.
432 2069 639 2125 Scipionis
665 2071 866 2125 petituros
893 2070 1094 2119 inimicos,
1120 2078 1166 2110 111
1190 2070 1232 2110 111
1258 2084 1421 2110 carcere
1447 2069 1552 2110 inter

200 2132 310 2173 fures
337 2140 560 2173 nocturnos
594 2140 634 2173 et
665 2133 846 2173 latrones
879 2133 941 2172 vir
967 2132 1221 2173 clarissimus
1255 2132 1489 2172 includatur
1515 2139 1556 2172 et

200 2194 241 2234 in
265 2194 412 2235 robore
438 2202 478 2235 et
504 2194 684 2235 tenebris
711 2194 912 2248 exspiret,
945 2194 1094 2235 deinde
1126 2194 1264 2234 nudus
1296 2201 1390 2234 ante
1417 2207 1554 2234 carce-

1577 415 1588 443 l

1575 475 1592 504 2

1581 2079 1620 2108 10

199 2270 286 2296 rem
316 2256 551 2310 proiciatur.
612 2271 695 2297 non
724 2256 768 2296 id
794 2254 1014 2297 Corneliae
1045 2256 1180 2310 magis
1212 2255 1394 2296 familiae
1428 2269 1551 2308 quam
1579 2268 1615 2295 11

202 2317 291 2358 urbi
314 2318 529 2359 Romanae
554 2318 643 2359 fore
669 2318 1012 2359 erubescendum.

284 2378 387 2420 LX.
435 2379 652 2420 Adversus
680 2394 729 2420 ea
753 2379 974 2420 Terentius
1000 2385 1165 2434 praetor
1188 2378 1448 2433 rogationem
1472 2378 1553 2418 Pe-

201 2441 342 2482 tilliam
374 2448 414 2482 et
445 2448 612 2481 senatus
640 2441 874 2482 consultum
900 2448 940 2481 et
970 2441 1165 2481 iudicium
1198 2441 1248 2482 de
1275 2441 1328 2482 L.
1357 2439 1553 2494 Scipione

200 2504 354 2544 factum
390 2503 595 2544 recitavit:
634 2519 697 2552 se,
735 2504 777 2544 ni
812 2504 1015 2544 referatur
1051 2503 1229 2558 pecunia
1264 2503 1306 2543 in
1342 2502 1553 2557 publicum

200 2580 305 2618 quae
330 2565 510 2606 iudicata
536 2565 600 2615 sit,
627 2565 728 2605 nihil
753 2565 906 2606 habere
933 2566 1043 2620 quod
1067 2565 1205 2615 faciat,
1232 2565 1312 2606 nisi
1337 2573 1382 2605 ut
1405 2564 1552 2619 prendi

1580 2391 1593 2418 1

1579 2515 1597 2534 ⁸)

1581 2536 1597 2544 u

201 2628 439 2668 damnatum
477 2634 517 2668 et
552 2627 594 2668 in
630 2628 796 2668 vincula
833 2628 926 2668 duci
968 2628 1120 2668 iubeat.
1193 2627 1345 2668 tribuni
1382 2641 1474 2667 cum
1510 2627 1553 2666 111
1579 2640 1597 2668 3

1265 2693 1332 2726 24*
