1799 2900
220 140 299 181 196
511 146 664 181 LIBER
691 147 856 192 xxxv,
883 149 1013 183 91127.
1042 152 1088 193 [a.
1102 162 1134 185 u.
1151 162 1180 186 e.
1193 151 1277 195 5012]

215 251 422 305 quondam
454 249 665 304 navigium
693 275 742 279 —
769 250 916 292 deduci
948 253 1000 293 ab
1025 254 1163 307 Aegio
1194 262 1355 308 putrem
1386 254 1467 295 iam
1500 254 1572 295 ad-

172 328 187 356 7
215 313 381 354 modum
408 320 448 352 et
474 319 679 353 vetustate
701 312 951 354 dilabentem
978 315 1111 356 iussit.
1151 316 1227 356 hac
1253 324 1339 356 tum
1365 316 1572 370 praetoria

214 389 317 415 nave
337 374 611 428 praecedente
634 374 822 423 classem,
851 390 943 415 cum
964 376 1005 416 in
1027 391 1075 416 ea
1094 377 1308 418 Patrensis
1330 378 1430 418 Tiso
1452 392 1570 432 prae-

214 438 347 477 fectus
374 435 520 476 elassis
547 435 784 485 veheretur,
812 437 1081 478 obcurrerunt
1109 454 1131 478 a
1158 438 1325 492 Gytheo
1351 440 1570 479 Laeonum

169 510 188 540 8
214 513 355 538 naves.
393 505 432 538 et
452 497 584 552 primo
600 499 738 539 statim
760 499 926 540 incursu
949 500 1001 540 ad
1021 516 1171 540 novam
1186 509 1225 541 et
1246 501 1405 541 firmam
1422 517 1570 541 navem

215 568 352 608 vetus,
396 575 500 613 quae
542 575 616 614 per
654 575 697 601 se
742 561 831 615 ipsa
870 563 1062 602 omnibus
1102 564 1374 617 compagibus
1420 578 1569 616 aquam

215 622 437 677 acciperet,
465 621 629 662 divulsa
661 630 723 663 est
750 624 941 678 captique
968 640 1112 665 omnes
1140 625 1209 677 qui
1240 625 1282 664 in
1307 640 1413 665 nave
1440 636 1568 665 erant.

170 696 187 725 9
216 692 352 725 0010111
367 684 511 725 classis
527 685 852 739 praetorianam
869 687 1021 727 amissa
1037 696 1236 740 quantum
1246 702 1431 740 quaeque
1446 689 1569 728 remis

215 747 343 786 valuit
365 747 573 800 sugerunt.
600 746 689 801 ipse
704 747 1005 802 Philopoemen
1019 749 1061 788 in
1080 749 1161 789 levi
1177 749 1452 803 speculatoria
1464 765 1570 791 nave

214 808 322 862 sugit
346 823 422 849 nec
449 816 543 849 ante
569 808 694 863 fugae
719 810 845 849 finem
867 824 990 862 quam
1008 811 1158 851 Patras
1185 818 1355 851 ventum
1377 819 1441 851 est
1461 811 1570 852 fecit.

152 881 190 911 10
217 870 317 910 nihil
343 885 392 910 ea
416 885 482 911 res
503 870 687 910 animum
709 871 897 912 militaris
924 872 999 912 viri
1026 880 1065 913 et
1091 872 1242 913 multos
1271 872 1429 926 experti
1449 886 1570 913 casus

215 932 417 972 inminuit.
450 932 549 985 quin
569 939 724 981 contra,
753 933 787 972 si
812 932 854 973 in
873 948 916 974 10
937 934 1087 983 navali,
1115 934 1230 974 euius
1258 944 1369 974 esset
1388 934 1571 988 ignarus,

215 994 486 1042 obfendisset‚
507 1009 556 1034 eo
577 994 669 1048 plus
692 994 733 1034 in
755 1009 803 1034 ea
824 1009 998 1048 quorum
1019 1010 1097 1035 usu
1119 996 1285 1036 calleret
1301 996 1389 1050 spei
1410 1003 1570 1045 nactus,

217 1056 340 1096 breve
366 1055 407 1095 id
433 1063 608 1109 tyranno
634 1057 833 1110 gaudium
859 1072 903 1097 se
930 1058 1173 1098 effecturum
1200 1058 1458 1098 adfirmabat.

174 1131 188 1159 1
301 1116 500 1159 XXVII.
548 1118 678 1158 Nabis
712 1133 805 1158 cum
837 1134 1037 1173 prospera
1068 1135 1112 1160 re
1144 1120 1296 1169 elatus,
1335 1127 1422 1160 tum
1455 1134 1571 1174 spem

217 1179 340 1220 etiam
366 1179 477 1219 haud
498 1179 665 1219 dubiam
691 1188 836 1220 nactus
864 1181 964 1220 nihil
988 1181 1070 1220 iam
1096 1196 1120 1220 a
1145 1181 1246 1221 mari
1272 1181 1443 1235 periculi
1469 1182 1570 1229 fore,

172 1254 190 1283 2
218 1248 258 1282 01
289 1249 503 1281 terrestres
536 1241 670 1281 aditus
709 1242 901 1282 claudere
932 1251 1133 1296 oportune
1171 1243 1317 1297 positis
1353 1243 1570 1297 praesidiis

217 1303 358 1344 voluit.
397 1302 517 1342 tertia
541 1311 657 1356 parte
679 1304 888 1357 copiarum
916 1305 967 1343 ab
988 1304 1202 1345 obsidione
1219 1304 1374 1358 Gythei
1395 1305 1573 1344 abducta

172 1381 190 1410 3
220 1367 272 1407 ad
296 1365 435 1405 Pleias
467 1365 605 1419 posuit
633 1363 821 1420 [castra]
882 1365 1053 1406 inminet
1079 1367 1114 1406 is
1145 1366 1260 1407 locus
1287 1375 1327 1407 et
1352 1366 1506 1407 Leucis
1533 1374 1572 1406 et

222 1430 362 1475 Acris,
394 1441 475 1479 qua
503 1427 747 1467 videbantur
781 1427 920 1468 hostes
948 1429 1173 1468 exercitum
1199 1429 1416 1469 admoturi.
1479 1443 1572 1468 011111

216 1489 273 1530 ibi
300 1489 451 1529 stativa
476 1495 634 1537 essent,
668 1489 788 1543 pauci
813 1490 1081 1530 tabernacula
1115 1490 1327 1538 haberent,
1353 1490 1573 1530 multitudo

216 1551 297 1591 111111
321 1565 439 1590 casas
466 1565 518 1590 ex
544 1551 743 1590 arundine
764 1558 895 1591 textas
922 1551 1081 1600 fronde,
1111 1566 1215 1604 quae
1238 1553 1425 1592 umbram
1450 1552 1573 1593 modo

171 1627 190 1655 4
216 1613 451 1668 praeberet,
495 1612 715 1661 texissent,
759 1613 1001 1667 priusquam
1044 1613 1085 1653 in
1131 1622 1398 1668 conspectum
1443 1613 1573 1655 hostis

218 1674 378 1715 veniret
406 1673 729 1728 Philopoemen,
767 1675 1085 1729 necopinantem
1124 1690 1217 1716 011111
1255 1675 1466 1730 inproviso
1502 1690 1574 1730 ge-

173 1753 190 1781 5
217 1751 314 1777 11010
339 1735 438 1776 belli
463 1736 637 1789 adgredi
663 1736 818 1776 statuit.
858 1736 1026 1791 navigia
1050 1752 1180 1792 parva
1199 1737 1240 1777 in
1262 1739 1481 1778 stationem
1506 1752 1575 1778 oc-

219 1799 372 1839 cultam
410 1798 499 1852 agri
534 1798 685 1852 Argivi
723 1799 946 1840 contraxit:
991 1799 1033 1839 in
1070 1814 1118 1839 ea
1153 1800 1370 1854 expeditos
1408 1799 1573 1848 milites,

218 1868 395 1901 cetratos
422 1861 662 1915 plerosque,
694 1875 788 1901 011111
814 1862 953 1901 fundis
979 1870 1019 1902 ct.
1050 1861 1194 1902 iaculis
1221 1870 1260 1902 et
1292 1863 1371 1903 alio
1396 1862 1478 1903 levi
1503 1877 1575 1916 ge-

175 1937 193 1967 ss
218 1938 315 1963 nere
353 1931 584 1963 armaturae
626 1923 821 1978 inposuit.
893 1924 988 1964 inde
1036 1924 1156 1965 litora
1197 1925 1341 1978 legens
1385 1939 1479 1964 cum
1522 1925 1573 1964 ad

217 1985 495 2040 111011111111111111
509 1985 654 2026 eastris
670 1985 851 2026 hostium
871 1986 1202 2040 promunturium
1217 1987 1412 2035 venisset,
1433 2001 1574 2039 egres—

219 2063 288 2088 sus
310 2048 482 2088 callibus
502 2047 609 2088 notis
632 2055 752 2088 nocte
768 2048 907 2088 Pleias
933 2049 1120 2102 pervenit
1136 2056 1188 2096 et,
1211 2048 1355 2102 sopitis
1376 2048 1573 2102 vigilibus

218 2118 262 2149 ut
288 2109 329 2149 in
360 2109 473 2150 nullo
506 2109 738 2164 propinquo
769 2117 899 2159 metu,
938 2110 1077 2164 ignem
1104 2110 1210 2150 casis
1237 2111 1288 2150 ab
1321 2110 1433 2150 0111111
1457 2117 1573 2164 parte

177 2187 192 2215 7
220 2180 449 2211 castrorum
485 2171 637 2212 iniecit.
697 2172 815 2211 multi
852 2171 966 2226 prius
1003 2172 1194 2212 incendio
1231 2172 1442 2226 absumpti
1480 2179 1575 2211 sunt

220 2248 342 2285 quam
368 2233 547 2274 hostium
581 2234 803 2274 adventum
830 2234 1047 2282 sentirent,
1081 2242 1121 2274 et
1146 2234 1214 2287 qui
1243 2241 1457 2274 senserant
1485 2234 1576 2274 nul-

176 2309 195 2338 S
221 2295 303 2334 lam
329 2310 451 2349 opem
482 2296 590 2336 ferre
621 2303 855 2350 potuerunt.
917 2296 1026 2336 ferro
1057 2296 1305 2349 flammaque
1332 2296 1470 2337 omnia
1504 2296 1575 2336 ab·-

221 2366 403 2411 sumpta3
441 2358 639 2412 perpauci
670 2373 721 2398 ex
754 2366 837 2398 111111
870 2358 1037 2412 ancipiti
1068 2366 1184 2413 peste
1217 2359 1270 2399 ad
1296 2358 1509 2412 Gytheum
1532 2357 1574 2397 111

175 2427 192 2455 0
222 2419 377 2459 maiora
408 2429 542 2460 eastra
573 2420 858 2475 perfugerunt.
919 2420 975 2461 ita
1000 2421 1200 2475 perculsis
1235 2421 1443 2469 hostibus,
1474 2420 1576 2461 Phi-

221 2479 437 2533 lopoemen
474 2483 661 2535 protinus
696 2483 749 2522 ad
785 2483 1119 2537 depopulandam
1146 2483 1347 2537 Tripolim
1374 2481 1575 2523 Laconici

139 2557 199 2585 ,10
225 2541 330 2594 agri,
358 2542 425 2593 (1111
452 2544 663 2596 proximus
695 2545 819 2585 finem
844 2545 1239 2598 BIegalopolitarum
1265 2553 1346 2593 est,
1374 2543 1508 2592 duxit,
1535 2550 1575 2582 et

224 2619 375 2657 magna
400 2603 438 2643 vi
471 2619 666 2657 pecorum
699 2606 992 2660 hominumque
1017 2607 1112 2646 inde
1139 2607 1309 2660 abrepta
1334 2606 1572 2660 priusquam
