1799 2900
366 79 519 114 LIBER
544 80 788 126 XXXVIIII,
814 81 940 116 4145.
970 64 1257 125 [5.e.1s4.183]
1409 73 1491 114 413
1530 104 1540 112 .

141 191 279 227 essent
305 183 622 224 aestimarentur
647 191 688 224 et
719 184 782 225 his
808 185 932 225 rebus
960 185 1150 226 omnibus
1177 185 1280 225 terni
1312 185 1355 225 in
1378 184 1491 225 milia

139 245 245 288 aeris
277 246 620 286 adtribuerentur.
681 261 830 299 aquam
860 247 1067 301 publicam
1094 262 1258 288 omnem
1282 247 1324 287 in
1354 246 1488 302 priva-

140 320 225 348 tum
252 307 483 348 aedificium
516 316 586 347 aut
617 323 764 361 agrum
795 309 991 349 fluentem
1022 310 1282 358 ademerunt,
1321 316 1361 350 et
1386 324 1490 362 quae

139 371 181 410 in
212 370 303 411 loca
333 369 499 424 publica
530 369 793 410 inaedificata
822 370 1060 412 inmolitave
1096 368 1246 425 privati
1282 371 1492 411 habebant

140 432 246 472 intra
271 432 358 472 dies
391 431 560 486 triginta
587 432 770 473 demoliti
801 439 908 473 sunt.
969 448 1096 487 opera
1120 433 1268 473 deinde
1301 432 1491 473 facienda

140 509 191 535 ex
217 494 383 534 decreta
414 493 456 533 in
483 508 573 534 eam
599 509 686 534 rem
710 495 904 548 pecunia,
941 495 1055 535 lacus
1083 495 1327 535 sternendos
1354 494 1490 548 lapide

140 556 499 610 detergendasque
531 570 612 609 qua
644 571 747 611 opus
781 564 892 597 esset
923 557 1104 605 cloacas,
1143 557 1184 596 in
1207 556 1420 596 Aventino
1453 562 1493 596 et

139 618 180 658 in
206 618 295 659 aliis
322 619 509 672 partibus
536 634 617 671 qua
642 619 825 659 nondum
853 627 969 659 erant
994 620 1205 660 faciendas
1237 619 1490 660 locaverunt.

140 689 179 720 et
206 681 430 734 separatim
453 680 630 721 Flaccus
662 680 814 721 molem
841 681 892 720 ad
916 681 1146 735 Neptunias
1174 696 1321 734 aquas,
1347 687 1392 720 ut
1416 680 1493 720 iter

139 743 292 796 populo
331 749 459 790 esset,
504 750 544 782 et
580 743 689 782 viam
726 758 799 796 per
833 743 1102 783 Formianum
1143 750 1345 791 montem,
1384 740 1490 783 Cato

141 804 244 844 atria
274 804 355 844 duo
388 804 606 844 Maenium
638 811 678 844 et
708 803 865 844 Titium
902 804 944 844 in
980 804 1191 844 lautumiis
1230 810 1270 844 ct
1302 810 1495 857 quattuor

140 866 334 906 tabernas
366 866 409 905 in
440 866 651 920 publicum
682 866 781 907 emit
810 866 1107 919 basilicamque
1139 866 1195 906 ibi
1232 865 1350 914 fecit,
1388 879 1493 918 quae

139 929 290 969 Porcia
316 929 522 983 adpellata
547 935 622 969 est.
683 936 724 969 et
749 929 968 982 vectigalia
994 929 1165 969 summis
1191 928 1353 983 pretiis,
1386 928 1493 968 ultro

140 990 291 1029 tributa
316 990 466 1030 intimis
498 991 750 1031 locaverunt.
811 1005 913 1043 quas
943 990 1169 1031 locationes
1197 1004 1290 1029 cum
1323 997 1492 1030 senatus

139 1051 331 1105 precibus
359 1059 399 1091 et
424 1052 603 1091 lacrimis
630 1052 762 1091 vietus
788 1052 1102 1106 publicanorum
1127 1051 1267 1091 induci
1291 1058 1331 1091 et
1356 1051 1406 1091 de
1431 1050 1494 1090 in-

140 1121 257 1167 tegro
288 1113 415 1152 locari
444 1113 653 1161 iussisset,
687 1127 880 1153 censores
907 1113 1041 1153 edicto
1068 1113 1270 1154 submotis
1297 1113 1349 1152 ab
1374 1112 1495 1152 hasta

141 1174 209 1227 qui
234 1174 431 1214 ludificati
456 1174 635 1229 priorem
660 1174 908 1215 locationem
933 1181 1047 1214 erant
1068 1174 1206 1214 omnia
1225 1174 1370 1214 eadem
1394 1188 1496 1228 pau-

141 1237 270 1277 lulum
300 1236 513 1276 inminutis
545 1237 687 1290 pretiis
719 1237 972 1277 locaverunt.
1033 1236 1182 1277 nobilis
1214 1250 1389 1276 censura
1419 1236 1496 1275 fuit

142 1298 493 1351 simultatiumque
518 1299 654 1353 plena,
682 1313 786 1351 quae
810 1298 873 1338 M.
894 1298 1102 1347 Porcium,
1130 1297 1193 1337 cui
1219 1298 1421 1338 acerbitas
1449 1312 1497 1338 ea

142 1360 450 1414 adsignabatur,
476 1375 549 1414 per
574 1375 736 1400 omnem
765 1360 890 1400 vitam
916 1367 1201 1400 exercuerunt.

225 1423 388 1462 Eodem
415 1437 521 1462 anno
548 1422 733 1462 coloniae
759 1422 878 1469 duae,
903 1422 1098 1462 Potentia
1122 1422 1164 1462 in
1183 1421 1398 1469 Picenum,
1424 1419 1496 1460 Pi-

144 1499 308 1524 saurum
336 1484 377 1523 in
404 1484 611 1524 Gallicum
636 1499 801 1538 agrum,
834 1484 1034 1524 deductae
1061 1490 1169 1524 sunt.
1231 1498 1331 1524 sena
1354 1482 1499 1536 iugera

142 1546 184 1585 in
211 1545 396 1599 singulos
424 1545 532 1586 data.
594 1545 822 1585 diviserunt
854 1561 999 1599 agrum
1025 1546 1290 1597 coloniasque
1316 1544 1499 1584 deduxe-

141 1615 236 1647 runt
261 1607 385 1647 iidem
410 1613 493 1647 tres
520 1607 608 1656 viri,
636 1606 688 1658 Q
708 1607 865 1647 Fabius
892 1608 1037 1647 Labeo
1064 1615 1104 1647 et
1127 1607 1189 1647 M.
1212 1613 1252 1646 et
1272 1606 1325 1657 Q.
1347 1605 1498 1653 Fulvii,

141 1670 318 1709 Flaccus
352 1676 392 1709 et
415 1669 614 1710 Nobilior.
676 1669 866 1710 consules
905 1669 992 1710 cius
1031 1668 1127 1709 anni
1162 1683 1238 1709 nee
1274 1667 1385 1709 domi
1421 1681 1498 1707 nec

143 1731 313 1771 militiae
339 1731 605 1771 memorabile
631 1731 852 1784 quiequam
878 1738 1064 1786 egerunt.

228 1792 477 1835 XXXXV.
526 1794 577 1833 In
603 1793 888 1846 insequentem
915 1809 1067 1833 annum
1093 1798 1282 1833 crearunt
1308 1791 1498 1833 eonsules

144 1855 205 1895 M.
234 1854 457 1895 Claudium
481 1855 743 1903 BIarcellum,
771 1855 824 1906 Q.
849 1855 1028 1896 Fabium
1054 1855 1311 1895 Labeonem.

228 1917 292 1958 M.
321 1916 541 1966 Claudius,
569 1917 622 1969 Q.
648 1918 804 1958 Fabius
832 1918 968 1958 idibus
994 1917 1180 1966 issartiis,
1208 1931 1288 1969 (1110
1313 1915 1378 1956 die
1405 1930 1501 1956 con-

145 1979 324 2020 sulatum
348 1980 545 2029 inierunt,
585 1980 635 2020 de
661 1980 882 2034 provinciis
915 1980 1000 2020 suis
1031 1987 1349 2034 praetorumque
1374 1984 1501 2018 rettu-

145 2042 291 2082 lerunt.
351 2049 562 2096 praetores
589 2042 715 2082 creati
740 2049 856 2082 erant
881 2041 931 2083 C.
952 2042 1144 2085 Valerius
1176 2041 1327 2081 flamen
1351 2039 1501 2087 Dialis,

147 2103 215 2155 qui
241 2111 281 2143 et
306 2103 440 2157 priore
466 2119 572 2144 anno
598 2104 790 2158 petierat,
824 2111 861 2144 et
891 2103 964 2158 Sp.
989 2103 1230 2144 Postumius
1257 2102 1435 2142 Albinus
1463 2107 1502 2140 et

146 2165 194 2205 P.
219 2164 438 2205 Cornelius
462 2164 659 2215 Sisenna,
686 2166 739 2207 L.
758 2166 939 2220 Pupius,
965 2166 1018 2206 L.
1040 2165 1184 2213 Iulius,
1212 2163 1290 2204 Cn.
1308 2162 1501 2203 Sicinius.

149 2226 386 2266 consulibus
402 2226 581 2280 Ligures
609 2242 702 2267 eum
726 2227 873 2267 iisdem
899 2227 1166 2275 exercitibus,
1193 2240 1295 2278 quos
1309 2225 1359 2265 P.
1376 2223 1502 2265 Clau-

1520 753 1535 780 «l

1525 1433 1536 1461 1
1544 1432 1562 1457 (Ἰ

1527 1679 1561 1706 11

1527 2050 1544 2078 10

149 2287 259 2336 dius,
297 2287 350 2328 L.
376 2288 550 2328 Porcius
577 2288 824 2337 habuerant,
855 2289 1068 2343 provincia
1094 2288 1258 2328 decreta
1288 2294 1363 2327 est.
1423 2285 1502 2325 Hi-
1527 2298 1546 2326 4

149 2349 318 2403 spaniae
348 2357 465 2389 extra
497 2356 650 2390 sortem
670 2350 826 2404 ,prioris
859 2350 954 2389 anni
985 2349 1243 2404 praetoribus
1285 2362 1378 2388 cum
1416 2347 1500 2387 suis

148 2411 393 2451 exercitibus
426 2417 626 2451 servatae.
687 2418 898 2465 praetores
931 2411 987 2451 ita
1018 2411 1153 2451 sortiri
1185 2410 1305 2458 iussi,
1342 2409 1401 2450 uti
1430 2409 1503 2450 fla-

147 2472 247 2512 mini
276 2473 392 2513 Diali
427 2473 569 2526 utique
601 2473 730 2513 altera
766 2473 865 2513 iuris
903 2473 1066 2514 dicendi
1096 2473 1255 2513 Romae
1291 2472 1504 2527 provincia

148 2543 276 2584 esset3
302 2535 563 2590 peregrinam
584 2543 646 2576 est
666 2535 847 2576 sortitus.
899 2534 1100 2576 Sisennae
1117 2533 1311 2575 Cornelio
1332 2535 1502 2583 urbana,

1529 2549 1546 2578 ὃ
