1799 2900
472 143 625 178 11113Εο
649 144 859 188 xxxnn,
884 145 938 178 27.
959 144 1012 178 28.
1041 146 1089 187 [a.
1105 143 1145 180 c.
1159 144 1241 188 195]
1458 132 1536 174 147

185 247 324 296 vellet,
368 254 408 288 et
450 248 597 287 urbem
640 247 871 300 relinquere
914 255 997 288 tam
1036 246 1252 303 suspensis
1289 253 1330 288 et
1372 245 1539 287 incertis

183 310 366 352 omnium
392 309 539 349 animis
566 317 768 350 metuens.

266 371 488 413 XXVIII.
541 370 762 422 Quinctius
796 372 896 412 satis
929 371 1011 413 iam
1037 371 1227 413 omnibus
1259 371 1414 426 paratis
1445 386 1540 426 pro-

183 433 316 474 fectus
343 433 394 473 ab
421 433 582 473 stativis
610 433 675 473 die
702 434 831 474 altero
858 434 909 473 ad
936 432 1158 474 Sellasiam
1191 449 1315 488 super
1342 433 1540 475 Oenunta

183 496 353 536 fluvium
377 495 579 550 pervenit,
606 510 686 548 quo
712 495 754 535 in
778 496 868 537 loeo
893 496 1133 550 Antigonus
1160 496 1442 537 Macedonum
1466 511 1539 536 rex

184 572 277 598 cum
299 557 526 599 Cleomene
547 558 981 598 Lacedaemoniorum
1007 566 1182 611 tyranno
1210 558 1339 612 signis
1366 558 1538 599 conlatis

183 619 403 661 dimicasse
430 620 656 661 dicebatur.
717 620 812 660 inde
846 634 939 660 cum
965 620 1150 661 audisset
1181 620 1429 661 descensum
1461 620 1540 660 dif-

182 681 300 722 ficilis
328 689 368 722 et
395 689 507 722 artae
534 682 626 723 viae
653 697 764 731 esse,
797 682 913 722 brevi
943 698 1017 737 per
1047 682 1198 723 montis
1226 682 1397 722 circuitu
1421 698 1541 737 prae—

184 743 320 783 missis
353 743 423 796 qui
455 744 666 784 munirent
691 744 818 793 viam,
845 744 928 785 lato
955 744 1054 784 satis
1081 751 1122 784 et
1145 744 1303 799 patenti
1332 744 1461 785 limite
1487 745 1539 784 ad

181 805 384 845 Eurotam
410 820 575 846 amnem
602 806 677 846 sub
703 806 804 860 ipsis
831 821 959 860 prope
984 806 1179 846 fluentem
1205 806 1421 847 moenibus
1447 821 1540 861 per-

182 866 306 906 venit.
355 867 426 907 ubi
452 875 587 908 castra
612 867 806 908 metantis
821 868 1034 908 Romanos
1051 867 1376 921 Quinctiumque
1401 868 1539 922 ipsum

182 942 275 967 011111
318 929 523 981 equitibus
567 937 690 982 atque
734 929 937 984 expeditis
980 945 1273 984 praegressum
1317 930 1537 971 auxiliares

181 990 345 1042 tyranni
370 990 503 1031 adorti
528 990 571 1030 in
602 999 799 1031 terrorem
826 1005 873 1031 ac
900 991 1120 1031 tumultum
1148 991 1413 1032 coniecerunt
1436 991 1538 1032 nihil

181 1053 262 1093 tale
288 1054 564 1107 expectantis,
592 1053 687 1106 quia
711 1068 833 1094 nemo
865 1053 913 1093 iis
940 1054 1088 1094 obvius
1122 1060 1207 1094 toto
1233 1053 1377 1094 itinere
1403 1054 1538 1095 fuerat

180 1129 228 1155 ac
259 1115 372 1155 velut
400 1123 548 1169 pacato
581 1130 681 1169 agro
713 1115 975 1155 transierant.
1042 1114 1296 1167 aliquamdiu
1327 1115 1535 1170 peditibus

179 1177 356 1229 equites,
394 1178 602 1230 equitibus
634 1177 795 1232 pedites
822 1177 1085 1224 vocantibus,
1125 1191 1220 1217 011111
1250 1177 1292 1216 111
1319 1192 1363 1218 50
1390 1178 1537 1230 cuique

178 1239 393 1278 minimum
428 1239 603 1280 fiduciae
641 1246 771 1287 esset,
810 1239 1059 1293 trepidatum
1097 1246 1178 1279 est:
1217 1239 1386 1279 tandem
1418 1239 1539 1293 signa

177 1300 387 1355 legionum
414 1308 759 1356 supervenerunt3
787 1309 845 1350 et,
873 1316 966 1341 culn
991 1300 1112 1355 primi
1139 1301 1316 1355 agminis
1344 1301 1535 1342 cohortes

177 1361 369 1403 inductae
405 1362 448 1402 in
484 1363 687 1417 proelium
723 1370 882 1411 essent,
919 1363 989 1416 qui
1026 1363 1149 1404 modo
1181 1363 1327 1403 terrori
1358 1363 1534 1412 fuerant,

179 1424 433 1478 trepidantes
465 1425 507 1465 in
538 1426 683 1466 urbem
716 1425 918 1480 compulsi
951 1432 1058 1465 sunt.
1117 1425 1299 1467 Romani
1325 1440 1418 1466 cum
1445 1433 1535 1466 tan-

180 1492 267 1525 tum
293 1501 317 1525 a
342 1501 458 1526 muro
483 1486 774 1535 recessissent,
801 1494 847 1527 ut
872 1495 990 1528 extra
1014 1487 1141 1527 ictum
1168 1487 1237 1528 teli
1263 1496 1422 1537 essent,
1451 1488 1537 1529 acie

179 1547 345 1588 derecta
386 1549 597 1602 paulisper
640 1556 855 1591 steterunt.
926 1556 1148 1604 postquam
1191 1564 1313 1590 nemo
1356 1549 1538 1590 hostium

178 1616 320 1649 contra
346 1610 497 1658 exibat,
524 1610 735 1650 redierunt.
759 1611 802 1650 in
828 1617 976 1650 castra.
1026 1619 1194 1664 postero
1221 1611 1286 1651 die
1313 1610 1534 1662 Quinctius

178 1685 306 1724 prope
343 1671 497 1711 fiumen
534 1679 697 1726 praeter
733 1673 878 1713 urbem
911 1673 988 1712 sub
1018 1672 1133 1727 ipsas
1165 1673 1351 1713 hIenelai
1383 1674 1535 1713 montis

177 1733 337 1773 radices
364 1733 513 1774 ducere
541 1733 680 1788 copias
706 1733 928 1774 instructas
960 1734 1108 1788 pergit.
1167 1734 1324 1788 primae
1350 1734 1536 1789 legiona-

176 1793 261 1834 riae
288 1794 476 1835 cohortes
503 1795 636 1843 ibant,
669 1795 772 1836 levis
799 1803 1007 1836 armatura
1032 1803 1072 1836 et
1104 1796 1264 1848 equites
1291 1812 1442 1851 agmen
1468 1811 1536 1838 eo-

176 1856 344 1909 gebant.
403 1857 533 1897 Nabis
565 1857 673 1897 intra
708 1873 871 1897 murum
904 1857 1126 1898 instructos
1167 1866 1419 1912 paratosque
1458 1859 1534 1899 sub

178 1917 307 1970 signis
351 1918 533 1959 habebat
572 1920 877 1960 mercennarios
914 1920 1085 1969 milites,
1134 1919 1176 1960 in
1214 1920 1363 1973 quibus
1402 1920 1535 1961 omnis

176 1979 326 2020 fiducia
352 1988 456 2029 erat,
494 1988 539 2021 ut
565 1982 615 2021 ab
642 1990 758 2035 tergo
785 1982 1092 2036 adgrederetur.
1153 1990 1374 2036 postquam
1401 1992 1534 2023 extre-

175 2056 289 2081 mum
315 2057 464 2096 agmen
490 2043 713 2096 praeteriit,
741 2051 827 2083 tum
854 2045 905 2084 ab
931 2043 1097 2097 oppido,
1125 2044 1271 2084 eodem
1297 2058 1377 2096 quo
1402 2043 1534 2098 pridie

176 2113 397 2157 eruperant
428 2105 623 2154 tumultu,
660 2105 846 2160 pluribus
881 2105 1001 2146 simul
1027 2106 1128 2147 locis
1155 2112 1388 2159 erumpunt.
1448 2106 1532 2159 Ap.

178 2163 379 2205 Claudius
407 2181 557 2220 agmen
583 2168 760 2220 cogebat
770 2184 779 2216 3
813 2167 882 2220 qui
909 2167 960 2207 ad
986 2167 1046 2215 id,
1079 2167 1190 2221 quod
1223 2167 1407 2208 futurum
1432 2174 1532 2215 erat,

176 2241 227 2265 ne
253 2226 510 2280 inopinatum
532 2228 748 2277 accideret,
776 2229 1032 2283 praeparatis
1055 2244 1224 2270 suorum
1244 2229 1391 2269 animis
1414 2229 1534 2284 signa

177 2289 383 2342 extemplo
406 2290 608 2329 convertit
628 2299 842 2343 totumque
863 2291 904 2331 in
925 2291 1088 2331 hostem
1108 2306 1258 2345 agmen
1279 2291 1531 2345 circumegit.

176 2349 314 2402 itaque
336 2350 449 2390 velut
474 2360 609 2391 rectae
631 2351 739 2392 acies
761 2353 1078 2401 concurrissent,
1104 2353 1259 2393 iustum
1281 2353 1531 2406 aliquamdiu

176 2411 378 2465 proelium
404 2412 494 2452 fuit.
556 2414 723 2453 tandem
747 2415 920 2455 Nabidis
947 2415 1097 2455 milites
1125 2414 1167 2454 in
1192 2415 1337 2468 fugam
1361 2414 1532 2455 inclina-

175 2481 282 2514 runt.
344 2489 448 2527 quae
480 2474 614 2515 minus
644 2473 814 2530 [effusa]
844 2491 890 2516 ac
922 2476 1082 2530 trepida
1107 2476 1272 2525 fuisset,
1304 2476 1345 2516 ni
1370 2475 1533 2517 Achaei

175 2535 359 2575 locorum
395 2537 619 2590 prudentes
656 2536 915 2578 institissent.
976 2537 1004 2577 ii
1041 2546 1081 2578 et
1113 2538 1282 2579 eaedem
1318 2538 1531 2593 ingentem

176 2597 412 2647 ediderunt,
461 2606 501 2639 et
546 2598 756 2654 dispersos
799 2600 956 2654 passim
999 2600 1100 2655 fuga
1141 2600 1360 2655 plerosque
1404 2599 1529 2642 armis

1242 2667 1309 2700 10*

1566 630 1584 659 2

1563 1311 1581 1340 5

1562 1435 1580 1464 6

1563 1622 1579 1649 7

1561 1867 1580 1897 8

1561 1993 1579 2022 9

1562 2119 1602 2147 10

1560 2365 1596 2394 11
